3382 5206
723 579 770 627 D}
796 579 962 629 Rollin-¹
1042 590 1045 597 ·

332 702 362 737 m
384 684 487 738 numeri
507 683 647 753 ringuiaria
671 684 730 739 -ior-
749 684 826 740 litte-

334 774 371 826 τίς
396 773 577 829 definiuntur.
598 784 623 825 et
642 791 695 826 non
717 791 749 826 ex
776 771 820 825 iiio

332 862 463 935 positione
479 861 597 926 formae,
624 880 694 932 quae
715 880 746 914 er
773 880 819 928 ge·

331 969 391 1004 nere
417 950 561 1004 masculino
585 950 751 1003 nominativo
776 966 821 1000 oa-

327 1058 358 1092 arr
378 1039 480 1092 numeri
503 1039 644 1106 singularis
665 1056 713 1091 ·er·
741 1038 820 1090 litte·

331 1129 367 1181 ria
384 1129 548 1182 definiuntur
562 1126 652 1180 venire
667 1127 822 1194 inteiieguu·

331 1229 395 1275 tur.
419 1217 448 1270 hi
475 1217 576 1285 generis
599 1215 743 1269 communia
766 1233 824 1269 esse

329 1306 513 1378 repperiuntur
540 1316 571 1357 ut
598 1315 681 1375 puta.
705 1305 750 1357 hic
774 1305 821 1357 ni-

326 1412 386 1460 ger.
404 1393 484 1447 huius
501 1391 649 1460 nigri-hic
661 1400 689 1444 et
704 1391 768 1443 hoec
781 1390 818 1444 ni·

329 1480 422 1548 grior-
437 1478 522 1532 iacere
538 1477 661 1532 debeant·
683 1478 751 1529 sane
770 1477 820 1530 hoc

329 1586 462 1622 monemus
474 1605 480 1625 .
494 1567 566 1637 qood
577 1568 603 1620 in
616 1568 666 1621 hoe
679 1576 821 1637 praecepto

331 1657 386 1710 aiot
418 1656 502 1727 aliqui
526 1655 647 1724 quinque
671 1655 749 1711 roni.
772 1653 819 1723 qui

330 1762 379 1796 ·or·
388 1742 485 1795 litteris
493 1753 552 1813 port
560 1752 745 1794 consonantem
754 1738 821 1792 ded-

330 1833 438 1885 niantur
448 1869 455 1888 ,
465 1841 569 1901 utputa
581 1865 589 1886 .
601 1830 703 1887 minor,
719 1838 746 1881 et
754 1838 820 1881 ccto·

329 1938 358 1972 rr
372 1920 447 1973 talia.
459 1920 536 1985 Numa
544 1920 609 1971 haee
621 1918 711 1971 eadem
723 1933 819 1987 sapra-

329 2010 396 2062 dicti
415 2010 518 2075 generis
541 2006 661 2064 nomina.
682 2022 756 2074 quae
773 2002 818 2057 di-

329 2095 434 2153 ximus.
459 2096 486 2147 in
502 2093 656 2165 supradicto
674 2092 757 2159 gradu
775 2111 820 2145 no·

329 2182 456 2235 minativo
476 2199 538 2233 caru
558 2180 659 2232 numeri
676 2179 818 2247 singularia

326 2268 488 2338 supradietis
512 2266 610 2320 litteris
638 2263 766 2321 definiri.
791 2264 819 2319 ia

327 2357 449 2422 genetivo
468 2373 532 2408 earu
556 2354 657 2408 numeri
677 2340 819 2420 aio'guiaria

328 2460 378 2495 ua·
395 2441 523 2510 syllabam
540 2442 676 2513 accipiunt
692 2475 701 2498 .
717 2450 745 2493 et
767 2457 819 2493 non

328 2542 433 2585 tanturn
470 2531 677 2600 comparativum
707 2529 817 2598 gradum

328 2616 428 2685 generis
447 2615 552 2673 neutri.
570 2617 617 2668 aed
635 2625 663 2669 et
681 2613 817 2668 adverbio

331 2723 388 2756 rum
418 2704 587 2756 ostendunt·
620 2703 722 2755 seilicet
746 2720 817 2772 quo-

329 2794 400 2844 niam
411 2793 571 2862 quicumque
581 2792 751 2861 comparativi
763 2809 817 2858 gra·

329 2879 378 2932 dua
396 2880 559 2933 nominativo
572 2896 634 2931 casu
648 2879 748 2930 numeri
764 2878 817 2930 sin·

329 2970 426 3033 guiaria
447 2971 509 3022 ·iua·
522 2966 619 3020 litteris
635 2965 815 3022 definiuntur,

329 3056 358 3108 iri
374 3076 426 3110 noo
455 3067 558 3108 tantum
580 3053 680 3121 generis
708 3054 815 3109 neutri.

328 3147 372 3199 red
391 3158 418 3200 rt
437 3144 621 3198 adverbiorum
646 3161 701 3196 esse
721 3160 814 3214 reppe-

328 3235 454 3290 riuntur,
478 3245 510 3285 ut
533 3245 597 3304 puta
619 3262 631 3276 ι
650 3230 694 3282 hio
717 3232 813 3297 niger3

328 3322 407 3373 liuius
433 3322 502 3388 nigri
521 3357 528 3377 .
557 3320 658 3388 nigrius
674 3350 690 3362 -
708 3320 814 3388 utrique

327 3410 495 3480 respondeat.
535 3408 585 3461 Sed
613 3421 677 3461 tuuc
706 3408 736 3460 hi
769 3427 814 3474 ge-

328 3497 397 3548 neris
426 3494 513 3548 nentri
533 3512 587 3547 cuae
610 3495 815 3564 repperiuntur.

326 3582 434 3651 quondo
454 3580 593 3648 generibus
620 3583 721 3635 neutris
741 3583 815 3650 iungi

331 3670 519 3726 inveniuntur,
540 3681 571 3722 ut
593 3682 658 3740 puta
679 3698 695 3710 -
714 3670 816 3736 nigrius

326 3757 483 3810 officium-·
503 3759 540 3811 Ar
560 3776 621 3811 vero
633 3759 741 3828 quando
762 3778 814 3811 non

327 3847 468 3914 generibus
485 3848 607 3905 neutris,
624 3848 671 3900 scd
690 3865 749 3900 com
762 3849 815 3900 aiia

326 3933 447 4001 qualibet
465 3945 540 4004 parte
559 3935 688 3988 orationis
700 3936 813 3988 miscen-

326 4032 390 4078 trrr.
412 4020 602 4076 adverbiorum
622 4040 677 4076 esre
695 4042 812 4093 pronun-

1270 557 1335 660 ’ἢ

879 684 997 742 tinntar‚
1016 698 1047 740 nt
1063 695 1153 758 pota·
1171 688 1275 756 trigriur
1291 689 1363 745 facia

873 771 916 823 Sic
940 783 968 825 et
995 772 1049 826 alia
1068 775 1242 844 comparativi
1265 777 1365 844 grado»

871 863 979 928 quando
992 863 1080 928 generi
1097 874 1193 918 neutro
1204 899 1213 922 ‚
1225 864 1267 927 ‚vel
1279 882 1363 934 quao-

873 948 907 1000 do
926 948 1057 1002 advicrbia
1075 950 1267 1020 respondeant,
1284 950 1366 1004 intel·

873 1032 1001 1100 leguntur.

906 1122 974 1172 Sane
1000 1121 1049 1175 hoc
1064 1140 1195 1178 monemus
1215 1159 1224 1181 ,
1244 1124 1317 1195 quud
1335 1125 1365 1181 io

872 1207 922 1263 boo
937 1223 1076 1282 praecepto
1096 1213 1153 1265 sint
1179 1211 1263 1282 aliqui
1281 1215 1363 1283 quio-

872 1316 924 1367 qua
941 1299 1017 1356 soni.
1038 1299 1087 1370 qui
1107 1318 1161 1353 -rra-
1183 1300 1281 1355 littorio
1304 1313 1364 1372 port

870 1398 1056 1440 consonantem
1077 1387 1255 1446 definiantur.
1270 1401 1301 1445 ut
1313 1408 1361 1460 prr·

872 1489 915 1534 ta.
938 1478 1034 1530 minuo.
1060 1478 1124 1532 Item
1145 1479 1283 1549 quaeritur
1306 1496 1362 1550 qua

871 1562 904 1614 do
928 1581 1008 1615 eausa
1035 1565 1137 1619 minora
1166 1584 1219 1619 non
1247 1565 1361 1621 minorit

872 1646 1020 1704 dicontur?
1040 1652 1090 1703 hae
1114 1653 1146 1704 de
1174 1669 1272 1709 causa·
1295 1668 1360 1723 qao-

871 1739 943 1790 uiam
966 1738 1137 1807 comparativi
1161 1739 1258 1806 grado·
1278 1756 1361 1793 uun-

872 1839 951 1895 quam
982 1844 998 1879 a
1033 1827 1130 1880 litteris
1167 1827 1358 1882 definiantarr

871 1929 942 1965 nuuc
963 1909 1028 1966 haee
1053 1912 1145 1966 eodem
1168 1914 1296 1972 nomina.
1312 1930 1361 1982 ga·

870 1998 941 2052 neria
967 2000 1070 2054 seilicet
1097 1999 1265 2062 morentini.
1290 2016 1360 2069 quaa

871 2085 1007 2144 diximus,
1028 2088 1054 2140 in
1075 2088 1191 2158 positivo
1206 2086 1290 2154 gradu
1308 2105 1360 2141 no-

871 2175 1001 2230 minativo
1020 2193 1082 2228 oasa
1103 2175 1204 2229 numeri
1216 2175 1359 2242 ringuiaria

872 2279 919 2313 ·er·
938 2262 1035 2315 litteris
1054 2261 1177 2318 definiri.
1198 2261 1222 2314 ai
1239 2261 1359 2334 ruperia·

871 2348 941 2403 tiror
966 2350 1063 2416 grados
1086 2367 1118 2401 ea
1137 2366 1165 2403 ae
1193 2347 1278 2403 iacere
1295 2366 1359 2420 por·

869 2437 940 2495 aiot.
961 2439 989 2491 io
1009 2440 1100 2491 eodem
1122 2439 1359 2494 nominativorum

871 2528 973 2580 nurueri
996 2530 1137 2595 ringrdaria
1158 2529 1259 2582 rimus·
1276 2530 1365 2598 tylia-¹

869 2614 916 2668 bns
935 2617 1094 2688 accipiunt.
1120 2628 1148 2669 et
1166 2617 1357 2688 superlativum

870 2704 978 2771 gradum
998 2704 1099 2770 generis
1127 2704 1168 2756 sui
1187 2705 1356 2764 ostendunt.

868 2806 899 2847 ut
914 2805 979 2866 puta
990 2832 996 2851 .
1007 2796 1050 2846 iric
1066 2795 1140 2861 niger
1153 2831 1159 2849 .
1179 2795 1225 2847 hic
1241 2794 1358 2863 nigerri-

868 2901 925 2935 mur
952 2881 1036 2937 iacere
1066 2882 1169 2935 debeat.
1197 2884 1264 2937 Item
1289 2883 1357 2939 haee

867 2973 957 3025 eudem
978 2973 1127 3043 supradicti
1156 2973 1257 3040 grueria
1274 2975 1358 3028 noni·

867 3077 901 3110 na
942 3061 968 3111 in
1002 3059 1155 3129 supradirto
1176 3077 1238 3113 casu
1269 3062 1356 3115 mima·

866 3145 981 3214 syllabas
999 3145 1152 3215 accipiunt.
1172 3156 1200 3198 et
1217 3147 1356 3217 superlati·

866 3250 927 3283 rum
960 3232 1068 3299 gradum
1098 3233 1200 3296 generis
1233 3234 1355 3288 feminini

866 3319 1027 3374 ostendunt.
1048 3331 1078 3370 ut
1097 3332 1179 3390 puta.
1199 3320 1244 3373 bic
1263 3323 1356 3387 niger.

866 3406 932 3459 hoec
966 3407 1106 3472 nigerrima
1135 3407 1220 3459 iacere
1247 3407 1354 3463 debeat.

868 3497 903 3547 At
922 3513 983 3546 vero
1008 3495 1071 3545 haec
1091 3496 1181 3546 cadom
1207 3497 1356 3567 supradicti

868 3588 969 3653 grueria
999 3588 1107 3640 norriuu
1144 3588 1170 3639 in
1201 3589 1357 3657 supradicto

868 3690 928 3726 cusu
949 3674 1062 3725 mimum·
1079 3672 1193 3742 ,ἧς-ΗΜ
1207 3675 1357 3744 accipiunt.

867 3771 893 3812 et
911 3761 1100 3830 superlativum
1124 3761 1232 3828 gradum
1255 3761 1356 3828 generia

867 3852 954 3903 neutri
973 3851 1135 3906 orteuduut.
1158 3861 1188 3902 ut
1208 3861 1292 3920 puta,
1311 3850 1356 3904 hic

867 3938 966 4005 nigor,
994 3936 1044 3990 hoc
1073 3937 1246 4003 nigerrimum
1272 3935 1357 3991 iacere

867 4025 973 4081 debeat.
