3382 5206
743 605 787 648 ΒΕ
816 605 969 652 nomint.

330 708 389 766 lin,
410 721 442 763 ut
468 720 533 780 puta
566 708 655 764 Cato,
688 705 827 763 columba,

327 796 422 868 pinus.
436 809 465 851 et
483 808 570 850 cetera
590 795 661 849 talia.

361 886 429 938 Sunt
458 886 565 937 nomina
587 884 707 954 propria,
730 883 758 936 id
781 895 821 937 est

327 972 436 1027 deorum
460 986 488 1026 et
509 972 645 1026 hominnm
660 969 757 1040 quibus
772 990 818 1023 vo-

326 1072 429 1114 cantur.
439 1061 507 1114 Sunt
518 1062 623 1113 nomina
639 1058 799 1128 appellativa
812 1095 820 1113 2

326 1149 354 1201 id
364 1161 404 1203 est
414 1150 568 1201 animalium
580 1186 587 1203 ,
601 1148 640 1200 vel
653 1166 722 1216 quae
734 1165 765 1199 ea
775 1147 819 1198 ali-

326 1256 380 1307 que
396 1255 423 1289 re
442 1237 593 1291 hominibus
609 1236 742 1289 accidunt·
762 1237 819 1289 Pro·

327 1326 385 1395 pria
394 1326 529 1377 hominum
544 1323 649 1377 nomina
659 1324 684 1376 in
692 1334 821 1392 quattuor

326 1411 425 1482 aperiet
439 1412 598 1464 dividuntur
617 1446 624 1467 ,
643 1429 798 1481 praenomen
814 1447 821 1468 ,

330 1518 422 1553 nomen
443 1536 450 1558 ,
485 1519 626 1569 cognomen
648 1538 655 1559 ,
687 1519 820 1569 agnomen.

328 1590 501 1647 Praenomen,
521 1604 551 1645 ut
560 1603 625 1662 puta
638 1589 761 1644 Publius:
778 1612 821 1646 no·

327 1696 387 1732 men
398 1716 406 1737 ,
424 1680 574 1733 Cornelius:
587 1698 745 1747 cognomen,
764 1681 821 1732 Sei-

326 1766 387 1836 pio:
411 1785 559 1834 agnomen,
583 1766 730 1821 Africanus·
756 1771 821 1822 Sunt

330 1856 455 1914 nomina,
473 1873 543 1925 quae
568 1857 663 1910 Graeci
687 1862 732 1912 τῶν
760 1861 821 1934 ερὲς

327 1945 352 1998 ri
373 1944 526 2014 appellant,
549 1943 626 1996 idest
641 1945 674 1995 ad
697 1947 820 2013 aliquid,

234 2040 240 2049 '
329 2041 436 2102 utputa
448 2041 539 2101 pater,
552 2029 644 2086 irater,
656 2042 745 2084 mater:
761 2034 819 2086 inn-

330 2128 430 2185 guntur
447 2117 518 2169 enim
538 2115 637 2185 quibus
647 2120 822 2190 respondeant

330 2216 361 2258 ut
391 2216 458 2275 puta
494 2216 570 2276 pater
594 2205 707 2262 Marci.
737 2220 820 2262 muter

330 2290 412 2347 lulii,
427 2289 509 2344 irater
533 2292 650 2346 victoris
664 2315 673 2357 ς
687 2295 725 2346 sie
735 2305 762 2347 et
775 2313 820 2348 ce-

330 2389 387 2431 tera
413 2379 490 2431 talia.
523 2380 590 2433 Sunt
616 2381 722 2434 nomina
751 2400 819 2450 qnae

330 2468 424 2520 Graeci
443 2473 489 2524 viia
517 2472 579 2543 πρός
606 2472 633 2524 ri
658 2470 819 2545 προσέχοντα

330 2554 462 2624 appellant
485 2593 491 2612 ,
526 2559 553 2609 id
579 2569 620 2611 est
647 2559 682 2610 ad
716 2560 817 2629 aliquid

328 2641 521 2710 quodammodo
540 2643 682 2703 habentia,
703 2634 738 2698 ιιι
751 2658 817 2717 puta

330 2728 484 2786 dexterior.
510 2734 629 2802 superior
646 2771 652 2790 ,
685 2733 814 2787 inlerior:

331 2815 474 2884 iunguntur
491 2822 559 2871 enirn
579 2820 678 2889 quilius
706 2840 814 2891 respon-

328 2902 418 2958 deaut,
432 2917 460 2957 ut
480 2919 545 2975 puta
561 2908 795 2962 dexterioroeulut
810 2945 817 2966 ,

329 2978 448 3061 superior
468 2993 554 3050 deire,
582 2994 689 3047 tuto-ior
714 2997 815 3059 vestiat

330 3079 368 3131 tic
386 3090 413 3132 et
431 3093 516 3133 cetera
536 3084 607 3135 talia.
628 3088 694 3136 Sunt
710 3085 815 3137 nomint

329 3188 398 3240 quae
421 3173 588 3242 appellantur
614 3173 681 3224 moti
692 3192 714 3224 re
739 3184 815 3244 pote-

331 3258 407 3310 statis
421 3293 428 3314 ,
444 3271 472 3310 ιιι
491 3271 555 3329 puta
576 3259 660 3316 fortis,
681 3278 815 3327 inagnus,

330 3345 421 3397 velox:
448 3346 594 3412 iunguntur
628 3349 698 3400 enirn
716 3349 816 3418 quibus

330 3434 518 3504 respondeant,
540 3446 567 3486 nt
591 3448 654 3506 gruta
667 3435 742 3490 lortis
758 3438 816 3494 vir,

329 3538 439 3585 magnus
457 3519 515 3576 leo,
535 3524 607 3576 velox
630 3542 714 3593 equ53
734 3525 772 3577 sic
790 3536 817 3578 et

330 3619 416 3661 cetera
435 3609 509 3660 tulin.
525 3613 592 3664 Sunt
612 3614 718 3663 norninu
748 3631 817 3682 quae

331 3695 425 3746 Graeci
461 3698 586 3766 epiroena
615 3701 768 3769 appellant,
787 3702 816 3752 id

330 3792 370 3834 eat
392 3784 539 3854 promiscua
555 3782 612 3856 (1).
634 3787 765 3854 siquidem
782 3805 813 3838 ex

330 3888 379 3927 suo
398 3890 490 3939 gruere
507 3885 534 3925 et
554 3875 631 3925 aliam
650 3878 814 3946 apieeiernde-

405 4047 444 4109 (1)
460 4051 516 4098 Cod.
531 4058 676 4110 prorrrr'sqrra·

1267 579 1339 673 239

881 709 995 774 rignarrt.
1004 720 1032 759 ιιι
1044 719 1109 777 puta
1121 706 1203 762 canis,
1216 706 1304 761 sitnia,
1318 725 1372 763 aut.

883 814 979 866 passer,
995 795 1042 849 bos
1054 833 1061 853 ,
1074 798 1171 864 aquila,
1189 794 1276 852 belua,
1295 806 1321 848 et
1332 813 1372 848 ce-

882 883 1025 935 teratalia.

915 972 981 1023 Sunt
1008 971 1113 1024 nomina
1142 989 1211 1039 quae
1235 969 1371 1041 appellan-

880 1067 923 1107 tur
943 1076 1104 1126 synonyma,
1118 1058 1168 1110 hoc
1187 1069 1227 1111 est
1245 1077 1313 1128 quae
1327 1077 1372 1110 ra·

880 1147 927 1198 nis
951 1146 1189 1213 sipiificationibus
1218 1165 1297 1200 unam
1317 1165 1370 1201 rem

879 1236 1036 1299 designant,
1054 1247 1083 1286 ut
1105 1248 1170 1304 pnta
1192 1236 1267 1289 tellus
1281 1274 1288 1294 ,
1302 1248 1370 1289 terra

880 1319 974 1371 Ιιιιιιιιιι1
985 1356 991 1375 ,
1002 1330 1028 1371 ει
1048 1330 1132 1370 cetera
1144 1319 1225 1371 talia:
1247 1321 1311 1372 item
1331 1319 1370 1371 al-

881 1422 1043 1466 rnamenta-r,
1052 1423 1151 1465 uterrn,
1158 1421 1184 1462 et
1193 1422 1279 1464 cetera
1290 1411 1368 1462 talia:

881 1495 943 1549 item
953 1498 1067 1564 gladios,
1081 1498 1160 1553 ensis,
1169 1515 1268 1555 mucro,
1280 1500 1369 1556 telum,

881 1596 908 1637 et
922 1595 1007 1638 cetera
1023 1586 1087 1637 talia
1097 1607 1103 1636 r
1114 1586 1174 1637 item
1187 1600 1307 1651 scutum,
1325 1588 1370 1639 eli-

881 1690 952 1740 pens,
961 1691 1060 1742 parma,
1074 1673 1161 1732 nuilio,
1178 1686 1205 1727 et
1224 1686 1310 1727 cetera
1326 1687 1367 1728 ιιι·

881 1761 932 1812 lia:
951 1762 1010 1813 item
1021 1781 1091 1814 mare
1104 1800 1110 1817 ,
1122 1777 1218 1834 [mutus
1230 1776 1370 1833 aequor.et

879 1863 964 1902 cetera
985 1853 1056 1903 talia.
1076 1854 1142 1904 Sunt
1160 1853 1269 1920 nomina
1299 1873 1368 1923 qnae

879 1938 1044 2007 appellantur
1062 1940 1238 2008 homonyma,
1255 1940 1305 1994 lroc
1330 1952 1370 1994 eat

877 2045 947 2094 qnae
976 2045 1027 2079 nna
1055 2030 1250 2095 significatione
1283 2031 1370 2082 varias

877 2129 918 2165 ree
949 2113 1108 2179 designant,
1129 2129 1158 2169 nt
1177 2130 1242 2187 puta
1263 2135 1370 2189 nepos·

877 2197 996 2258 laudus,
1021 2213 1154 2261 scortum,
1189 2223 1279 2271 agmen
1301 2241 1309 2262 ,
1338 2223 1369 2256 ιι·

877 2290 929 2340 ries
956 2325 962 2344 ,
991 2302 1017 2342 et
1051 2306 1139 2346 cetera
1167 2296 1254 2346 talin:
1291 2312 1371 2365 nepot

876 2379 946 2428 enim
981 2380 1057 2432 modo
1085 2383 1189 2433 tertiam
1217 2384 1369 2454 progeniem

881 2466 1016 2519 hominum
1030 2469 1119 2523 ,modo
1139 2471 1300 2525 luxuriosum
1320 2471 1368 2524 de-

876 2556 980 2620 signat:
992 2555 1053 2607 item
1064 2555 1155 2609 loerlns
1167 2559 1244 2612 modo
1256 2571 1367 2628 turpem,

876 2642 953 2695 modo
989 2644 1172 2697 iusiurandum
1203 2649 1336 2714 significat
1360 2667 1368 2697 r

877 2729 938 2781 item
949 2744 1063 2785 scortum
1083 2735 1161 2788 modo
1177 2737 1289 2792 corium,
1310 2754 1368 2790 mu-

876 2819 910 2872 do
930 2823 1089 2874 meretricem
1107 2825 1282 2879 demonstrat:
1305 2825 1367 2880 item

875 2927 966 2976 agmen
977 2911 1069 2967 ,modo
1080 2912 1279 2985 multitudinem
1291 2950 1298 2972 ,
1311 2933 1367 2969 mo·

875 2998 909 3050 do
940 2999 989 3051 iter
1020 2999 1174 3065 significat,
1201 3003 1270 3056 aries
1304 3020 1367 3058 vero

874 3088 952 3140 modo
979 3087 1076 3140 animal
1107 3089 1184 3144 modo
1217 3091 1364 3145 machinam

875 3173 937 3228 belli
967 3175 1147 3240 demonstrat,
1174 3177 1212 3230 sic
1238 3190 1265 3233 et
1293 3191 1366 3233 cete-

875 3282 904 3314 ra
923 3264 996 3316 talia·
1015 3265 1083 3317 Sunt
1105 3265 1211 3318 nomina
1231 3268 1368 3339 positione

875 3353 1020 3421 singularia
1049 3389 1057 3408 ,
1095 3354 1229 3407 intellectu
1273 3356 1365 3426 plura·

876 3440 927 3497 lio,
939 3450 1042 3509 utputa
1054 3441 1167 3510 populus
1179 3478 1187 3500 ,
1201 3442 1288 3512 plebs,
1308 3461 1365 3496 con·

876 3528 933 3591 tio,
958 3528 997 3579 sic
1025 3540 1052 3579 et
1082 3539 1168 3580 cetera
1198 3530 1274 3582 talin.
1300 3529 1367 3583 Sunt

876 3616 982 3668 nomina
1002 3617 1134 3685 positione
1147 3618 1274 3687 pluralia,
1290 3619 1367 3691 inte17

877 3704 944 3755 lectu
964 3702 1121 3769 singularia,
1133 3714 1256 3774 utputa,
1272 3707 1365 3764 Baiae,

877 3801 982 3855 cantra3
999 3792 1036 3841 sic
1055 3802 1081 3841 et
1100 3803 1185 3842 cetera
1206 3792 1279 3843 talia·

911 3881 976 3930 Sunt
996 3881 1101 3931 nomina
1121 3898 1189 3947 alnae
1209 3890 1301 3949 aptota
1318 3898 1366 3950 np-
