3382 5206
383 570 453 665 398
677 599 702 647 a.
731 596 922 644 ararorcrr
949 598 1058 645 cursat

349 704 399 770 Ne
420 707 525 772 minus
548 705 684 772 indocili
708 707 885 773 turbentur
908 729 1044 794 corpora
1073 732 1177 772 seusu.

352 809 437 876 Cum
458 832 556 900 sopor
576 815 754 878 immensus
769 811 911 877 hominis
930 813 1110 900 pervaserit
1127 829 1237 896 artus,

348 916 438 981 Tum
460 916 539 985 solet
559 918 709 1010 indignas
728 916 850 983 animal
872 919 1075 1006 penetrarier
1094 943 1198 986 aures.

348 1017 472 1112 Accipe
492 1048 567 1089 eum
590 1050 668 1115 cepa
690 1025 786 1091 citius
811 1023 861 1091 vel
885 1025 988 1090 muris
1012 1040 1122 1108 aceto,

350 1118 419 1196 Nec
448 1154 573 1196 moram
595 1131 716 1214 facias,
738 1131 860 1219 poteria
882 1130 929 1195 sic
953 1128 1078 1218 pellere
1098 1146 1257 1197 vermem.

661 1353 756 1423 XVI.
783 1376 825 1420 or
850 1372 1053 1425 sunorrara.

352 1496 424 1634 At
447 1570 472 1634 si
497 1565 669 1634 surditiam
689 1565 837 1654 pateris,
857 1563 976 1629 rubros
998 1561 1070 1655 lege
1092 1589 1218 1632 vermes

346 1670 485 1742 Arboris
507 1674 685 1763 antiquae,
704 1695 789 1760 puro
812 1671 858 1735 sic
881 1669 989 1736 miscis
1009 1669 1115 1749 olivo;

346 1773 491 1845 Auribus
516 1776 682 1861 infundis,
706 1773 858 1864 cupidam
882 1775 946 1840 tibi
970 1774 1072 1843 redde
1095 1774 1243 1842 salutem.

346 1881 526 1950 Amerinus
552 1880 660 1971 adepa
674 1880 810 1971 prodest
832 1896 864 1947 et
884 1877 1020 1945 vulturis
1045 1879 1116 1947 atri.

345 1986 510 2076 Ceparum
529 2011 623 2056 aucus
649 1989 741 2053 iuvat
767 1986 902 2051 auribua
925 2003 958 2050 et
979 1986 1066 2052 bona
1085 2004 1256 2075 praestat,

347 2091 432 2160 Cum
455 2090 537 2161 colet
560 2093 698 2160 incautis
721 2115 816 2159 aures
836 2089 1015 2180 pervadere
1036 2092 1181 2184 lympha.

639 2303 750 2373 XVII.
777 2325 819 2370 ur
844 2323 1070 2372 nrsrurrma.

348 2447 478 2606 Saepe
493 2514 575 2583 solet
593 2516 714 2583 ventris
731 2515 851 2582 nimius
866 2530 1091 2583 transcurrere
1108 2539 1242 2600 cursus,

343 2625 503 2690 Paulatim
531 2641 672 2691 teneram
691 2619 871 2689 multorum
891 2620 1016 2689 aolaere
1039 2646 1195 2703 carnem,

342 2735 445 2818 Quam
467 2730 610 2820 prudens
631 2728 795 2796 medicina
814 2727 875 2797 Dei
901 2753 1106 2818 compescere
1130 2734 1244 2797 noscit.

341 2834 434 2902 Galla
460 2837 567 2901 asiana
590 2836 700 2915 iuvat,
721 2835 825 2899 cerasi
844 2832 977 2922 longum
1002 2857 1135 2923 quoque
1154 2857 1317 2923 pomum,

345 2943 467 3010 Caseus
492 2958 585 3030 aptus
607 2942 669 3006 erit
695 2938 785 3005 dulci
811 2964 884 3005 cum
908 2964 1046 3006 mun-ere
1064 2938 1193 3023 mellis,

341 3048 492 3114 Proderit
514 3065 546 3112 et
566 3043 709 3111 calidum
733 3046 820 3112 hirci
845 3044 885 3113 de
911 3047 1033 3114 viscere
1056 3063 1187 3134 ruptum

343 3150 532 3241 Appositum
557 3152 663 3219 ventri
683 3174 819 3234 aevum,
841 3175 926 3242 quae
950 3151 1077 3242 cognita
1103 3173 1181 3214 cura
1206 3168 1261 3216 est.

341 3253 386 3321 At
412 3257 579 3343 proprium
604 3256 628 3323 si
655 3253 737 3320 sorte
761 3278 894 3345 unguen
918 3254 1058 3321 demittit
1080 3255 1121 3318 ab
1147 3257 1241 3343 ipso,

341 3359 510 3451 Significat
533 3361 626 3426 citius
653 3363 798 3449 cupitam
819 3361 881 3426 iam
906 3359 1044 3449 perdere
1069 3360 1176 3424 vitam.

576 3571 702 3639 XVlll.
729 3594 772 3638 uc
800 3591 944 3640 nunrrta
968 3592 1121 3639 verrius.

343 3710 402 3848 Si
427 3801 502 3846 vero
522 3779 678 3846 immenso
700 3780 855 3844 turbatur
872 3777 1019 3866 pondere
1042 3795 1181 3859 venter,

337 3883 457 3974 Aspice
478 3908 542 3974 quo
567 3885 685 3949 crescit
709 3885 859 3960 venando
882 3886 1029 3976 germine
1051 3883 1175 3973 pallas;

335 3990 464 4056 Dicitur
479 3989 559 4055 haec
585 3991 677 4080 virgo
700 3991 826 4056 cunctis
847 4007 878 4056 et
903 3991 1007 4055 amica
1031 3988 1161 4064 salutis3
