3382 5206
349 585 400 678 αἶ,
649 606 652 611 ·
717 603 867 655 uerrrora
892 606 928 654 u.

321 730 382 790 est.-
401 711 543 799 Fassica
561 738 701 812 quoque
713 695 848 786 ¹femina
864 729 935 786 tam
954 688 1092 814 sapiens
1108 729 1143 786 et
1157 728 1227 789 tam
1237 714 1338 788 sebo

318 833 458 923 lastica,
480 849 522 906 ut
544 859 674 906 nomeu
697 833 773 908 eius
791 833 962 935 quamdiu
990 834 1084 907 orbis
1102 834 1170 908 erit
1188 834 1337 907 certissi-

319 980 376 1028 ma
392 951 496 1027 laude
518 954 564 1053 (a)
581 951 782 1026 'celebretur
804 1009 814 1043 ‚
840 953 907 1025 hoc
928 954 1022 1026 inter
1049 970 1165 1028 cetera
1196 980 1259 1025 usa
1283 969 1337 1025 est

320 1072 501 1174 exemplo:
528 1084 554 1118 ‘⁶
579 1087 694 1173 patres
724 1099 787 1170 ego
815 1071 1041 1147 tradiderunt
1063 1071 1180 1146 omnia
1206 1072 1338 1173 quibus

319 1191 454 1265 utimur
473 1191 718 1265 instrumenta.
733 1247 757 1280 ‚,
772 1184 851 1266 Hoc
869 1191 987 1295 dicere
1000 1192 1089 1265 mihi
1106 1191 1265 1281 videtur,
1276 1219 1339 1264 no-

317 1312 374 1385 bis
393 1309 611 1384 tradiderunt
636 1327 760 1421 patres.
786 1309 968 1389 Sarricius
996 1311 1180 1388 Ciceronis
1209 1320 1335 1413 pater,

322 1428 469 1530 “quid‚
496 1428 611 1529 inquit
625 1468 640 1517 ‚·
663 1455 726 1527 ego
752 1429 822 1503 vitu
846 1432 1004 1532 carpitur
1026 1433 1086 1523 „l
1110 1429 1188 1506 Hoc
1213 1448 1266 1505 est
1285 1429 1337 1502 di·
1411 1470 1414 1476 ·

321 1574 401 1620 cere
419 1562 579 1621 nostrum
598 1604 608 1637 ,
627 1546 682 1620 vel
700 1549 811 1621 nostri
828 1549 907 1624 vita.
935 1547 1007 1622 Sed
1027 1549 1070 1622 de
1094 1551 1147 1623 his
1170 1550 1252 1622 satis
1270 1549 1337 1621 ista

323 1669 530 1743 sufficiant:
555 1694 638 1741 uam
667 1685 703 1740 et
733 1667 776 1740 de
806 1670 930 1742 ceteris
960 1668 1081 1742 eadem
1110 1685 1259 1772 possunt
1286 1667 1338 1740 in·

323 1784 448 1884 tellegi.

398 1911 435 2002 4.
459 1902 597 1981 Verum
622 1904 828 2006 Galbungus
853 1925 889 1982 et
909 1905 1098 1984 Terentius
1125 1905 1338 2007 quatuorde-

322 2030 393 2102 cim
412 2028 537 2103 diebus
548 2029 763 2129 totidemque
775 2032 938 2106 noctibus
952 2032 989 2104 in
1003 2030 1228 2105 contentione
1240 2055 1336 2102 men-

318 2150 402 2222 sisse
422 2152 643 2226 refferuntur
663 2151 750 2241 tali,
770 2169 893 2226 utrum
916 2181 980 2252 ego
998 2151 1193 2225 vocativum
1214 2176 1337 2224 casum

319 2269 483 2346 haberet:
508 2271 638 2345 habere
665 2286 785 2345 autem
803 2273 864 2373 (b)
892 2301 933 2345 ex
960 2271 1124 2345 omnibus
1146 2268 1335 2343 doctorum

320 2405 480 2462 veterum
511 2388 758 2463 traditionibus
791 2391 1030 2491 approbavere.
1063 2388 1254 2463 Terentius
1283 2416 1335 2459 re-

319 2509 453 2580 nuebat
477 2507 677 2582 vocativum
705 2535 824 2581 casum
852 2536 915 2606 ego
940 2508 1067 2581 habere
1090 2564 1101 2596 ‚
1126 2506 1208 2606 quia
1231 2531 1335 2577 casus

319 2627 499 2700 vocativus
518 2627 692 2701 secundae
713 2655 849 2728 semper
868 2655 1033 2729 personae
1050 2625 1191 2722 adiungi
1210 2623 1335 2712 debet,

320 2773 384 2843 ego
403 2762 523 2820 autem
540 2746 583 2818 ad
604 2746 753 2847 primam
777 2775 960 2848 personam
980 2774 1117 2846 semper
1136 2743 1335 2847 pertinebit.

321 2863 528 2964 Galbungus
548 2867 652 2939 etiam
668 2865 753 2939 huic
777 2867 976 2967 pronomini
993 2867 1191 2940 vocativum
1214 2890 1336 2937 casum

319 2984 480 3059 accidere
504 3013 604 3084 posse
628 2984 856 3075 adfirmavit,
884 2987 921 3060 in
950 3015 991 3060 eo
1019 2985 1206 3087 praecipue
1225 2982 1334 3071 loco,

319 3102 387 3177 ubi
412 3103 479 3176 sub
505 3104 791 3203 interrogationis
812 3106 917 3181 modo
936 3107 1086 3179 verbum
1105 3106 1237 3206 primae
1256 3131 1336 3203 per·

323 3252 431 3299 sonae
456 3225 682 3317 haberetur,
714 3243 756 3300 ut
784 3228 813 3301 si
838 3228 936 3302 dicas
962 3257 983 3301 o
1010 3256 1118 3326 egone
1146 3243 1241 3300 recte
1267 3224 1337 3298 feci

319 3345 373 3419 vel
392 3345 466 3420 dixi
479 3346 507 3420 l·-
517 3343 588 3419 Sed
616 3346 675 3420 hic
699 3348 912 3439 vocativus,
939 3349 974 3422 id
1001 3367 1055 3421 est
1082 3375 1177 3446 ogo,
1202 3347 1336 3446 absque

322 3491 343 3535 o
369 3480 476 3536 etue
502 3462 669 3537 atliuncto
690 3465 941 3566 circumposito
970 3466 1157 3540 subsistere
1177 3492 1249 3537 non
1277 3492 1337 3565 po·

321 3598 397 3657 test.
421 3579 517 3655 Haec
548 3610 630 3657 cum
655 3585 698 3658 ad
716 3582 874 3659 Aeneam
893 3586 1051 3686 quaestio
1072 3613 1135 3686 per
1153 3586 1336 3667 internun-

225 3791 228 3800 .
320 3700 413 3774 tium
430 3701 657 3793 resserretur‚
685 3704 732 3777 ita
751 3732 827 3779 eam
845 3707 1024 3780 verissime
1044 3704 1266 3792 eventilavit,
1294 3720 1338 3777 ut

286 3838 288 3843 ’
321 3819 404 3919 quia
423 3846 486 3917 ego
511 3821 639 3920 primae
666 3852 834 3924 personae
860 3852 990 3900 nomen
1015 3844 1069 3900 est
1093 3883 1103 3916 ‚
1129 3842 1166 3898 ct
1191 3824 1339 3896 verbum

403 4000 440 4061 (ι)
456 4002 510 4050 cod.
525 4010 549 4047 to
565 4005 629 4048 rilem
647 4021 693 4066 quo
707 4009 771 4054 orln's
790 4016 839 4056 em
853 4022 921 4055 ceree
942 4017 992 4054 stne
1007 4010 1094 4055 elredus
1110 4008 1257 4052 relebmnr.

338 4074 380 4140 (b)
396 4076 453 4125 cod.
469 4086 549 4122 nutem
569 4080 655 4125 tatere
673 4091 706 4126 et.
