3382 5206
597 583 826 637 caruntrtcs
852 591 898 636 rr
921 584 1086 636 nursica.
1262 569 1322 635 531

295 662 302 677 Ι
326 690 424 758 modo
452 694 664 781 conpositum.
691 690 737 754 M.
760 687 925 757 -Alma
954 714 1055 755 venua
1081 688 1217 777 Paphon
1238 691 1353 780 ingre·

329 795 442 880 ditur,
468 820 537 864 rosa
566 797 671 863 luceat
695 821 729 862 ex
755 797 873 886 adytis.
899 831 946 847 ·-
964 796 1006 861 Et
1026 794 1105 863 alibi
1128 830 1174 846 -
1199 819 1352 885 rumpere

327 902 469 970 claustra
494 929 619 987 manu,
645 906 752 971 socios
782 902 896 996 gelidis
919 902 996 970 dare
1017 902 1166 991 scopulis.
1196 903 1355 972 Similiter

329 1027 361 1076 et
380 1012 416 1076 in
436 1029 640 1101 pentametro
658 1009 819 1101 dactylico
837 1006 1148 1101 hypercatalecticus
1164 1033 1276 1077 versus
1293 1009 1357 1074 ad·

322 1113 489 1197 mittitur,
515 1131 552 1179 ut
574 1150 621 1166 ·-
642 1139 661 1183 ο
681 1115 768 1207 Deus
790 1114 995 1201 omnipotens
1016 1109 1138 1204 largire
1164 1115 1250 1180 viam
1276 1140 1357 1207 pre·
1450 1190 1453 1197 ,

330 1217 433 1285 cibus.
453 1257 500 1272 -
519 1221 559 1286 Et
578 1219 657 1286 alibi
680 1218 884 1308 -pulchra
909 1217 1017 1310 puella
1039 1242 1148 1285 comas
1164 1223 1270 1287 ambit
1287 1222 1353 1289 ribi

326 1321 532 1412 palmitibus.
1024 1310 1028 1332 ¹

355 1482 357 1487 ,
399 1443 432 1495 Δ.
453 1434 539 1514 Quot
563 1448 636 1495 suut
658 1429 784 1518 specics
809 1431 842 1492 in
864 1453 999 1494 caesura
1024 1428 1204 1495 hexametri
1219 1428 1352 1503 versus?

332 1537 379 1604 M.
401 1538 570 1622 Quattuor.
593 1551 626 1604 Δ.
649 1536 760 1604 Pande
783 1537 976 1601 nominatim
995 1534 1186 1601 earumdem
1206 1537 1355 1606 vocabu·

331 1642 360 1708 la
385 1668 603 1711 caesurarum.
630 1645 676 1710 Μ.
702 1645 897 1721 Dian-ictos,
922 1640 1064 1724 divisos,
1091 1643 1235 1728 mixtus,
1258 1646 1354 1734 pria-

331 1749 431 1838 peius.
457 1762 492 1816 Δ.
517 1752 595 1833 Quis
623 1767 669 1815 est
691 1774 801 1817 versus
830 1743 1022 1817 districtus?
1048 1748 1095 1815 M.
1115 1750 1179 1834 Qui
1201 1750 1235 1817 in
1258 1775 1355 1819 scan-

325 1856 424 1924 sione
452 1852 573 1941 pedum
604 1877 784 1944 numquam
810 1855 990 1920 orationem
1016 1854 1242 1922 accommodat
1267 1856 1354 1925 intc-

330 1982 434 2050 gram.
458 1972 494 2028 A.
515 1960 636 2027 Melius
659 1957 814 2048 exemplis
840 1984 939 2049 qnam
964 1957 1050 2024 tanda
1080 1961 1276 2028 verbositate
1298 1962 1354 2027 in·

332 2062 463 2132 sormor.
490 2065 536 2131 M.
561 2065 701 2134 Praebet
728 2062 851 2131 Arator
876 2061 1058 2152 exemplum
1078 2100 1124 2113 -
1148 2065 1357 2156 mortalisque

332 2171 396 2236 sibi
425 2171 571 2238 studium
598 2189 760 2263 proponat
788 2171 887 2258 origo
914 2204 961 2220 ·-
984 2167 1164 2236 Scauditnr
1193 2171 1239 2235 ita
1262 2195 1357 2239 mor·

333 2292 386 2359 ta,
413 2276 566 2369 lisquesi‚
587 2277 732 2362 bisantii,
754 2300 889 2364 nmpro,
917 2292 1057 2365 penato,
1076 2275 1157 2364 rigo.
1180 2276 1268 2344 Ecce
1284 2275 1356 2343 nul·

333 2381 365 2448 la
391 2385 496 2450 oratio
522 2385 647 2473 integra
672 2384 708 2448 in
733 2381 882 2473 quolibet
912 2378 996 2469 pede
1021 2398 1149 2468 reperta
1179 2399 1238 2449 est.
1261 2381 1357 2449 idem

327 2486 477 2552 alibi-
500 2484 611 2575 largiri
632 2486 785 2552 salvantis
805 2509 901 2574 opem
920 2506 1140 2575 numerusque
1156 2484 1296 2553 dierum.
1310 2520 1358 2540 -·

297 2638 299 2643 -
324 2593 416 2660 -ltem
430 2593 570 2683 Prosper
588 2594 622 2659 io
643 2592 931 2682 epigrammatibus
953 2624 987 2659 τ·
1004 2588 1134 2658 fallaces
1155 2616 1283 2682 semper
1302 2617 1356 2659 cu·

335 2698 380 2764 ris
403 2714 599 2790 torquentur
619 2699 748 2763 amaris.
772 2694 994 2788 --Vergilius
1011 2731 1049 2746 -·
1073 2695 1246 2763 infandum
1268 2701 1358 2789 regi-

335 2828 377 2869 na
400 2803 494 2870 iubes
521 2824 682 2870 renovare
713 2801 870 2868 dolorem.
896 2837 931 2850 ·-
960 2799 1149 2890 Symposius
1174 2811 1269 2892 pocta
1303 2801 1358 2867 di·

327 2909 480 2974 strictum
503 2930 632 2976 versum
653 2906 791 2997 protulit
814 2906 988 2974 dicens-
1011 2905 1114 2975 dulcia
1133 2906 1218 2975 odor
1240 2932 1356 2974 nemo·

334 3013 404 3097 ris,
433 3012 565 3079 flamma
594 3009 752 3103 fumoque
778 3008 905 3101 fatigor.
932 3046 970 3061 ·-
995 3023 1028 3078 A.
1053 3012 1133 3097 Quis
1162 3029 1210 3079 est
1234 3010 1356 3077 divisor

335 3114 473 3189 versus?
498 3118 545 3184 Μ.
568 3118 631 3203 Qui
658 3118 692 3183 in
710 3115 898 3184 scandendo
922 3134 1028 3208 partes
1051 3118 1205 3186 orationis
1223 3141 1358 3209 separa·

333 3239 384 3291 aas·
407 3221 537 3306 hahet,
562 3221 600 3287 td
628 3238 675 3287 est
705 3237 742 3287 ut
767 3237 847 3312 quot
864 3221 971 3311 pedes
998 3221 1124 3306 habet,
1147 3238 1195 3287 tot
1222 3237 1254 3287 et
1281 3245 1357 3289 ora-

334 3329 465 3413 tiones,
499 3343 535 3393 ut
565 3344 653 3419 puta.
686 3360 725 3377 ··
755 3327 817 3394 Dic
843 3327 925 3393 mihi
952 3326 1025 3395 Clio
1055 3327 1204 3419 quianam
1232 3327 1357 3419 primus

332 3433 458 3527 lingere
480 3455 600 3501 versor.
620 3429 739 3500 -sed
757 3430 944 3499 huiuamodi
965 3455 1094 3498 versum
1116 3433 1356 3523 penthemime-

327 3564 371 3608 re
394 3537 447 3609 rel
469 3536 732 3630 hepthemimere
757 3554 922 3608 carentem
947 3537 1123 3605 modernus
1139 3562 1215 3605 usus
1239 3541 1275 3604 in
1297 3538 1358 3605 he·

334 3661 479 3712 ramctro
515 3642 678 3734 dactylico
700 3665 765 3711 non
793 3642 938 3714 libenter
966 3642 1118 3712 admittit.
1144 3658 1180 3714 Δ.
1211 3644 1289 3729 Quis
1310 3660 1357 3711 est

326 3774 445 3819 -rersus
472 3746 615 3820 mixtus?
640 3749 686 3816 Μ.
709 3748 772 3835 Qni
797 3767 975 3842 utrumque
996 3753 1030 3816 in
1052 3750 1227 3832 sehabet,
1247 3748 1283 3816 id
1311 3766 1358 3817 est

336 3873 463 3945 partem
492 3852 630 3923 districti
660 3870 692 3920 et
712 3870 839 3942 partem
867 3854 971 3921 divisi.
1003 3866 1035 3920 Δ.
1068 3853 1209 3923 Facilius·
1234 3855 1358 3921 ratione

334 3963 470 4043 flector,
494 3961 522 4029 si
542 3959 688 4050 exemplo
701 3961 908 4050 probaveris·
919 3961 966 4029 M.
979 3958 1143 4052 Vergilius
1157 3960 1253 4028 libro.
1271 3961 1358 4027 ·llll·

337 4084 427 4133 --at
451 4069 562 4160 regina
592 4068 685 4159 gravi
714 4064 906 4136 iamdudum
929 4069 1038 4136 saucia
1065 4091 1154 4135 cura.
1182 4104 1216 4117 ·-
1238 4068 1281 4134 Et
1306 4067 1358 4133 in·

1041 4204 1128 4289 n*
