3382 5206
758 537 800 581 ur
820 536 935 584 vulno,⁴
1273 511 1321 615 57

331 678 394 726 se:
415 661 439 694 ‘⁴
465 647 683 722 Crimniatur
702 703 712 735 ,
733 646 875 748 inquit,
898 648 940 720 ab
961 647 1155 738 omnilins',
1181 652 1263 751 quia
1289 680 1353 724 nos

327 766 497 867 pecuniae
524 766 563 839 in
590 765 787 839 amicorum
814 766 982 865 praesidia
1003 769 1238 867 profligandas
1265 770 1352 844 dura

327 884 462 957 ditione
483 884 703 983 pepercimus
716 941 757 973 ‚‚.
773 881 821 955 Et
840 883 968 957 iterum
979 882 1112 958 Donati
1129 887 1220 960 senis
1241 915 1352 977 exem·

328 1002 426 1102 plum
447 1004 630 1102 proferunt
649 1001 798 1074 dicentis
820 1014 844 1046 “
864 1001 1048 1076 Caudetur
1070 1022 1104 1077 et
1125 1005 1294 1102 gloriatur
1315 1006 1352 1078 in

327 1122 455 1194 nostris
483 1120 628 1194 urbibus
655 1177 664 1209 ,
694 1148 774 1218 rege
801 1119 844 1193 de
873 1121 974 1194 exilio
1002 1122 1174 1196 redeunte
1199 1181 1248 1213 „.
1281 1122 1352 1198 Sed

325 1241 514 1340 quisquam
538 1239 686 1313 forsitan
716 1265 797 1312 curn
823 1239 908 1311 haec
936 1241 1090 1313 audierit
1116 1300 1125 1331 ,
1152 1261 1353 1341 praesumat

327 1360 446 1433 dicere
473 1359 585 1458 ,quia
612 1359 721 1455 inagis
749 1356 861 1430 activa
888 1373 923 1429 et
950 1360 1124 1433 neutralia
1151 1362 1264 1433 verba·
1281 1390 1352 1434 esse

327 1480 450 1553 eadem
461 1479 595 1578 possint
606 1535 615 1567 ,
627 1506 668 1550 ex
682 1478 813 1577 quibus
827 1477 913 1550 haec
932 1479 1174 1578 impersonalia
1189 1459 1361 1569 veniunt,

329 1625 434 1700 quam
467 1598 665 1670 communia
699 1598 911 1697 deponentia
939 1656 948 1686 ,
982 1599 1022 1671 td
1055 1615 1106 1673 est
1139 1601 1282 1698 gaudeo
1317 1617 1352 1673 et

330 1719 464 1816 glorio,
488 1715 594 1812 Quod
623 1717 687 1789 etsi
715 1744 777 1813 ego
804 1717 933 1789 alicubi
960 1717 1117 1790 invenire
1144 1718 1351 1817 potuerim,

331 1856 448 1912 tamen
473 1838 555 1937 quia
581 1865 654 1909 non
681 1852 732 1909 est
759 1836 956 1924 usitatum,
978 1838 1150 1911 affirmare
1178 1867 1250 1912 nin
1279 1866 1352 1939 pos·

328 1985 419 2032 sum
581 2041 582 2044 Ἴ

411 2075 470 2150 26.
497 2074 553 2148 De
576 2075 729 2176 optativo
749 2104 889 2176 quoque
912 2075 1016 2148 modo
1038 2078 1170 2149 samosa
1191 2094 1225 2148 et
1245 2073 1353 2150 venti-

329 2198 441 2271 labilis
469 2198 625 2298 quaestio
646 2197 827 2283 nascitur,
850 2212 968 2268 utrum
989 2223 1115 2293 nempe
1142 2197 1179 2268 in
1201 2196 1351 2269 declina-

332 2319 426 2391 tione
450 2335 517 2390 tres
538 2334 676 2390 tantum
690 2333 886 2415 temporum
903 2316 1105 2389 efficientias
1118 2317 1277 2389 ostendat
1290 2319 1348 2416 (a).

334 2438 387 2511 lta
407 2439 510 2512 etiam
533 2439 621 2511 ratio
642 2438 845 2525 continuat,
862 2454 983 2508 utrum
1005 2434 1055 2536 (b)
1079 2437 1275 2511 secundum
1296 2465 1351 2509 eo-

330 2584 411 2630 rum
436 2556 706 2653 intellegentiam
731 2581 890 2654 praesens
913 2571 1048 2652 tempus
1069 2571 1103 2627 et
1123 2534 1350 2653 praeteritum
1436 2542 1442 2552 ’

331 2678 578 2776 imperfectum
598 2675 721 2748 modus
738 2677 782 2774 (c)
805 2703 876 2746 non
897 2674 1060 2773 recipiat3
1084 2701 1128 2746 an
1143 2674 1262 2773 potius
1276 2673 1346 2747 duo

332 2792 561 2892 temporasub
573 2819 644 2865 una
656 2790 913 2878 declinatione,
933 2789 988 2861 vel
1009 2806 1148 2889 propter
1168 2790 1265 2862 latini
1285 2806 1349 2899 sta-

334 2931 389 2986 tus
402 2914 629 3001 brevitatem,
650 2911 817 2985 relctiam
839 2926 878 2982 ut
899 2909 1083 2982 audentius
1094 2909 1229 2998 dicam,
1250 2937 1351 3010 prop

333 3051 388 3106 ter
407 3032 626 3130 angustiam,
647 3059 708 3130 per
733 3031 822 3103 duos
848 3029 986 3102 ordines
1013 3030 1288 3104 contineantur:
1308 3047 1350 3102 ut

336 3181 417 3227 cum
436 3154 611 3242 dicimus,
638 3151 771 3224 utinam
791 3152 966 3248 rogarem!
986 3150 1028 3221 ad
1057 3166 1243 3250 utrumque
1265 3166 1349 3222 tem·

334 3299 419 3372 pus,
441 3270 476 3343 id
498 3287 549 3343 est
569 3287 772 3369 etprnesens
787 3287 823 3341 et
837 3269 1061 3367 praeteritum
1082 3269 1347 3368 imperfectum,

334 3392 512 3491 pertineat.
533 3391 623 3464 Item
643 3419 726 3463 eum
745 3390 918 3478 dicimus,
940 3388 1075 3461 utinam
1095 3390 1286 3487 rogassem!
1304 3389 1349 3460 ad

333 3512 405 3583 duo
436 3509 657 3583 excurrentia
691 3526 846 3609 tempora
881 3508 1116 3603 coniungatur
1143 3539 1151 3584 ε
1184 3506 1280 3607 quod
1315 3525 1350 3580 et

335 3660 398 3729 ego
425 3633 462 3704 in
489 3632 719 3730 epitomarum
739 3658 842 3731 opere
863 3630 909 3701 ita
932 3658 1003 3702 esso
1024 3629 1246 3701 sentiendum
1268 3629 1351 3700 scri-

332 3753 435 3850 psisse
455 3778 511 3822 me
532 3751 686 3826 arbitror.
711 3749 878 3824 Ceterum
898 3750 940 3822 de
964 3749 1187 3822 coniunctivo
1214 3748 1317 3822 modo
1338 3804 1347 3835 ‚

334 3872 417 3969 quia
443 3869 540 3942 nulla
565 3871 768 3967 ambiguitas
795 3888 845 3943 cst
865 3928 873 3958 ,
895 3870 983 3941 nihil
1007 3870 1225 3943 tractandum
1252 3885 1348 3966 pute.

415 4021 653 4080 (1)Cod.osrendit·
702 4023 738 4082 (lu)
759 4023 812 4066 Cod-
829 4031 863 4064 ut·
912 4019 947 4081 (c)
966 4020 1021 4064 Cod·
1038 4021 1146 4063 nriainlns·
