3382 5206
593 564 821 619 cnannarrca
844 568 890 616 rr
913 566 1077 615 narnien.
1268 552 1332 639 ⁵7⁵

330 670 469 737 vinciam
497 670 614 758 cepisti
640 666 766 734 duram.
780 665 925 753 -Quid
946 667 972 733 ai
995 686 1106 761 vegeta
1128 670 1276 743 neutrale
1298 694 1354 739 uo

330 802 403 841 rnen
416 794 497 844 esset
516 776 698 842 accusativo
710 772 850 863 plurali,
872 773 1291 848 heroicae‘veraifieationis
1307 803 1355 845 re

319 880 401 981 gula
426 877 619 945 vacillaret,
649 881 723 968 quia
747 902 876 965 semper
902 897 1018 945 neutra
1044 882 1078 948 in
1104 881 1223 973 plurali
1246 886 1355 952 corri-

327 1004 423 1075 piunt
445 1010 484 1052 .a.
505 1011 540 1050 nr
563 1003 763 1052 ttomtnatlvo
789 1001 974 1051 accusativo
997 1003 1029 1053 et
1049 992 1221 1059 vocativo,
1246 1006 1282 1058 ut
1301 1014 1358 1055 ar·

328 1118 380 1157 rna
408 1094 581 1181 virumque
599 1092 787 1158 cano-Et
801 1128 848 1141 -
861 1115 951 1155 arma
968 1092 1221 1186 amycleumque
1242 1117 1356 1163 canem

328 1227 537 1292 cressamque
561 1201 751 1288 pharetram
765 1237 832 1266 -.
857 1201 945 1292 Ergo
970 1227 1035 1269 noo
1054 1222 1100 1271 est
1123 1221 1236 1297 vegeta
1256 1227 1356 1271 accu-

328 1310 448 1372 sativus
464 1304 619 1394 pluralis,
638 1305 693 1370 sed
707 1307 791 1372 Geta
807 1303 969 1374 ablativus
986 1306 1178 1398 singularia,
1196 1308 1253 1400 qui
1270 1330 1358 1374 aem·

329 1436 390 1501 per
412 1413 445 1476 in
466 1413 571 1501 prima
590 1410 809 1477 declinatione
829 1434 869 1476 .a.
891 1410 1045 1499 producit
1070 1415 1101 1478 in
1126 1413 1279 1481 omuibus
1299 1436 1359 1504 ge·

330 1519 484 1586 neribus,
511 1535 545 1582 ut
565 1516 739 1605 proretha,
765 1516 987 1606 agonotheta,
1014 1516 1152 1600 lanista,
1175 1517 1359 1584 archinira-

330 1644 360 1690 ta
377 1626 416 1690 ἢ
433 1626 538 1712 pirata
554 1640 728 1711 ,satrapa,
748 1621 863 1689 rabula
877 1674 887 1708 ,
901 1623 1043 1692 athleta,
1058 1624 1246 1713 psalmista,
1263 1648 1359 1692 exor-
1381 1624 1394 1654 ⁸
1414 1633 1451 1672 ¹¹·
1467 1619 1520 1669 ⁶⁰¹·

330 1733 434 1796 rista,
458 1731 626 1817 Baptista,
651 1729 808 1818 Agrippa.

397 1837 480 1902 Item
496 1835 650 1900 feminina
665 1837 748 1901 sica,
765 1835 884 1902 amica,
899 1836 993 1924 pica,
1009 1836 1111 1903 rima,
1127 1836 1223 1905 lima,
1243 1836 1361 1919 mima,
1413 1880 1422 1937 ,

328 1966 425 2032 ruga,
440 1939 663 2008 bibliotheca,
679 1938 846 2007 umbella,
860 1939 994 2008 libella,
1018 1942 1144 2028 serula,
1160 1940 1359 2010 columella,

328 2050 565 2139 tympanistria.
582 2048 628 2116 Ut
640 2084 658 2096 ·
672 2050 706 2114 in
722 2045 830 2113 medio
846 2046 1091 2114 iuvencularum
1114 2049 1359 2142 tympanistria-

329 2179 412 2220 rum.
427 2190 444 2202 -
459 2154 676 2235 Communia,
690 2171 726 2218 ut
739 2150 887 2220 advena,
903 2176 1022 2219 verna,
1036 2152 1125 2221 unde
1139 2152 1332 2220 vernaculus
1346 2188 1358 2219 ,

327 2259 416 2350 quod
431 2258 546 2326 melius
560 2283 619 2348 per
633 2259 677 2322 ·b·
694 2282 793 2350 quam
808 2283 868 2346 per
882 2257 1068 2347 digammon
1082 2260 1185 2327 scribi
1208 2277 1357 2328 veterum

331 2366 504 2431 auctoritas
518 2363 817 2454 orthographorum
833 2380 986 2443 testatum
1000 2366 1077 2454 quia
1092 2387 1165 2436 ver,
1182 2363 1270 2431 unde
1285 2388 1361 2432 ver·

331 2497 411 2538 num
426 2471 645 2538 derivativum
659 2469 816 2552 ducitur,
840 2494 901 2558 per
920 2494 962 2534 ·v·
982 2488 1116 2539 constat.
1135 2472 1262 2540 Verum
1275 2470 1360 2539 haec

330 2581 459 2645 nomina
473 2602 538 2644 non
553 2577 595 2641 ad
610 2599 767 2665 paeonem
783 2577 924 2664 primum
938 2577 1133 2665 pertinentia
1148 2577 1360 2666 protulimus,

330 2688 389 2755 sed
404 2687 447 2752 ad
467 2685 704 2754 ostendendam
725 2686 850 2773 primae
868 2683 1095 2751 declinationis
1111 2685 1146 2750 in
1162 2683 1305 2751 ablativo
1320 2685 1363 2750 fi-

333 2792 520 2877 nalitatem,
534 2794 591 2859 uhi
605 2815 734 2881 semper
749 2816 786 2856 a.
802 2788 1013 2879 producitur,
1027 2807 1062 2855 ut
1077 2792 1171 2858 Geta.
1186 2789 1364 2859 Scanditur

331 2919 437 2968 autern
451 2904 514 2965 ita:
530 2937 547 2949 -
559 2900 684 2966 ridicu,
697 2897 954 2980 loveGe,taseu,
971 2895 1274 2988 qualibet,arteca,
1288 2921 1366 2963 nen·

330 3006 374 3071 di.
391 3005 547 3097 Alioquin
564 3024 652 3070 tasen
670 3026 735 3070 non
752 3020 831 3072 esset
845 3002 1026 3091 spondaeus
1039 3002 1098 3068 aed
1109 3002 1256 3072 iambus,
1272 2998 1362 3093 quod

332 3111 458 3175 heroici
482 3110 660 3175 hexametri
685 3107 796 3198 regula
828 3108 953 3173 abnuit.
979 3109 1062 3174 ltern
1089 3124 1204 3174 neutra
1231 3107 1364 3196 paeonia

330 3215 453 3303 primi,
478 3232 513 3277 ut
540 3212 735 3297 concilium,
763 3213 958 3302 attgnrinm,
983 3210 1204 3299 supplicium,
1227 3210 1362 3277 discidi-

332 3346 387 3385 um
401 3346 417 3387 ,⁴
436 3319 639 3408 principium
654 3357 664 3385 ,
689 3319 857 3384 servitium
872 3355 883 3385 ,
908 3317 1105 3383 vestibulum
1120 3355 1129 3385 ,
1153 3315 1334 3384 turibulum
1349 3349 1361 3384 s

335 3426 539 3515 coniugium,
557 3424 732 3505 auxilium,
747 3421 913 3515 eloquium
929 3422 1151 3514 colloquium,
1166 3421 1360 3491 consilium,

332 3529 521 3621 peniculum
538 3531 572 3596 id
589 3550 634 3597 cst
655 3534 812 3621 spongia3
837 3531 924 3596 uude
947 3540 1040 3618 po'eta
1058 3556 1133 3595 cum
1157 3527 1197 3597 de
1215 3527 1364 3618 patibulo

330 3636 507 3706 salvatoris
529 3648 678 3727 podmate
699 3655 851 3728 pangeret
866 3635 1127 3726 ait-*peniculo
1146 3633 1288 3702 inlusum
1302 3658 1358 3701 ca·
1430 3620 1437 3633 ⁶

329 3745 416 3811 lamo
443 3747 584 3833 porrexit
610 3757 819 3822 acetum-*3
842 3746 1036 3836 ingenium,
1062 3742 1249 3826 indicium,
1272 3740 1364 3806 arbi·

332 3856 458 3937 trium,
479 3854 680 3943 imperium,
702 3852 899 3936 solstitium,
920 3852 1106 3941 hospitium.
1123 3851 1204 3916 ltem
1223 3847 1363 3919 caelico-

330 3958 385 4040 la,
409 3958 578 4047 agticola,
601 3957 816 4039 christicola,
842 3957 1010 4039 ruricola,
1036 3956 1267 4047 phoebigena,
1290 3971 1363 4020 tro-

333 4067 474 4156 iugena,
496 4066 700 4158 graiugena,
725 4062 902 4156 folligena,
928 4063 1092 4157 nubigena
1120 4062 1183 4132 hoc
1207 4078 1255 4128 eat
1282 4084 1363 4128 cen-
