3382 5206
728 578 947 630 amaneu.
1287 584 1321 630 ΙΧ

327 723 395 770 sem
415 696 627 799 episcopum
655 699 780 773 scribit
805 699 903 773 idem
928 698 1124 798 Gregorius
1146 702 1212 802 (r).
1232 698 1353 773 Enno-

329 824 434 911 lius‚
462 826 528 926 qui
549 828 696 902 saeculo
723 846 821 903 sexto
841 848 989 902 meunte
1016 829 1140 905 floruit
1160 830 1251 903 duos
1277 857 1350 904 me-

330 966 435 1021 morat
455 952 625 1050 temporis
644 953 703 1025 sui
722 949 886 1049 Virgilius
906 1008 916 1039 ,
943 953 1094 1027 alterum
1115 954 1154 1026 in
1175 954 1274 1054 epist.
1290 958 1349 1031 33.

330 1072 396 1147 sie:
419 1073 600 1171 Virgilius
627 1074 789 1147 sublimis
818 1081 874 1148 vir·
892 1134 909 1162 ,
933 1091 1006 1149 tum
1034 1082 1209 1175 sarrguine
1238 1107 1348 1183 quam

329 1193 503 1269 honestate
519 1204 747 1300 praecipuus
765 1254 780 1284 ,
804 1204 941 1300 imponi
967 1198 1037 1272 sibi
1055 1200 1261 1274 Revamam
1285 1228 1350 1274 ex-

329 1320 498 1393 currendi
522 1328 766 1395 necessitatum
781 1327 983 1424 plurimum
1007 1321 1120 1420 deflet.
1142 1321 1185 1395 ld
1206 1323 1251 1396 ad
1272 1352 1350 1397 nos·

284 1442 292 1465 '
330 1461 417 1517 trum
438 1446 708 1542 grammaticum
727 1445 902 1546 pertinere
921 1446 980 1519 vir
1006 1463 1104 1547 puto.
1122 1444 1289 1523 Alterum
1309 1449 1348 1521 in

328 1568 492 1666 epigram.
521 1570 591 1645 118
605 1614 632 1626 -
650 1596 720 1644 122
740 1568 933 1668 Virgilium
951 1568 1142 1645 Ennodius
1161 1573 1348 1661 nominat,

326 1719 392 1791 quo
414 1691 492 1764 loco
511 1692 691 1792 ‹lesignari
711 1710 875 1767 nostrum
898 1705 1038 1795 (quem
1056 1691 1247 1771 Ennodius
1270 1752 1280 1784 ‚
1307 1713 1349 1768 ut

327 1848 395 1893 mos
418 1822 608 1894 morbusre
637 1837 690 1893 est
716 1820 906 1892 hominum
931 1819 1207 1909 litteratorum,
1234 1819 1349 1919 despi-

327 1945 437 2016 ciebat
465 1945 612 2015 fortasse
635 1943 690 2015 vel
717 1943 798 2017 odio
817 1944 1121 2043 prosequebatur)
1144 1942 1244 2016 valde
1273 1969 1347 2015 sus-

328 2074 479 2170 picarer,
500 2070 568 2141 nisi
588 2096 673 2142 eum
692 2086 832 2169 poetam
851 2068 1064 2158 Ennomus,
1085 2097 1159 2142 non
1181 2094 1347 2165 gramma-

330 2196 457 2284 ticum,
479 2194 644 2271 diceret:
671 2221 887 2295 quamquam
911 2221 1033 2269 versus
1057 2221 1204 2295 quoque
1231 2192 1346 2289 Virgi-

328 2321 405 2396 lium
427 2337 594 2394 nostrum
612 2320 824 2393 factitavisse
844 2347 917 2393 non
939 2337 991 2393 est
1009 2318 1258 2392 dubitandum.
1281 2316 1344 2388 Sic

327 2475 399 2543 ergo
422 2445 643 2521 Ennodius:

469 2615 501 2665 ln
522 2625 628 2665 tantum
647 2612 727 2684 prisci
748 2613 860 2665 defluxit
879 2611 947 2663 lama
967 2612 1108 2668 Maronis,

546 2705 580 2757 Ut
599 2716 626 2757 te
644 2704 786 2769 Virgilium
805 2702 909 2756 saecula
928 2715 1017 2757 nostra
1037 2704 1139 2755 darent

470 2799 496 2848 Si
518 2796 591 2849 latua
609 2795 719 2849 dabitur
740 2806 793 2845 tam
812 2805 933 2847 sanctum
952 2813 1047 2847 nomen
1065 2792 1204 2847 linorellis,

544 2889 636 2939 Gloria
656 2888 783 2940 maiorum
802 2897 891 2938 curret
911 2886 937 2938 irr
955 2883 1135 2957 opprobrium·

470 2980 586 3051 Captivo
604 2980 702 3032 stultus
722 2948 871 3046 eorlgaurlet
890 2988 1028 3029 stemmate
1047 2987 1143 3039 vatem

543 3074 602 3126 Nou
621 3085 661 3126 est
680 3073 810 3139 Virgilius
826 3109 833 3127 ‚
853 3073 954 3125 dicitur
972 3088 1028 3123 esre
1047 3083 1143 3123 tamea.

468 3167 587 3218 Externo
605 3164 730 3234 ‹praetiem
749 3163 876 3216 vocitaris
897 3163 1000 3217 nomine
1020 3164 1148 3217 drmcns.

545 3259 571 3310 Si
592 3256 643 3311 tibi
661 3270 725 3311 suat
744 3275 853 3312 sensus.
873 3256 993 3327 prospice
1012 3273 1044 3307 ne
1062 3254 1164 3307 vestias.

468 3352 524 3403 Cur
544 3363 570 3403 te
590 3349 731 3415 Virgilium
750 3346 870 3400 mentiris
889 3340 1156 3415 pessime,nostruml

542 3443 603 3496 Nou
622 3451 697 3513 potes
716 3454 772 3493 esre
792 3440 885 3494 Maro,
905 3438 950 3492 sed
970 3449 1045 3508 potes
1063 3454 1118 3489 esse
1137 3455 1216 3489 moro·
1237 3435 1277 3506 (9.)

323 3554 456 3653 Virgilii
483 3555 594 3626 nostri
622 3570 719 3654 pater
744 3551 887 3625 videtur
913 3549 1051 3622 Aeneas
1078 3547 1341 3645 grammaticus:

324 3679 374 3751 lric
393 3679 490 3751 enim
509 3677 625 3749 filium
647 3703 753 3749 suum
773 3673 966 3772 Virgilium
986 3673 1074 3745 dicit
1091 3702 1122 3770 p.
1139 3672 1339 3769 50.84.ς)1,.

329 3831 402 3879 roo.
429 3804 502 3878 128
528 3860 537 3890 ‚
566 3802 625 3901 qui
646 3817 843 3899 postremus
870 3798 972 3870 loeus
994 3822 1069 3871 rem
1088 3794 1196 3890 magis
1223 3796 1342 3865 fortas-

400 3997 440 4069 (ι)
461 3994 522 4047 Lib·
536 3994 583 4044 cit.
598 4011 638 4063 ep·
649 3989 693 4047 53.

393 4094 443 4163 (a)
465 4091 488 4142 A
509 4103 602 4155 graeco
619 4088 701 4159 μωρὸς
722 4086 837 4136 stultus.
