3382 5206
356 611 423 706 rot

319 741 423 798 duobus
433 739 562 812 nonuplis
573 738 665 792 dicant
675 735 732 790 fleri
744 753 806 806 pos-

319 831 466 897 „figuram
481 826 668 898 compositam
685 822 732 877 sed
741 839 807 876 con-

320 929 364 973 tra
395 917 538 971 eorundem
567 912 727 985 imperitiam
755 928 809 963 non

320 1007 429 1074 dignum
447 1014 489 1058 est
505 1014 535 1056 ut
548 1013 637 1057 nostra
652 999 810 1072 respondeat

320 1094 459 1149 sennua,
489 1089 704 1163 quandoquidem
737 1086 810 1139 nulle

320 1200 383 1254 pars
401 1178 529 1233 orationis
548 1176 729 1249 repperiatur.
741 1189 812 1244 quas

321 1288 356 1323 ex
373 1266 475 1321 duobus
501 1265 634 1336 corruptis
651 1262 689 1316 sit
710 1259 811 1314 consti·

320 1368 402 1416 tuta.
430 1357 483 1409 nisi
512 1355 537 1408 si
555 1365 646 1408 contra
671 1358 812 1423 praecepta

288 1476 291 1481 ,
321 1448 433 1510 ,cuelitns
452 1446 515 1510 data
535 1446 676 1509 integram.
699 1439 750 1492 hoc
772 1448 813 1490 est

322 1549 425 1612 partem
442 1533 586 1590 orationis,
597 1532 625 1583 in
638 1529 704 1581 duos
722 1536 812 1598 partes

321 1625 468 1681 scindunt,
493 1633 521 1676 et
545 1618 716 1689 compositam
743 1616 813 1680 figu-

323 1730 381 1768 ram
414 1729 447 1774 ea
474 1696 539 1781 ipsis
577 1705 746 1759 constituunt
783 1710 813 1752 ut

324 1799 469 1872 simplicem
487 1813 567 1866 quam
587 1793 706 1846 rdsersre
724 1805 814 1860 reppe-

324 1888 454 1951 riantur,
482 1881 616 1952 siquidem
642 1877 753 1949 simplex
780 1891 813 1927 ex

326 1975 451 2042 integro.
477 1970 506 2025 id
530 1981 571 2023 est
595 1985 629 2027 cx
653 1983 707 2018 una
737 1972 813 2036 parte

326 2065 456 2120 orationis
474 2070 578 2115 tentum
597 2056 745 2110 constituta
759 2069 814 2108 esso

325 2153 477 2215 inveniatur
485 2170 494 2214 3
508 2159 536 2202 st
548 2146 625 2202 ideo.
638 2156 669 2197 ut
682 2143 812 2197 diximus,

325 2245 392 2316 quia
410 2259 443 2295 ex
460 2237 564 2292 duobus
582 2233 715 2304 corruptis
733 2250 812 2284 num-

327 2348 409 2402 quam
422 2331 504 2397 figura
518 2321 663 2394 composita
675 2337 732 2373 esso
745 2337 813 2372 mon·

327 2427 440 2473 ututur.
478 2415 516 2467 De
544 2413 627 2477 figura
652 2407 813 2463 nominum.

326 2514 457 2575 quantum
474 2498 543 2554 ratio
561 2494 701 2569 poscebat.
713 2504 814 2546 tracta-

327 2593 424 2652 vimus·

405 2763 446 2823 18·
466 2781 501 2819 nr
521 2774 743 2816 constructore·

331 2884 529 3010 Comparatio
554 2936 689 2990 nominum
715 2930 817 2986 scilicet

332 3029 551 3101 appellativorum
561 3044 615 3083 est.
627 3041 681 3093 qua
692 3039 738 3093 por
756 3037 817 3088 grn-

332 3121 382 3174 dus
413 3115 575 3173 conlationis
611 3098 718 3165 nominc
752 3126 818 3175 aug-

330 3219 420 3262 menta
446 3217 493 3257 out
524 3199 715 3258 deminutiones
746 3196 818 3249 occi-

329 3297 420 3370 piunt·
446 3293 483 3345 ili
500 3301 562 3344 sunt
582 3299 651 3344 tres.
680 3296 707 3339 ct
730 3284 820 3355 appel-

329 3385 422 3439 lantur
438 3379 568 3453 positivus
586 3376 642 3429 sire
667 3371 820 3427 absolutus.

333 3469 551 3545 comparativus,
568 3461 753 3534 superlativus.
772 3462 820 3514 Po-

332 3561 429 3617 sitinus
447 3556 502 3612 sive
516 3552 650 3606 absolutus
668 3561 708 3603 est
724 3549 820 3615 gradus

333 3650 393 3721 ipsa
410 3643 510 3717 positio
525 3678 531 3698 ,
551 3652 582 3692 ut
600 3651 682 3711 puta,
700 3635 776 3698 iortis
794 3646 822 3689 et

334 3747 421 3791 cetere
440 3732 513 3786 talia·
541 3726 742 3798 Comparativus
761 3742 821 3792 gra·

335 3823 385 3876 dus
403 3830 443 3874 est
461 3816 566 3886 aliquid
586 3814 749 3867 addensent
771 3812 824 3864 mi-

598 630 854 684 omnmtrtcus
882 626 1082 679 vtwtctnus

860 735 921 806 plus
940 737 1057 792 adiciens
1083 753 1132 796 aut
1156 742 1278 798 minuens
1303 761 1350 815 per

860 829 1097 898 comparationem.
1110 840 1142 884 ut
1159 844 1225 904 puta
1239 832 1352 888 fortissi-

862 932 938 973 mus,
957 916 1137 978 miserrimus.
1154 931 1183 974 et
1200 932 1287 974 cetera
1305 929 1349 974 ta-

859 1000 906 1053 lia.
927 1002 994 1056 Sane
1011 1023 1065 1060 non
1082 1025 1184 1080 semper
1201 1007 1266 1060 haec
1292 1024 1350 1059 om-

861 1089 907 1142 nia
926 1092 1032 1146 nomina
1049 1114 1096 1167 per
1114 1114 1203 1151 ornnes
1221 1107 1275 1149 tres
1294 1110 1351 1162 gra·

862 1175 913 1231 dut
931 1180 1089 1236 conlationis
1107 1191 1294 1255 perseverant:
1307 1182 1350 1232 in·

863 1264 967 1316 tendum
985 1270 1056 1321 enim
1075 1269 1248 1322 inveniuntur
1263 1265 1351 1319 nomi·

863 1368 898 1406 na
916 1370 984 1422 quae
1004 1355 1032 1408 in
1049 1356 1163 1426 positivo
1187 1355 1245 1409 sive
1274 1351 1361 1405 abso-·
1378 1366 1388 1389 *-

863 1436 922 1492 luto
939 1441 1022 1508 gradu
1041 1453 1146 1496 tantum
1173 1444 1229 1495 sint
1252 1439 1354 1494 consti·-
1417 1460 1420 1467 ·

865 1536 940 1585 tutu.
958 1538 989 1580 ut
1007 1541 1086 1600 puta.
1104 1547 1203 1588 novus,
1221 1539 1250 1582 et
1266 1537 1354 1579 cetera

865 1619 939 1671 talin·
958 1621 1093 1677 interdum
1111 1640 1180 1695 quae
1199 1621 1227 1680 iu
1246 1636 1354 1689 compa-

865 1710 1081 1769 immolestum,
1092 1722 1216 1782 utputa,
1226 1711 1336 1763 interior
1347 1744 1355 1765 2

864 1806 891 1850 ct
917 1807 1005 1849 cetere
1030 1798 1106 1850 talia.
1127 1799 1261 1852 interdum
1284 1814 1354 1866 quae

866 1885 894 1937 in
902 1885 1019 1956 positivo
1033 1887 1089 1940 sire
1103 1886 1238 1944 absoluto,
1249 1896 1276 1940 et
1290 1903 1356 1938 com·

862 1973 985 2044 paratino
1000 1985 1156 2032 tantum,ut
1165 1985 1243 2045 puta,
1252 1974 1356 2041 ingens.

863 2061 1013 2130 ingentior.
1027 2072 1054 2116 et
1070 2074 1157 2116 cetera
1175 2063 1247 2115 talia.
1267 2063 1354 2114 Inter-

863 2148 927 2202 ‹lurn
945 2151 1054 2220 quaein
1072 2151 1189 2223 positivo
1213 2161 1241 2203 et
1260 2167 1353 2220 super-

863 2237 1278 2309 lativotantum.utputa‚pius‚
1292 2236 1356 2306 piis·

863 2324 960 2380 timus.
977 2334 1005 2375 et
1022 2334 1107 2376 cetera
1127 2324 1199 2377 talia·
1219 2322 1355 2375 Interdum

864 2410 981 2480 quaein
1008 2411 1191 2482 comporntivo
1210 2422 1238 2464 et
1261 2429 1357 2482 super-

865 2498 950 2552 lativo
967 2508 1087 2555 tantum.
1105 2508 1136 2552 ut
1153 2508 1233 2569 puta,
1248 2499 1354 2569 potior.

865 2585 1036 2656 potissimus.
1055 2596 1084 2638 et
1103 2596 1187 2638 cetera
1207 2586 1280 2638 talia.
1296 2585 1357 2636 Fre·

866 2683 977 2743 quenter
992 2690 1053 2726 vero
1065 2690 1133 2741 quse
1144 2691 1191 2744 per
1204 2690 1291 2727 omnes
1304 2683 1358 2724 tres

867 2761 963 2829 gradus
984 2771 1170 2831 perseverant.
1185 2771 1215 2814 ut
1228 2770 1311 2831 puta.
1325 2758 1359 2811 ie-

867 2854 923 2911 lix.
942 2851 1043 2906 ielicior
1054 2888 1061 2909 .
1074 2852 1260 2910 felicissimus.
1275 2865 1302 2906 et
1320 2871 1360 2905 cc·

868 2951 927 2994 tera
948 2940 1026 2997 talia.

902 3029 978 3081 Nunc
996 3027 1046 3080 lroo
1058 3026 1215 3097 quaeritur,
1243 3043 1298 3096 qun
1327 3025 1361 3080 de

867 3131 946 3167 consa
963 3115 1027 3165 haec
1052 3113 1142 3183 aliquo
1160 3113 1291 3171 nomino.
1319 3114 1358 3164 si·

869 3203 926 3257 cuti
961 3221 1042 3274 supra
1076 3205 1271 3281 ostopdimus‚
1306 3222 1359 3255 non

870 3311 917 3364 per
944 3309 1031 3347 omnes
1071 3292 1168 3359 gradus
1203 3291 1362 3346 conlationis
1423 3312 1428 3321 ·

871 3375 1059 3451 perseveranti
1079 3379 1167 3446 Quare
1191 3380 1242 3432 hoc
1270 3396 1362 3430 mone·

869 3485 925 3520 rous
945 3466 1018 3536 quod
1037 3468 1179 3520 eorundem
1204 3485 1282 3521 sonos
1302 3483 1362 3518 cum

870 3554 979 3623 syllabis
1013 3565 1040 3612 ct
1069 3553 1222 3607 ementibus
1250 3554 1277 3605 in
1310 3570 1366 3604 rne-

871 3641 920 3693 tris
946 3650 1115 3711 conpetenter
1139 3652 1254 3694 mactare
1278 3639 1361 3691 debe-

872 3728 977 3787 bimus.
994 3729 1096 3783 scilicet
1115 3741 1146 3783 ut
1167 3729 1276 3800 quando
1295 3729 1361 3780 haec

876 3815 985 3874 nomina
1003 3817 1199 3886 comparativus
1217 3817 1258 3869 vel
1278 3834 1368 3887 super·

335 3929 419 3967 nuens
445 3926 492 3980 per
514 3904 764 3974 comparationem·
793 3912 825 3955 ut
880 3909 978 3963 lutivos
996 3906 1092 3975 madus
1105 3907 1237 3959 sustinere
1250 3905 1369 3966 possint.

333 4009 402 4075 puta
419 3995 529 4051 sortior,
546 3992 674 4047 brevior.
692 4000 720 4043 et
739 4000 825 4044 cetera
880 4000 1034 4053 doceamus.
1052 3998 1120 4048 sane
1145 3995 1307 4066 comparatio
1325 3995 1369 4047 hi,

337 4088 411 4157 telin„
425 4081 606 4167 Superlttivus'
623 4079 719 4147 gradus
736 4090 776 4134 est
794 4096 826 4134 eo
875 4083 1029 4144 nominibus
1047 4081 1163 4145 accidit.
1181 4100 1251 4154 quae
1275 4082 1370 4154 queli-
