3382 5206
419 600 663 664 ooarsrtonss
688 598 1003 651 cenomannenses.
1123 576 1191 678 347

189 709 314 803 gendos
335 731 385 780 est
411 716 434 753 “
460 715 594 803 spiritus
612 728 740 783 sanctus
762 729 893 802 epatre
916 729 949 781 et
968 711 1037 781 filio
1056 736 1123 782 non
1149 713 1216 781 fac*

188 837 264 904 tus,
285 848 346 890 nec
367 839 520 907 creatus,
541 847 601 891 nee
627 825 782 914 genitus,
805 822 863 887 sed
886 822 1065 913 procedens
1086 827 1109 865 “
1136 822 1216 891 licet

187 930 282 998 multi
305 953 365 1021 pro
388 932 596 1021 simplicitate
616 930 799 1000 intellectus
817 933 867 1000 sni
891 950 1051 1001 conentur
1070 932 1213 1001 abrade·

188 1063 225 1109 re
250 1038 286 1107 id
311 1040 403 1131 quod
426 1059 474 1109 est
491 1044 514 1080 ‘⁶
536 1066 598 1109 nec
616 1044 746 1133 genitus
765 1091 787 1127 ‚‚
808 1061 980 1133 propterea
1008 1041 1098 1133 quod
1124 1043 1214 1133 opud

188 1147 268 1217 alios
283 1151 460 1221 catholicos
478 1177 573 1243 saepe
586 1151 705 1246 legitur
719 1158 741 1194 ‘⁶
755 1156 886 1245 spiritus
899 1173 1027 1223 cennos
1042 1179 1105 1224 nec
1119 1157 1212 1245 geni·

188 1280 238 1327 tus
252 1260 308 1328 sed
325 1261 536 1352 procedens„
550 1261 631 1331 licet
649 1264 743 1333 multi
758 1269 780 1307 ‘⁶
798 1289 858 1334 nec
873 1267 1037 1356 ingenitus
1050 1314 1060 1351 ,
1073 1266 1131 1332 sed
1146 1282 1215 1332 tan-

189 1387 256 1436 tum
278 1373 503 1458 procedens„.
518 1375 581 1459 Qui
604 1390 807 1443 correctores
819 1377 847 1442 si
860 1387 1070 1442 recurrerent
1093 1373 1135 1439 ad
1159 1375 1213 1439 in-

189 1482 343 1550 teriorem
368 1481 493 1573 logicae
522 1483 848 1569 considerationem,
878 1481 1026 1576 profecto
1058 1481 1213 1573 perside·

189 1612 261 1662 rent
275 1595 309 1659 iu
324 1611 463 1685 utraque
478 1598 654 1663 assertione
675 1595 827 1665 stabilem
841 1595 919 1669 fidei
934 1596 1132 1667 firmitatem.
1151 1597 1214 1665 Ha·

188 1706 244 1773 bet
263 1729 340 1772 sane
358 1703 472 1774 eadem
494 1703 574 1772 fides
596 1706 631 1771 in
660 1704 828 1774 divinitate
854 1707 1006 1775 trinitatis
1033 1703 1122 1798 qood
1146 1703 1210 1773 clia

187 1814 228 1878 sit
252 1837 388 1901 persona
405 1815 530 1902 patris,
552 1814 617 1887 alis
640 1813 721 1882 filii,
745 1815 807 1881 alie
836 1816 968 1905 spiritus
986 1817 1090 1884 sancti
1104 1866 1116 1900 ‚
1131 1838 1212 1909 quas

189 1924 442 2014 proprietatibus
455 1924 633 1993 informant
651 1925 898 2009 catholici‚non
922 1925 1065 1996 diversas
1083 1945 1216 2018 tempo-

191 2035 282 2103 ribus
310 2054 365 2103 ant
386 2036 476 2104 locis.
495 2037 580 2103 Nam
605 2034 696 2129 quod
718 2052 814 2126 pater
843 2061 908 2106 non
937 2053 987 2105 cst
1014 2036 1119 2104 factus
1152 2064 1212 2108 nec

190 2163 341 2230 creatus,
369 2171 539 2215 commune
566 2165 613 2216 est
631 2149 660 2216 ei
685 2171 758 2214 cum
782 2144 850 2245 titio
878 2165 912 2217 et
934 2149 1050 2239 spiritu
1077 2165 1213 2217 sanctos

190 2254 278 2345 qnod
305 2279 382 2325 vero
407 2280 472 2323 non
498 2274 545 2324 est
567 2258 716 2349 genitus,
730 2278 903 2326 commune
923 2275 971 2326 est
1000 2280 1074 2325 com
1095 2259 1212 2347 spiritu

189 2382 322 2449 sancto,
347 2364 403 2431 sed
430 2390 496 2433 non
516 2390 591 2432 cum
610 2362 703 2434 filios
725 2365 814 2458 qnod
838 2385 946 2435 notent
969 2366 1056 2435 iilius
1081 2385 1129 2434 est
1155 2392 1215 2459 ge·

189 2475 292 2557 nitus,
313 2471 422 2572 differt
444 2474 486 2538 ab
516 2498 554 2542 eo
577 2494 668 2564 pater
691 2493 723 2541 et
745 2476 887 2567 spirituus
908 2475 994 2545 Cum
1019 2498 1097 2567 ergo
1121 2495 1216 2566 pater

189 2585 230 2650 sit
253 2585 416 2674 ingenitus
431 2632 441 2666 ‚
459 2582 543 2650 filius
568 2587 722 2677 genitus,
748 2586 881 2676 spiritus
909 2609 985 2653 sero
1006 2603 1134 2652 snttctus
1151 2606 1215 2652 nec
1241 2606 1246 2612 ·

190 2694 316 2783 genitos
332 2720 393 2762 nec
415 2695 605 2787 ingenitus,
632 2714 757 2763 constat
782 2699 858 2788 quia
886 2721 949 2763 nec
978 2713 1070 2786 peter
1090 2721 1152 2764 nec
1171 2690 1217 2764 fi-

192 2803 252 2870 lius
266 2806 323 2894 qni
337 2822 487 2874 neutram
508 2830 621 2874 earum
635 2830 846 2895 per-sonarum
874 2806 1088 2875 differentiam
1112 2810 1213 2873 sorti-

188 2935 253 2983 tur.
284 2916 351 2984 Sed
372 2919 399 2983 si
426 2918 557 3009 spiritns
579 2935 709 2984 sanctus
732 2943 796 2987 non
824 2935 871 2986 est
900 2919 1052 3011 genitus,
1080 2920 1125 2983 ait
1148 2916 1210 2984 ali-

191 3024 289 3114 quis,
316 3024 434 3114 procul
458 3025 560 3094 dubio
577 3042 623 3092 est
648 3027 826 3116 ingenitus.
856 3025 952 3114 Quod
976 3049 1039 3091 non
1068 3026 1111 3091 ita
1128 3050 1219 3111 esse,

191 3159 267 3202 cum
290 3135 474 3207 Aristotelis
501 3141 662 3206 sententia
692 3137 847 3207 reclamat
877 3139 997 3207 locutio
1030 3153 1215 3221 consueta,

189 3270 252 3336 qna
276 3272 332 3314 nos
357 3250 501 3338 patimur
519 3251 618 3314 etiam
643 3249 685 3313 ab
713 3249 855 3316 inimicis
870 3247 1066 3333 levius‚non
1080 3271 1146 3316 esse
1168 3270 1216 3313 sa·

191 3359 313 3445 pientes
330 3408 339 3440 ‚
354 3383 451 3449 qnam
472 3359 683 3450 insipientes,
698 3358 761 3425 diei
779 3381 791 3438 ς
811 3374 845 3426 et
868 3380 934 3424 non
951 3381 1019 3424 esse
1042 3358 1141 3426 iustos
1159 3381 1217 3446 po-

190 3471 252 3535 tius
270 3494 366 3560 quam
396 3470 527 3536 iniustos
543 3520 552 3554 ,
568 3496 643 3538 cnm
669 3470 779 3560 palam
799 3469 951 3537 omnibns
971 3492 1066 3536 causa
1085 3467 1215 3534 hnmili-

189 3581 262 3645 tatis
282 3578 315 3644 id
337 3581 440 3670 ipsum
459 3580 658 3672 profiteatur·
672 3581 750 3666 Quis
769 3579 856 3671 enitp
872 3595 1020 3672 aegrotos
1039 3602 1114 3645 cum
1134 3579 1215 3647 sciat

189 3716 223 3760 se
244 3714 311 3758 non
332 3714 399 3758 esse
420 3715 556 3772 snitum,
579 3693 741 3780 patienter
761 3688 871 3756 audiet
893 3714 926 3755 se
953 3712 1019 3757 esse
1038 3682 1213 3756 insenum?

189 3802 244 3872 sic
257 3800 295 3867 fit
318 3819 353 3865 nt
368 3799 529 3889 quaedam
545 3800 667 3892 absque
682 3799 864 3891 privatione
878 3815 994 3891 negata
1008 3848 1018 3882 ‚
1033 3821 1110 3864 sera
1128 3797 1214 3876 sint;

192 3936 275 4001 qnae
295 3911 472 3999 privatorio
493 3909 647 3981 affirmata
661 3963 671 3992 ‚
685 3934 761 3975 vern
789 3933 858 3976 esse
879 3934 942 3978 non
966 3909 1111 3999 possint3
1137 3907 1217 4000 qui-

189 4021 249 4086 bus
274 4038 382 4084 tannen
409 4020 594 4106 privatoriis
623 4022 648 4087 si
668 4018 884 4109 hyperbatice
915 4019 1124 4109 superveniet
1157 4039 1217 4082 ne·
