3382 5206
662 641 706 686 DE
732 637 1029 686 entseosmloue.

326 745 461 807 eatiems.
479 757 505 798 et
525 745 583 797 ideo
604 743 707 796 easdem
723 752 750 794 et
773 761 819 794 ea-

330 835 447 887 rumdem
481 831 688 900 significationes
718 830 819 882 subici·

330 941 414 978 mus.
439 922 489 974 hee
511 931 552 972 est
576 930 607 979 ut
630 918 802 971 dinoscantur
816 930 842 973 ,⁸

330 1008 439 1077 quande
466 1008 521 1059 sint
551 1005 777 1077 praepositiones,
799 1013 824 1054 et

328 1097 436 1168 quaudo
457 1096 568 1146 aliarum
586 1095 701 1165 partium
724 1094 826 1146 eratio-

331 1189 371 1241 nis
398 1186 516 1239 habeant
540 1185 768 1253 significationen
798 1193 828 1234 ut

330 1287 414 1347 pata.
434 1286 495 1327 aute
508 1303 522 1314 ·
537 1275 670 1341 signifieat
684 1283 711 1324 et
731 1271 826 1322 edver-

329 1365 403 1417 bium
424 1364 566 1434 temporis‚
587 1374 618 1415 ut
636 1361 708 1434 apud
734 1361 828 1426 Vergi-

333 1455 420 1507 lium.
441 1463 504 1505 ante
521 1450 592 1504 leves
604 1437 666 1518 ergo
687 1460 829 1522 pascentur

336 1540 361 1593 in
379 1539 485 1592 aethere
496 1538 577 1593 cervi·
598 1539 664 1591 itera
682 1537 754 1608 apud
771 1537 828 1588 Sal·

282 1648 285 1655 ·
334 1628 473 1684 testium,
504 1627 637 1679 Antonius
664 1627 757 1696 paneis
784 1645 826 1676 au·

338 1731 363 1771 te
377 1717 482 1770 diebus.
495 1748 510 1760 ·
525 1717 671 1771 Adversum
690 1747 705 1761 -
725 1718 829 1784 signiti-

252 1838 268 1859 -ι
335 1823 379 1863 eat
399 1822 426 1865 et
444 1810 634 1882 participium.
655 1821 685 1862 et
703 1821 769 1879 puta
784 1809 830 1859 nd-

337 1918 438 1952 versum
465 1898 559 1960 vulnus
586 1897 697 1968 aceepit.
723 1895 828 1949 Circum

335 1988 469 2053 siguificat
482 1998 510 2039 et
526 2004 619 2039 nornen
639 1985 708 2041 leci.
730 1985 777 2038 nbi
793 1985 831 2036 lu·

338 2076 366 2127 di
393 2077 521 2128 cunenses
553 2088 667 2144 aguntur
687 2110 697 2127 .
731 2076 831 2129 Contra

338 2165 468 2231 signifieat
488 2177 514 2218 et
529 2163 683 2218 adverbium
696 2201 703 2221 .
714 2175 744 2218 ut
762 2165 833 2235 apud

340 2254 486 2320 Vergilium
500 2291 507 2311 ,
523 2253 567 2307 ilie
581 2251 628 2305 ubi
644 2271 685 2306 me
695 2266 786 2307 eontra
797 2255 835 2306 vi-

340 2343 394 2396 det·
428 2345 475 2395 l'er
494 2372 509 2383 ·
527 2342 664 2411 signifieat
687 2354 714 2396 et
741 2344 837 2396 adver-

338 2431 410 2484 bium
423 2445 453 2486 nt
469 2444 549 2504 puta.
568 2431 737 2503 perdisertus·
762 2433 838 2484 l’rae·

338 2532 376 2574 ter
397 2523 531 2589 signifieat
554 2535 582 2575 et
612 2520 790 2576 adverbium,
806 2530 837 2572 nt

342 2611 413 2680 apud
435 2611 605 2667 Sallustium.
624 2621 732 2681 praetes
751 2628 837 2662 rerum

342 2700 497 2770 capitalium
533 2699 741 2753 condemnatis·
777 2702 837 2752 Post

339 2789 470 2852 signifieat
486 2802 512 2844 et
533 2790 706 2846 adverbium,
721 2802 751 2842 ut
767 2791 836 2861 apud

342 2878 505 2944 Vergilium,
520 2890 579 2949 post
597 2880 663 2931 mibi
685 2899 736 2933 neu
758 2881 838 2932 simili

342 2985 426 3036 peeua
453 2966 592 3018 commissa
615 2966 709 3019 luetis.
740 2968 839 3018 Serum

342 3053 405 3103 ‹lnru
426 3083 435 3093 -
458 3053 589 3119 significat
603 3065 628 3105 et
649 3071 740 3105 nomen
760 3072 838 3103 aecu-

341 3140 421 3190 ¹nativi
444 3157 527 3191 casus·
543 3169 558 3180 -
573 3141 639 3192 Cum
663 3142 794 3207 signifieat
813 3152 841 3193 et

343 3229 497 3282 adverbium
513 3268 519 3285 ,
534 3241 564 3282 ιιι
578 3230 649 3300 aptrd
670 3230 840 3284 Ciceronem.

344 3335 403 3368 euru
416 3316 512 3373 iasees,
524 3336 582 3368 curu
602 3334 712 3369 secures·
724 3318 757 3369 lit
772 3318 842 3387 apud

345 3407 511 3469 Vergilium.
530 3425 590 3457 curn
615 3405 664 3458 tibi
681 3406 798 3460 sollicite
809 3426 844 3459 se·

343 3493 410 3545 creti
436 3493 470 3543 aul
495 3493 611 3544 fluminis
639 3493 744 3545 trudetu.
777 3495 841 3547 ltern

344 3601 403 3634 cum
434 3582 555 3635 suble-tta
587 3603 645 3636 cum
677 3587 841 3655 pronomini-

345 3667 444 3722 busiris
456 3670 608 3721 arim-virium
622 3672 795 3727 ‹lerneus-nar.
811 3688 840 3726 ut

345 3767 409 3824 puta
429 3773 544 3810 mecum.
567 3770 667 3810 terrun.
683 3762 842 3819 nobiseum.

345 3845 489 3897 vublsenuv.
515 3850 563 3898 l’re
578 3878 590 3886 -
606 3850 736 3913 signifieat
754 3863 780 3903 et.
797 3852 841 3902 ad-

346 3933 463 3986 verbium
485 3947 513 3986 ιιι
533 3947 616 4003 puta.
641 3956 686 4006 pro
707 3940 842 4009 luppiterl

347 4022 444 4073 Prae·
463 4023 594 4088 signifieat
614 4035 638 4076 et
662 4024 839 4083 adverbium,

348 4119 376 4161 et
395 4110 465 4180 apud
490 4110 661 4168 'ferentinum
681 4126 773 4182 praeut
796 4117 844 4167 lru=

1270 608 1339 709 275

874 743 915 795 ius
924 741 1019 794 rabies.
1035 741 1095 794 Sine
1106 769 1121 780 ·
1132 739 1266 807 signifieat
1278 755 1306 798 et
1317 761 1371 797 ver-

874 827 955 886 bum,
980 840 1010 882 ιιι
1030 829 1101 898 apud
1123 824 1292 889 Terentum.'
1315 830 1373 882 siue

876 933 917 967 me
948 917 1083 986 pervenire
1109 935 1163 985 que
1195 916 1260 970 volo·
1288 918 1372 988 Super

876 1001 1008 1066 signifieat
1026 1013 1053 1054 et
1067 1000 1238 1058 adverbium,
1258 1012 1290 1055 at
1300 1001 1372 1071 apud

880 1086 1041 1160 Vergilium.
1063 1099 1090 1141 et
1109 1107 1188 1160 super
1208 1088 1259 1160 ipsi
1273 1089 1373 1141 Darda·

880 1172 959 1225 uidae
977 1173 1080 1228 infensi·
1267 1179 1271 1188 '

916 1261 992 1312 liene
1010 1262 1075 1332 qnia
1095 1263 1201 1331 leugem
1218 1274 1259 1319 est
1275 1275 1375 1318 eeteras

882 1349 1091 1420 praepositiones
1110 1341 1256 1423 proseqeis*
1272 1363 1300 1407 et
1316 1334 1376 1405 sso

882 1433 931 1487 lroe
946 1453 1079 1490 menemus
1089 1474 1096 1495 .
1108 1450 1137 1491 ut
1146 1438 1256 1509 quande
1270 1456 1379 1511 praepe

882 1522 992 1578 sitiones
1013 1527 1046 1577 ad
1066 1545 1142 1578 suum
1166 1546 1240 1582 nsum
1262 1545 1316 1579 non
1335 1542 1378 1577 re·

881 1615 1011 1684 spondere
1026 1618 1231 1688 repperiuntur,
1250 1617 1378 1671 adverbia

886 1707 924 1756 val
946 1703 974 1754 id
991 1706 1062 1774 qued
1080 1704 1230 1772 siguili'earst
1246 1707 1379 1778 appellen·

884 1804 935 1846 tur·
968 1794 1038 1846 Sane
1065 1793 1114 1845 hue
1134 1814 1266 1851 annuemus
1280 1832 1288 1855 .
1301 1797 1379 1866 'quod

883 1888 975 1958 apud·
999 1900 1027 1943 et
1051 1909 1149 1962 penes·
1173 1894 1381 1966 praepositiones

885 1996 1029 2048 numquam
1048 1979 1122 2032 aliud
1148 1999 1229 2050 qnam
1259 1970 1384 2054 idqued

886 2080 949 2120 saut
968 2067 1118 2133 siguificare
1135 2069 1329 2140 repperiantur.

928 2159 994 2210 iteru
1015 2175 1060 2228 per
1084 2169 1220 2209 accentum
1235 2157 1385 2211 discernun·
1428 2162 1430 2167 ’

891 2261 934 2303 tur
952 2249 1161 2320 praepositiones
1189 2251 1223 2301 ab
1249 2250 1383 2304 adverbiis
1473 2255 1475 2259 ’

891 2349 1004 2408 utputa
1026 2351 1099 2390 -ante
1130 2343 1153 2392 si
1170 2357 1274 2407 gravem
1296 2356 1385 2392 aceen-

892 2439 947 2480 tum
964 2427 1075 2484 bultem.
1092 2431 1141 2480 erit
1159 2428 1338 2499 praepositio.
1352 2440 1384 2482 ut

892 2516 963 2585 apurl
985 2517 1128 2583 Vergilium
1153 2546 1165 2556 ·
1184 2523 1288 2570 Aeneae
1308 2518 1387 2572 stetit

893 2617 956 2658 ante
988 2608 1066 2676 perles
1091 2629 1124 2659 -:
1153 2611 1175 2661 si
1211 2627 1272 2663 vero
1305 2623 1387 2664 ·ante·

891 2707 997 2747 seratum
1009 2708 1145 2750 aereorum
1156 2701 1262 2758 irritent,
1276 2700 1328 2752 erit
1342 2702 1389 2752 ad·

892 2783 1026 2841 verbium.
1039 2798 1068 2838 ut
1079 2788 1150 2856 :apud
1168 2789 1327 2856 Vergilium.
1346 2809 1389 2842 an·

894 2885 920 2926 te
942 2886 970 2926 et
996 2876 1121 2927 trinacria
1141 2878 1282 2929 lentandus
1305 2895 1391 2933 remus

895 2962 922 3013 in
944 2963 1024 3015 unda.

930 3051 980 3102 ·lu·
992 3063 1019 3103 et
1036 3068 1104 3103 ·cou·
1116 3052 1336 3122 praepositiones.
1349 3072 1393 3106 sn·

896 3138 1076 3193 tecertenubns
1087 3162 1118 3194 ·s·
1129 3143 1167 3193 vel
1179 3142 1208 3193 ·i·
1218 3143 1327 3199 litteris,
1335 3162 1393 3214 pre·

896 3230 1049 3291 ducuntur,
1069 3243 1098 3283 ιιι
1118 3242 1182 3300 puta
1206 3232 1333 3286 inuelem.
1357 3233 1394 3283 isa·

897 3328 997 3373 sertus.
1017 3319 1123 3375 iulelix.
1144 3322 1273 3378 iulerens,
1298 3338 1393 3375 eonse-

900 3424 981 3462 nans.
1001 3421 1151 3465 consertus,
1170 3409 1302 3463 conlusus·
1313 3411 1355 3462 Sic
1368 3419 1396 3464 et

899 3506 987 3547 cetera
1007 3497 1082 3548 talia.

934 3585 1025 3639 dim.
1059 3595 1087 3637 et
1118 3602 1152 3635 ιιι·
1190 3585 1398 3655 praepositiones

898 3670 966 3721 lrauc
999 3671 1083 3742 aliqui
1110 3673 1202 3726 velunt
1231 3672 1328 3728 habere
1353 3676 1399 3728 di·

898 3761 1052 3814 serationem
1069 3799 1076 3818 ,
1096 3774 1203 3831 utputa
1222 3764 1271 3833 qui
1296 3765 1395 3819 dixerit

897 3872 928 3903 ex
949 3852 1003 3905 iore
1030 3854 1126 3910 verrio,
1146 3855 1253 3924 eximo
1271 3853 1327 3909 loro
1351 3873 1399 3908 ve-

900 3940 957 3994 nire
983 3942 1168 4007 intellegatur:
1204 3952 1232 3995 at
1260 3959 1322 3996 vero
1348 3944 1397 4011 qui

896 4030 995 4081 eliserit
1011 4060 1025 4072 ·
1047 4049 1061 4080 a
1079 4028 1136 4082 lere
1154 4029 1230 4082 venio
1243 4046 1295 4080 ·ex
1318 4029 1393 4084 loro,

897 4118 943 4186 qui
959 4137 1039 4190 prope
1059 4118 1142 4172 loram
1164 4128 1221 4173 est,
1235 4118 1324 4169 venire
1337 4135 1389 4187 rep·

1131 4240 1216 4309 ιδ*
