3382 5206
354 585 403 680 64
725 607 876 655 urrsrom
897 609 946 655 nr.

320 717 524 816 perieulum
548 714 658 787 nihilo
689 715 811 787 minus
840 732 1035 787 mortemve
1065 713 1251 789 evadendi.
1277 713 1342 786 Sic

319 835 467 908 cohibeo
497 834 542 906 ad
573 832 871 920 continentiam,
906 831 978 904 sive
1011 832 1061 904 ad
1089 829 1245 904 alicuius
1287 833 1342 905 rei

319 937 583 1054 indulgentiam
607 951 949 1051 concessionemque
971 951 1176 1051 pertinebit.
1191 952 1343 1027 Mutan-

321 1093 383 1148 tur
405 1099 548 1174 quoqne
569 1099 634 1170 per
655 1072 787 1168 figuras
812 1127 822 1159 ‚
851 1070 948 1169 quod
971 1069 1138 1144 omnibus
1168 1098 1341 1170 apparere

323 1195 526 1292 legentibus
549 1209 665 1292 potest
687 1220 696 1267 τ
720 1208 968 1264 verumtamen
993 1219 1068 1264 uno
1090 1192 1159 1265 boe
1180 1193 1343 1290 probabi-

321 1343 401 1389 mus
424 1313 592 1413 exemplo.
607 1311 775 1386 Dicimus
799 1309 897 1383 enim
919 1327 1089 1385 construo
1113 1327 1146 1385 et
1168 1311 1312 1385 adstrue
1330 1342 1341 1406 3

320 1434 419 1510 aliud
444 1434 540 1508 enim
562 1431 807 1519 aedificandi,
829 1430 927 1504 aliud
951 1430 1176 1506 adfirmandi.
1191 1431 1342 1505 Mutan-

320 1574 380 1631 tur
401 1555 515 1628 nihilo
538 1553 660 1627 minus
689 1580 752 1650 per
781 1568 968 1650 tempora,
992 1579 1077 1626 cum
1105 1552 1144 1625 in
1174 1552 1341 1627 lectionis

321 1669 587 1744 consuetudine
607 1668 801 1749 habeamus
823 1695 993 1766 praesens
1008 1686 1151 1770 tempus
1163 1700 1227 1771 pro
1243 1701 1343 1770 prae-

236 1785 242 1803 *
319 1789 426 1862 terito
440 1788 600 1888 perlecto
617 1784 847 1859 scribereUt
864 1784 971 1863 Cato:
986 1801 1010 1833 “
1024 1787 1121 1863 Cum
1135 1789 1341 1882 venissent,

321 1906 442 2004 inquit
459 1922 476 1993 ,'
484 1902 553 1976 viri
575 1900 638 2001 qui
654 1901 761 2000 primi
785 1900 1019 2002 alloquuntur
1033 1902 1189 1978 Romani
1206 1963 1246 1994 ‚‚.
1263 1908 1341 1982 Hoc

322 2038 373 2096 est
394 2020 540 2094 allocuti
562 2035 657 2093 sunt.
679 2017 752 2091 Sed
769 2049 839 2119 qua
855 2021 995 2094 ratione
1015 2023 1112 2096 istud
1128 2044 1344 2125 usurpatum

320 2143 367 2215 sit
392 2198 401 2231 ,
424 2142 549 2241 paucis
572 2140 845 2240 perdocendum
873 2160 953 2231 est,
975 2169 1106 2243 nempe
1128 2146 1213 2245 qiua
1236 2148 1342 2220 multi

312 2261 516 2335 'latinorum
538 2289 558 2332 a
578 2261 760 2334 veteribus
781 2261 847 2334 sibi
870 2262 1045 2335 traditum
1064 2281 1220 2363 putant,
1244 2295 1344 2365 prac-

321 2409 403 2455 sens
419 2399 558 2480 tempus
581 2381 625 2453 ad
648 2400 846 2481 utrumque
868 2383 1080 2481 pertinere,
1104 2384 1175 2456 sive
1191 2387 1286 2484 qnod
1305 2389 1341 2461 id

319 2501 488 2600 temporis
503 2500 621 2596 agitur
636 2556 646 2589 ‚
670 2501 742 2573 sive
757 2501 853 2600 qnod
870 2501 1067 2576 certissimo
1083 2520 1242 2605 tempore
1257 2536 1343 2607 qua·

320 2622 349 2694 si
370 2650 542 2721 praesens
564 2621 601 2693 in
630 2639 754 2694 actum
776 2621 992 2721 praeterivit.

410 2742 469 2817 33.
500 2741 611 2814 Nunc
647 2741 691 2812 ad
722 2741 992 2838 indagationem
1020 2744 1340 2823 verbi⁴veniamus

319 2858 506 2958 Indagatio
527 2858 627 2931 verbi
649 2859 763 2932 tribus
786 2860 901 2932 inedie
923 2860 1173 2958 intellegitur,
1196 2866 1235 2935 in
1260 2895 1342 2939 con-

318 2978 529 3076 iugatione,
553 2979 592 3049 in
617 2977 862 3051 declinatione
882 3035 890 3066 ‚
914 2981 952 3052 in
971 2998 1096 3057 metro.
1112 2981 1155 3054 In
1175 2985 1343 3083 coniuga-

319 3101 418 3174 tione
440 3099 590 3200 quidem
612 3126 674 3197 per
698 3115 770 3172 tres
792 3100 930 3173 litteras
959 3102 1176 3202 principales
1199 3107 1344 3205 indaga-

320 3236 382 3294 tur
401 3277 410 3309 ‚
432 3247 525 3318 quae
549 3235 634 3291 sunt
650 3219 746 3291 ·a·e·i·
765 3277 774 3308 ,
796 3220 929 3319 quibus
951 3223 1054 3320 ‹puasi
1070 3225 1226 3322 quadam
1241 3229 1342 3300 inda-

319 3339 403 3434 gine
426 3365 445 3410 a
467 3338 627 3411 secunda
642 3365 794 3436 persona
810 3340 906 3411 modi
924 3340 1111 3413 indicativi
1128 3344 1242 3416 omnis
1261 3374 1343 3418 con-

320 3459 455 3557 iugatio
476 3486 540 3557 per
557 3457 715 3555 singulos
737 3458 858 3531 modos
873 3461 1078 3534 dinoscitur
1096 3520 1106 3551 ‚
1123 3480 1164 3536 nt
1179 3465 1341 3556 lucidas,

318 3577 431 3673 lulges
450 3634 459 3664 ,
484 3576 584 3674 sepis.
607 3574 805 3672 Indagatur
825 3595 946 3652 autem
962 3579 1000 3650 in
1017 3579 1262 3655 declinatione
1278 3613 1342 3683 per

318 3697 482 3798 quinque
499 3712 679 3793 tempora,
695 3723 788 3795 quae
805 3698 994 3771 manifesta
1012 3720 1099 3775 sunt
1117 3733 1125 3777 ε
1140 3702 1195 3775 via
1213 3706 1343 3804 qnippe

232 3830 235 3837 '
318 3814 417 3889 verbi
427 3813 642 3897 ,declinandi
657 3832 796 3913 tempus
815 3832 875 3891 est.
894 3815 1010 3916 Saepe
1028 3819 1136 3891 etiam
1152 3821 1343 3918 indagatur

321 3937 359 4008 in
369 3951 482 4007 metro
493 3933 670 4033 perpedcs
683 3990 692 4022 ‚
707 3935 871 4033 quisunt
884 3937 1055 4035 syllabae:
1073 3959 1259 4013 crescente
1273 3960 1344 4014 etc-

322 4056 398 4138 nim
418 4052 630 4152 syllabarum
650 4081 802 4128 numero
822 4075 934 4131 metra
950 4060 1048 4132 vcrbi
1073 4080 1342 4160 componuntur
