<?xml version="1.0" encoding="UTF-8"?>
<!DOCTYPE html PUBLIC "-//W3C//DTD XHTML 1.0 Transitional//EN"
    "http://www.w3.org/TR/xhtml1/DTD/xhtml1-transitional.dtd">
<html xmlns="http://www.w3.org/1999/xhtml" xml:lang="en" lang="en">
 <head>
  <title>
</title>
<meta http-equiv="Content-Type" content="text/html;charset=utf-8" />
  <meta name='ocr-system' content='tesseract 3.04.00' />
  <meta name='ocr-capabilities' content='ocr_page ocr_carea ocr_par ocr_line ocrx_word'/>
</head>
<body>
  <div class='ocr_page' id='page_1' title='image "./classicorumauct00vatigoog_0551.png"; bbox 0 0 3382 5206; ppageno 0'>
   <div class='ocr_carea' id='block_1_1' title="bbox 269 599 1376 2157">
    <p class='ocr_par' dir='ltr' id='par_1_1' title="bbox 269 599 1376 2157">
     <span class='ocr_line' id='line_1_1' title="bbox 363 599 1005 694; baseline 0.003 -20"><span class='ocrx_word' id='word_1_1' title='bbox 363 599 439 694; x_wconf 76' lang='grc'><strong>488</strong></span> <span class='ocrx_word' id='word_1_2' title='bbox 687 624 853 678; x_wconf 72' lang='lat' dir='ltr'><strong>martires</strong></span> <span class='ocrx_word' id='word_1_3' title='bbox 878 626 1005 679; x_wconf 73' lang='lat' dir='ltr'><strong>murus.</strong></span> 
     </span>
     <span class='ocr_line' id='line_1_2' title="bbox 334 715 1376 838; baseline 0.006 -33"><span class='ocrx_word' id='word_1_4' title='bbox 334 731 408 822; x_wconf 85' lang='lat' dir='ltr'><strong>lus,</strong></span> <span class='ocrx_word' id='word_1_5' title='bbox 428 752 492 810; x_wconf 90' lang='lat' dir='ltr'><strong>aut</strong></span> <span class='ocrx_word' id='word_1_6' title='bbox 509 733 691 836; x_wconf 82' lang='lat' dir='ltr'><strong>lustrantis</strong></span> <span class='ocrx_word' id='word_1_7' title='bbox 711 737 918 838; x_wconf 88' lang='lat' dir='ltr'><strong>concipiunt</strong></span> <span class='ocrx_word' id='word_1_8' title='bbox 937 715 1376 838; x_wconf 69' lang='lat' dir='ltr'><strong>auribus·stt-egritls&#39;ru·ug·v</strong></span> 
     </span>
     <span class='ocr_line' id='line_1_3' title="bbox 333 854 1356 957; baseline 0.006 -28"><span class='ocrx_word' id='word_1_9' title='bbox 333 854 452 932; x_wconf 89' lang='lat' dir='ltr'><strong>minis.</strong></span> <span class='ocrx_word' id='word_1_10' title='bbox 480 854 683 933; x_wconf 89' lang='lat' dir='ltr'><strong>Sonoreum</strong></span> <span class='ocrx_word' id='word_1_11' title='bbox 709 858 875 957; x_wconf 78' lang='lat' dir='ltr'>gemellae</span> <span class='ocrx_word' id='word_1_12' title='bbox 896 860 1069 934; x_wconf 88' lang='lat' dir='ltr'><strong>suscitant</strong></span> <span class='ocrx_word' id='word_1_13' title='bbox 1087 858 1261 933; x_wconf 78' lang='lat' dir='ltr'><strong>barritum</strong></span> <span class='ocrx_word' id='word_1_14' title='bbox 1285 858 1356 935; x_wconf 79' lang='lat' dir='ltr'><strong>ala·</strong></span> 
     </span>
     <span class='ocr_line' id='line_1_4' title="bbox 333 979 1356 1078; baseline 0.004 -28"><span class='ocrx_word' id='word_1_15' title='bbox 333 1004 422 1077; x_wconf 78' lang='lat' dir='ltr'><strong>pse,</strong></span> <span class='ocrx_word' id='word_1_16' title='bbox 449 995 491 1054; x_wconf 90' lang='lat' dir='ltr'><strong>ut</strong></span> <span class='ocrx_word' id='word_1_17' title='bbox 510 1005 620 1054; x_wconf 83' lang='lat' dir='ltr'><strong>ovans</strong></span> <span class='ocrx_word' id='word_1_18' title='bbox 639 997 825 1078; x_wconf 84' lang='lat' dir='ltr'><strong>vagantem</strong></span> <span class='ocrx_word' id='word_1_19' title='bbox 844 981 959 1056; x_wconf 85' lang='lat' dir='ltr'><strong>flectit</strong></span> <span class='ocrx_word' id='word_1_20' title='bbox 977 979 1175 1057; x_wconf 81' lang='lat' dir='ltr'><strong>mansorius</strong></span> <span class='ocrx_word' id='word_1_21' title='bbox 1194 979 1356 1054; x_wconf 79' lang='lat' dir='ltr'><strong>deverso-</strong></span> 
     </span>
     <span class='ocr_line' id='line_1_5' title="bbox 331 1097 1353 1200; baseline 0.002 -30"><span class='ocrx_word' id='word_1_22' title='bbox 331 1097 386 1171; x_wconf 92' lang='lat' dir='ltr'><strong>rio</strong></span> <span class='ocrx_word' id='word_1_23' title='bbox 414 1102 601 1177; x_wconf 90' lang='lat' dir='ltr'><strong>cohortem.</strong></span> <span class='ocrx_word' id='word_1_24' title='bbox 629 1099 780 1176; x_wconf 83' lang='lat' dir='ltr'><strong>Adunca</strong></span> <span class='ocrx_word' id='word_1_25' title='bbox 807 1100 962 1176; x_wconf 86' lang='lat' dir='ltr'><strong>strictim</strong></span> <span class='ocrx_word' id='word_1_26' title='bbox 988 1101 1115 1176; x_wconf 76' lang='lat' dir='ltr'><strong>trahite</strong></span> <span class='ocrx_word' id='word_1_27' title='bbox 1140 1101 1227 1177; x_wconf 75' lang='lat' dir='ltr'><strong>clari</strong></span> <span class='ocrx_word' id='word_1_28' title='bbox 1247 1099 1353 1200; x_wconf 75' lang='lat' dir='ltr'><strong>sigul-</strong></span> 
     </span>
     <span class='ocr_line' id='line_1_6' title="bbox 330 1219 1355 1324; baseline 0.004 -32"><span class='ocrx_word' id='word_1_29' title='bbox 330 1219 416 1298; x_wconf 85' lang='lat' dir='ltr'><strong>lurn</strong></span> <span class='ocrx_word' id='word_1_30' title='bbox 443 1220 538 1297; x_wconf 87' lang='lat' dir='ltr'><strong>llaec</strong></span> <span class='ocrx_word' id='word_1_31' title='bbox 565 1250 718 1298; x_wconf 82' lang='lat' dir='ltr'><strong>concava</strong></span> <span class='ocrx_word' id='word_1_32' title='bbox 744 1239 930 1324; x_wconf 86' lang='lat' dir='ltr'><strong>scopatum</strong></span> <span class='ocrx_word' id='word_1_33' title='bbox 955 1222 1183 1324; x_wconf 75' lang='lat' dir='ltr'><strong>amplectitur</strong></span> <span class='ocrx_word' id='word_1_34' title='bbox 1199 1222 1281 1298; x_wconf 84' lang='lat' dir='ltr'><strong>aula</strong></span> <span class='ocrx_word' id='word_1_35' title='bbox 1302 1224 1355 1296; x_wconf 79' lang='lat' dir='ltr'><strong>tri-</strong></span> 
     </span>
     <span class='ocr_line' id='line_1_7' title="bbox 329 1337 1352 1442; baseline 0.006 -30"><span class='ocrx_word' id='word_1_36' title='bbox 329 1337 432 1431; x_wconf 89' lang='lat' dir='ltr'><strong>lum,</strong></span> <span class='ocrx_word' id='word_1_37' title='bbox 458 1342 557 1442; x_wconf 89' lang='lat' dir='ltr'><strong>quod</strong></span> <span class='ocrx_word' id='word_1_38' title='bbox 577 1340 728 1416; x_wconf 90' lang='lat' dir='ltr'><strong>betuleis</strong></span> <span class='ocrx_word' id='word_1_39' title='bbox 746 1341 898 1440; x_wconf 78' lang='lat' dir='ltr'><strong>tergitur</strong></span> <span class='ocrx_word' id='word_1_40' title='bbox 916 1340 1058 1415; x_wconf 76' lang='lat' dir='ltr'><strong>assidue</strong></span> <span class='ocrx_word' id='word_1_41' title='bbox 1075 1340 1235 1416; x_wconf 86' lang='lat' dir='ltr'><strong>faciculis</strong></span> <span class='ocrx_word' id='word_1_42' title='bbox 1246 1399 1260 1434; x_wconf 78' lang='grc'>,</span> <span class='ocrx_word' id='word_1_43' title='bbox 1271 1370 1352 1418; x_wconf 81' lang='lat' dir='ltr'><strong>nec</strong></span> 
     </span>
     <span class='ocr_line' id='line_1_8' title="bbox 329 1455 1352 1560; baseline 0.002 -26"><span class='ocrx_word' id='word_1_44' title='bbox 329 1455 402 1534; x_wconf 83' lang='lat' dir='ltr'><strong>ulla</strong></span> <span class='ocrx_word' id='word_1_45' title='bbox 429 1460 595 1560; x_wconf 80' lang='lat' dir='ltr'><strong>glomerat</strong></span> <span class='ocrx_word' id='word_1_46' title='bbox 618 1459 761 1536; x_wconf 87' lang='lat' dir='ltr'><strong>ciscilia.</strong></span> <span class='ocrx_word' id='word_1_47' title='bbox 788 1458 867 1535; x_wconf 91' lang='lat' dir='ltr'><strong>lloc</strong></span> <span class='ocrx_word' id='word_1_48' title='bbox 886 1487 1078 1535; x_wconf 90' lang='lat' dir='ltr'><strong>coenosum</strong></span> <span class='ocrx_word' id='word_1_49' title='bbox 1099 1462 1352 1553; x_wconf 69' lang='lat' dir='ltr'><strong>aethrae‘ssut</strong></span> 
     </span>
     <span class='ocr_line' id='line_1_9' title="bbox 330 1579 1351 1684; baseline 0.002 -28"><span class='ocrx_word' id='word_1_50' title='bbox 330 1582 470 1673; x_wconf 87' lang='lat' dir='ltr'><strong>tolum,</strong></span> <span class='ocrx_word' id='word_1_51' title='bbox 492 1580 589 1684; x_wconf 87' lang='lat' dir='ltr'><strong>quod</strong></span> <span class='ocrx_word' id='word_1_52' title='bbox 610 1597 791 1655; x_wconf 78' lang='lat' dir='ltr'><strong>concretae</strong></span> <span class='ocrx_word' id='word_1_53' title='bbox 813 1579 972 1654; x_wconf 90' lang='lat' dir='ltr'><strong>sordium</strong></span> <span class='ocrx_word' id='word_1_54' title='bbox 990 1580 1115 1659; x_wconf 80' lang='lat' dir='ltr'><strong>arietat</strong></span> <span class='ocrx_word' id='word_1_55' title='bbox 1130 1581 1261 1673; x_wconf 86' lang='lat' dir='ltr'><strong>micas,</strong></span> <span class='ocrx_word' id='word_1_56' title='bbox 1279 1611 1351 1658; x_wconf 86' lang='lat' dir='ltr'><strong>nec</strong></span> 
     </span>
     <span class='ocr_line' id='line_1_10' title="bbox 326 1699 1351 1803; baseline 0.001 -27"><span class='ocrx_word' id='word_1_57' title='bbox 326 1699 1351 1803; x_wconf 74' lang='lat' dir='ltr'><strong>frondeaedegestumelimantscopasvettibulnm.Aquo·</strong></span> 
     </span>
     <span class='ocr_line' id='line_1_11' title="bbox 269 1817 1350 1929; baseline 0.001 -33"><span class='ocrx_word' id='word_1_58' title='bbox 269 1920 273 1929; x_wconf 32' lang='grc' dir='ltr'>Ι</span> <span class='ocrx_word' id='word_1_59' title='bbox 329 1849 369 1897; x_wconf 90' lang='lat' dir='ltr'><strong>so</strong></span> <span class='ocrx_word' id='word_1_60' title='bbox 386 1820 550 1895; x_wconf 87' lang='lat' dir='ltr'><strong>stabilem</strong></span> <span class='ocrx_word' id='word_1_61' title='bbox 568 1817 709 1918; x_wconf 88' lang='lat' dir='ltr'><strong>implete</strong></span> <span class='ocrx_word' id='word_1_62' title='bbox 730 1818 862 1917; x_wconf 84' lang='lat' dir='ltr'><strong>hydore</strong></span> <span class='ocrx_word' id='word_1_63' title='bbox 882 1817 1055 1909; x_wconf 85' lang='lat' dir='ltr'><strong>luterem,</strong></span> <span class='ocrx_word' id='word_1_64' title='bbox 1073 1817 1350 1924; x_wconf 66' lang='lat' dir='ltr'><strong>squaloremque</strong></span> 
     </span>
     <span class='ocr_line' id='line_1_12' title="bbox 327 1936 1349 2037; baseline -0.001 -21"><span class='ocrx_word' id='word_1_65' title='bbox 327 1939 529 2037; x_wconf 85' lang='lat' dir='ltr'><strong>fluctivagis</strong></span> <span class='ocrx_word' id='word_1_66' title='bbox 552 1938 662 2011; x_wconf 83' lang='lat' dir='ltr'><strong>lavate</strong></span> <span class='ocrx_word' id='word_1_67' title='bbox 688 1938 790 2014; x_wconf 84' lang='lat' dir='ltr'><strong>bases</strong></span> <span class='ocrx_word' id='word_1_68' title='bbox 817 1936 987 2026; x_wconf 85' lang='lat' dir='ltr'><strong>fluentis,</strong></span> <span class='ocrx_word' id='word_1_69' title='bbox 1013 1965 1055 2011; x_wconf 89' lang='lat' dir='ltr'><strong>ac</strong></span> <span class='ocrx_word' id='word_1_70' title='bbox 1074 1937 1212 2012; x_wconf 85' lang='lat' dir='ltr'><strong>limosas</strong></span> <span class='ocrx_word' id='word_1_71' title='bbox 1230 1938 1349 2015; x_wconf 80' lang='lat' dir='ltr'><strong>vitreo</strong></span> 
     </span>
     <span class='ocr_line' id='line_1_13' title="bbox 325 2054 1349 2157; baseline 0 -23"><span class='ocrx_word' id='word_1_72' title='bbox 325 2058 495 2134; x_wconf 84' lang='lat' dir='ltr'><strong>ticumine</strong></span> <span class='ocrx_word' id='word_1_73' title='bbox 523 2056 643 2155; x_wconf 83' lang='lat' dir='ltr'><strong>tergite</strong></span> <span class='ocrx_word' id='word_1_74' title='bbox 669 2056 814 2155; x_wconf 89' lang='lat' dir='ltr'><strong>plantas.</strong></span> <span class='ocrx_word' id='word_1_75' title='bbox 841 2054 1016 2128; x_wconf 78' lang='lat' dir='ltr'><strong>Arboreae</strong></span> <span class='ocrx_word' id='word_1_76' title='bbox 1035 2056 1130 2154; x_wconf 90' lang='lat' dir='ltr'><strong>figite</strong></span> <span class='ocrx_word' id='word_1_77' title='bbox 1149 2055 1191 2155; x_wconf 77' lang='lat' dir='ltr'><strong>in</strong></span> <span class='ocrx_word' id='word_1_78' title='bbox 1211 2058 1349 2157; x_wconf 84' lang='lat' dir='ltr'><strong>pariete</strong></span> 
     </span>
    </p>
   </div>
   <div class='ocr_carea' id='block_1_2' title="bbox 198 2175 1350 2275">
    <p class='ocr_par' dir='ltr' id='par_1_2' title="bbox 198 2175 1350 2275">
     <span class='ocr_line' id='line_1_14' title="bbox 198 2175 1350 2275; baseline -0.001 -21"><span class='ocrx_word' id='word_1_79' title='bbox 198 2189 203 2197; x_wconf 88' lang='lat'>&#39;</span> <span class='ocrx_word' id='word_1_80' title='bbox 327 2205 499 2255; x_wconf 85' lang='lat' dir='ltr'><strong>curvanas</strong></span> <span class='ocrx_word' id='word_1_81' title='bbox 520 2234 530 2267; x_wconf 86' lang='lat'>,</span> <span class='ocrx_word' id='word_1_82' title='bbox 554 2175 791 2275; x_wconf 87' lang='lat' dir='ltr'><strong>liniaremque</strong></span> <span class='ocrx_word' id='word_1_83' title='bbox 817 2176 968 2275; x_wconf 89' lang='lat' dir='ltr'><strong>comptis</strong></span> <span class='ocrx_word' id='word_1_84' title='bbox 995 2175 1136 2251; x_wconf 77' lang='lat' dir='ltr'><strong>statuite</strong></span> <span class='ocrx_word' id='word_1_85' title='bbox 1163 2178 1350 2253; x_wconf 80' lang='lat' dir='ltr'><strong>tramitem</strong></span> 
     </span>
    </p>
   </div>
   <div class='ocr_carea' id='block_1_3' title="bbox 253 2295 1421 3598">
    <p class='ocr_par' dir='ltr' id='par_1_3' title="bbox 321 2295 1421 3114">
     <span class='ocr_line' id='line_1_15' title="bbox 323 2295 1421 2398; baseline -0.003 -24"><span class='ocrx_word' id='word_1_86' title='bbox 323 2298 503 2390; x_wconf 80' lang='lat' dir='ltr'><strong>arclrinis,</strong></span> <span class='ocrx_word' id='word_1_87' title='bbox 530 2314 572 2372; x_wconf 90' lang='lat' dir='ltr'><strong>ut</strong></span> <span class='ocrx_word' id='word_1_88' title='bbox 592 2295 750 2397; x_wconf 87' lang='lat' dir='ltr'><strong>amplum</strong></span> <span class='ocrx_word' id='word_1_89' title='bbox 768 2296 979 2369; x_wconf 73' lang='lat' dir='ltr'><strong>censuerint</strong></span> <span class='ocrx_word' id='word_1_90' title='bbox 999 2296 1192 2393; x_wconf 81' lang='lat' dir='ltr'><strong>agrestibus</strong></span> <span class='ocrx_word' id='word_1_91' title='bbox 1209 2314 1350 2398; x_wconf 85' lang='lat' dir='ltr'><strong>specta·</strong></span> <span class='ocrx_word' id='word_1_92' title='bbox 1416 2363 1421 2371; x_wconf 92' lang='lat'>.</span> 
     </span>
     <span class='ocr_line' id='line_1_16' title="bbox 325 2414 1350 2515; baseline -0.004 -19"><span class='ocrx_word' id='word_1_93' title='bbox 325 2419 460 2496; x_wconf 85' lang='lat' dir='ltr'><strong>culum</strong></span> <span class='ocrx_word' id='word_1_94' title='bbox 485 2416 650 2494; x_wconf 85' lang='lat' dir='ltr'><strong>Pelliceis</strong></span> <span class='ocrx_word' id='word_1_95' title='bbox 670 2415 776 2489; x_wconf 90' lang='lat' dir='ltr'><strong>eluite</strong></span> <span class='ocrx_word' id='word_1_96' title='bbox 798 2442 889 2489; x_wconf 89' lang='lat' dir='ltr'><strong>sessa</strong></span> <span class='ocrx_word' id='word_1_97' title='bbox 908 2414 1039 2515; x_wconf 86' lang='lat' dir='ltr'><strong>pratis,</strong></span> <span class='ocrx_word' id='word_1_98' title='bbox 1059 2442 1203 2490; x_wconf 89' lang='lat' dir='ltr'><strong>roseum</strong></span> <span class='ocrx_word' id='word_1_99' title='bbox 1221 2416 1350 2493; x_wconf 85' lang='lat' dir='ltr'><strong>larico·</strong></span> 
     </span>
     <span class='ocr_line' id='line_1_17' title="bbox 323 2531 1349 2623; baseline -0.001 -11"><span class='ocrx_word' id='word_1_100' title='bbox 323 2538 374 2611; x_wconf 90' lang='lat' dir='ltr'><strong>mi</strong></span> <span class='ocrx_word' id='word_1_101' title='bbox 395 2535 590 2611; x_wconf 88' lang='lat' dir='ltr'><strong>torriminis</strong></span> <span class='ocrx_word' id='word_1_102' title='bbox 610 2535 689 2608; x_wconf 85' lang='lat' dir='ltr'><strong>alite</strong></span> <span class='ocrx_word' id='word_1_103' title='bbox 711 2535 748 2605; x_wconf 90' lang='lat' dir='ltr'><strong>in</strong></span> <span class='ocrx_word' id='word_1_104' title='bbox 776 2531 934 2606; x_wconf 89' lang='lat' dir='ltr'><strong>aremulo</strong></span> <span class='ocrx_word' id='word_1_105' title='bbox 955 2532 1159 2623; x_wconf 82' lang='lat' dir='ltr'><strong>clibanum,</strong></span> <span class='ocrx_word' id='word_1_106' title='bbox 1186 2533 1349 2611; x_wconf 81' lang='lat' dir='ltr'><strong>minutas</strong></span> 
     </span>
     <span class='ocr_line' id='line_1_18' title="bbox 321 2646 1349 2759; baseline -0.002 -27"><span class='ocrx_word' id='word_1_107' title='bbox 321 2646 433 2759; x_wconf 78' lang='lat' dir='ltr'><strong>aprici</strong></span> <span class='ocrx_word' id='word_1_108' title='bbox 450 2655 616 2755; x_wconf 91' lang='lat' dir='ltr'><strong>graminis</strong></span> <span class='ocrx_word' id='word_1_109' title='bbox 632 2654 820 2751; x_wconf 87' lang='lat' dir='ltr'><strong>glomerate</strong></span> <span class='ocrx_word' id='word_1_110' title='bbox 836 2652 995 2741; x_wconf 85' lang='lat' dir='ltr'><strong>astellas,</strong></span> <span class='ocrx_word' id='word_1_111' title='bbox 1012 2669 1055 2726; x_wconf 90' lang='lat' dir='ltr'><strong>ut</strong></span> <span class='ocrx_word' id='word_1_112' title='bbox 1072 2653 1349 2730; x_wconf 78' lang='lat' dir='ltr'><strong>flammivomum</strong></span> 
     </span>
     <span class='ocr_line' id='line_1_19' title="bbox 321 2772 1344 2866; baseline -0.001 -16"><span class='ocrx_word' id='word_1_113' title='bbox 321 2778 498 2852; x_wconf 87' lang='lat' dir='ltr'><strong>eructavit</strong></span> <span class='ocrx_word' id='word_1_114' title='bbox 519 2773 757 2860; x_wconf 88' lang='lat' dir='ltr'><strong>incendium,</strong></span> <span class='ocrx_word' id='word_1_115' title='bbox 786 2773 966 2846; x_wconf 87' lang='lat' dir='ltr'><strong>caloreum</strong></span> <span class='ocrx_word' id='word_1_116' title='bbox 984 2772 1163 2847; x_wconf 82' lang='lat' dir='ltr'><strong>libraverit</strong></span> <span class='ocrx_word' id='word_1_117' title='bbox 1183 2784 1344 2866; x_wconf 81' lang='lat' dir='ltr'><strong>tactum,</strong></span> 
     </span>
     <span class='ocr_line' id='line_1_20' title="bbox 322 2892 1346 2997; baseline 0 -27"><span class='ocrx_word' id='word_1_118' title='bbox 322 2898 480 2997; x_wconf 89' lang='lat' dir='ltr'><strong>algidum</strong></span> <span class='ocrx_word' id='word_1_119' title='bbox 501 2895 632 2970; x_wconf 86' lang='lat' dir='ltr'><strong>cruerit</strong></span> <span class='ocrx_word' id='word_1_120' title='bbox 650 2898 781 2968; x_wconf 87' lang='lat' dir='ltr'><strong>locum.</strong></span> <span class='ocrx_word' id='word_1_121' title='bbox 801 2892 892 2989; x_wconf 88' lang='lat' dir='ltr'><strong>Quis</strong></span> <span class='ocrx_word' id='word_1_122' title='bbox 912 2893 997 2967; x_wconf 88' lang='lat' dir='ltr'><strong>tales</strong></span> <span class='ocrx_word' id='word_1_123' title='bbox 1016 2912 1137 2993; x_wconf 87' lang='lat' dir='ltr'><strong>poscet</strong></span> <span class='ocrx_word' id='word_1_124' title='bbox 1156 2904 1346 2994; x_wconf 81' lang='lat' dir='ltr'><strong>possores‚</strong></span> 
     </span>
     <span class='ocr_line' id='line_1_21' title="bbox 322 3013 1206 3114; baseline -0.003 -20"><span class='ocrx_word' id='word_1_125' title='bbox 322 3037 362 3094; x_wconf 87' lang='lat' dir='ltr'><strong>ut</strong></span> <span class='ocrx_word' id='word_1_126' title='bbox 387 3018 667 3095; x_wconf 85' lang='lat' dir='ltr'><strong>melclrillentum</strong></span> <span class='ocrx_word' id='word_1_127' title='bbox 695 3014 939 3088; x_wconf 86' lang='lat' dir='ltr'><strong>concesserint</strong></span> <span class='ocrx_word' id='word_1_128' title='bbox 966 3013 1206 3114; x_wconf 80' lang='lat' dir='ltr'><strong>opiminium?</strong></span> 
     </span>
    </p>

    <p class='ocr_par' dir='ltr' id='par_1_4' title="bbox 253 3136 1349 3598">
     <span class='ocr_line' id='line_1_22' title="bbox 406 3136 1347 3237; baseline 0.002 -25"><span class='ocrx_word' id='word_1_129' title='bbox 406 3167 461 3213; x_wconf 87' lang='lat' dir='ltr'><strong>rr.</strong></span> <span class='ocrx_word' id='word_1_130' title='bbox 490 3139 574 3214; x_wconf 90' lang='lat' dir='ltr'><strong>Non</strong></span> <span class='ocrx_word' id='word_1_131' title='bbox 595 3137 761 3213; x_wconf 84' lang='lat' dir='ltr'><strong>ausonica</strong></span> <span class='ocrx_word' id='word_1_132' title='bbox 783 3163 839 3209; x_wconf 89' lang='lat' dir='ltr'><strong>me</strong></span> <span class='ocrx_word' id='word_1_133' title='bbox 865 3136 1017 3232; x_wconf 87' lang='lat' dir='ltr'><strong>subligat</strong></span> <span class='ocrx_word' id='word_1_134' title='bbox 1042 3153 1170 3209; x_wconf 89' lang='lat' dir='ltr'><strong>catena</strong></span> <span class='ocrx_word' id='word_1_135' title='bbox 1193 3140 1271 3237; x_wconf 77' lang='lat'><strong>(1):</strong></span> <span class='ocrx_word' id='word_1_136' title='bbox 1298 3141 1347 3214; x_wconf 88' lang='lat' dir='ltr'><strong>ob</strong></span> 
     </span>
     <span class='ocr_line' id='line_1_23' title="bbox 321 3253 1347 3355; baseline 0.001 -24"><span class='ocrx_word' id='word_1_137' title='bbox 321 3257 391 3332; x_wconf 90' lang='lat' dir='ltr'><strong>hoc</strong></span> <span class='ocrx_word' id='word_1_138' title='bbox 418 3257 654 3355; x_wconf 83' lang='lat' dir='ltr'><strong>scottigenum</strong></span> <span class='ocrx_word' id='word_1_139' title='bbox 679 3253 776 3328; x_wconf 87' lang='lat' dir='ltr'><strong>haud</strong></span> <span class='ocrx_word' id='word_1_140' title='bbox 810 3253 1013 3353; x_wconf 85' lang='lat' dir='ltr'><strong>cripitundo</strong></span> <span class='ocrx_word' id='word_1_141' title='bbox 1046 3254 1256 3353; x_wconf 78' lang='lat' dir='ltr'><strong>eulogium3</strong></span> <span class='ocrx_word' id='word_1_142' title='bbox 1281 3259 1347 3334; x_wconf 87' lang='lat' dir='ltr'><strong>sed</strong></span> 
     </span>
     <span class='ocr_line' id='line_1_24' title="bbox 253 3370 1349 3478; baseline 0.002 -28"><span class='ocrx_word' id='word_1_143' title='bbox 253 3398 256 3403; x_wconf 85' lang='grc'><strong>’</strong></span> <span class='ocrx_word' id='word_1_144' title='bbox 320 3378 539 3453; x_wconf 82' lang='lat' dir='ltr'><strong>furibundos</strong></span> <span class='ocrx_word' id='word_1_145' title='bbox 559 3375 738 3478; x_wconf 75' lang='lat' dir='ltr'><strong>porculam</strong></span> <span class='ocrx_word' id='word_1_146' title='bbox 755 3375 860 3449; x_wconf 87' lang='lat' dir='ltr'><strong>amite</strong></span> <span class='ocrx_word' id='word_1_147' title='bbox 881 3370 1051 3448; x_wconf 86' lang='lat' dir='ltr'><strong>amiclios.</strong></span> <span class='ocrx_word' id='word_1_148' title='bbox 1070 3372 1222 3450; x_wconf 86' lang='lat' dir='ltr'><strong>Venusti</strong></span> <span class='ocrx_word' id='word_1_149' title='bbox 1240 3404 1349 3453; x_wconf 85' lang='lat' dir='ltr'><strong>excu-</strong></span> 
     </span>
     <span class='ocr_line' id='line_1_25' title="bbox 300 3493 1346 3598; baseline 0.002 -26"><span class='ocrx_word' id='word_1_150' title='bbox 300 3509 305 3521; x_wconf 86' lang='lat'><em>&#39;</em></span> <span class='ocrx_word' id='word_1_151' title='bbox 320 3515 401 3573; x_wconf 85' lang='lat' dir='ltr'><strong>sant</strong></span> <span class='ocrx_word' id='word_1_152' title='bbox 422 3498 565 3574; x_wconf 88' lang='lat' dir='ltr'><strong>acculae</strong></span> <span class='ocrx_word' id='word_1_153' title='bbox 583 3524 706 3598; x_wconf 85' lang='lat' dir='ltr'><strong>parcas</strong></span> <span class='ocrx_word' id='word_1_154' title='bbox 722 3493 888 3596; x_wconf 84' lang='lat' dir='ltr'><strong>amplecti</strong></span> <span class='ocrx_word' id='word_1_155' title='bbox 903 3495 972 3567; x_wconf 90' lang='lat' dir='ltr'><strong>sub</strong></span> <span class='ocrx_word' id='word_1_156' title='bbox 987 3494 1135 3569; x_wconf 87' lang='lat' dir='ltr'><strong>nurnine</strong></span> <span class='ocrx_word' id='word_1_157' title='bbox 1150 3495 1346 3576; x_wconf 86' lang='lat' dir='ltr'><strong>alimonias.</strong></span> 
     </span>
    </p>
   </div>
   <div class='ocr_carea' id='block_1_4' title="bbox 328 3724 1339 4065">
    <p class='ocr_par' dir='ltr' id='par_1_5' title="bbox 328 3724 1339 4065">
     <span class='ocr_line' id='line_1_26' title="bbox 404 3724 1339 3802; baseline -0.009 -18"><span class='ocrx_word' id='word_1_158' title='bbox 404 3731 443 3802; x_wconf 82' lang='lat' dir='ltr'><strong>(r)</strong></span> <span class='ocrx_word' id='word_1_159' title='bbox 465 3731 560 3786; x_wconf 70' lang='lat' dir='ltr'><strong>tlonlcr</strong></span> <span class='ocrx_word' id='word_1_160' title='bbox 578 3749 605 3802; x_wconf 87' lang='lat' dir='ltr'><strong>p.</strong></span> <span class='ocrx_word' id='word_1_161' title='bbox 622 3727 684 3794; x_wconf 66' lang='lat'><strong>481.</strong></span> <span class='ocrx_word' id='word_1_162' title='bbox 703 3728 794 3785; x_wconf 79' lang='lat' dir='ltr'><strong>llicit,</strong></span> <span class='ocrx_word' id='word_1_163' title='bbox 813 3739 843 3779; x_wconf 88' lang='lat' dir='ltr'><strong>ut</strong></span> <span class='ocrx_word' id='word_1_164' title='bbox 863 3739 927 3795; x_wconf 78' lang='lat' dir='ltr'><strong>poto</strong></span> <span class='ocrx_word' id='word_1_165' title='bbox 944 3763 951 3783; x_wconf 86' lang='lat'><strong>.</strong></span> <span class='ocrx_word' id='word_1_166' title='bbox 971 3738 1064 3780; x_wconf 80' lang='lat' dir='ltr'><strong>auctor</strong></span> <span class='ocrx_word' id='word_1_167' title='bbox 1087 3744 1114 3777; x_wconf 76' lang='lat' dir='ltr'><strong>se</strong></span> <span class='ocrx_word' id='word_1_168' title='bbox 1131 3727 1217 3779; x_wconf 81' lang='lat' dir='ltr'><strong>latins</strong></span> <span class='ocrx_word' id='word_1_169' title='bbox 1235 3724 1339 3778; x_wconf 71' lang='lat' dir='ltr'><strong>serat·</strong></span> 
     </span>
     <span class='ocr_line' id='line_1_27' title="bbox 331 3817 1337 3887; baseline -0.007 -16"><span class='ocrx_word' id='word_1_170' title='bbox 331 3828 387 3873; x_wconf 62' lang='lat' dir='ltr'><strong>tuh</strong></span> <span class='ocrx_word' id='word_1_171' title='bbox 409 3840 461 3875; x_wconf 88' lang='lat' dir='ltr'><strong>non</strong></span> <span class='ocrx_word' id='word_1_172' title='bbox 484 3818 614 3876; x_wconf 77' lang='lat' dir='ltr'><strong>cohiberi.</strong></span> <span class='ocrx_word' id='word_1_173' title='bbox 635 3819 691 3870; x_wconf 72' lang='lat' dir='ltr'><strong>Iam</strong></span> <span class='ocrx_word' id='word_1_174' title='bbox 709 3817 783 3886; x_wconf 77' lang='lat' dir='ltr'><strong>quotl</strong></span> <span class='ocrx_word' id='word_1_175' title='bbox 803 3817 882 3868; x_wconf 71' lang='lat' dir='ltr'><strong>odelit</strong></span> <span class='ocrx_word' id='word_1_176' title='bbox 900 3820 1079 3887; x_wconf 72' lang='lat' dir='ltr'><strong>scottr‘gmu.1r</strong></span> <span class='ocrx_word' id='word_1_177' title='bbox 1104 3818 1244 3886; x_wconf 70' lang='lat' dir='ltr'><strong>eulogium</strong></span> <span class='ocrx_word' id='word_1_178' title='bbox 1264 3848 1271 3867; x_wconf 89' lang='lat'><strong>.</strong></span> <span class='ocrx_word' id='word_1_179' title='bbox 1290 3830 1337 3864; x_wconf 82' lang='lat' dir='ltr'><strong>seu</strong></span> 
     </span>
     <span class='ocr_line' id='line_1_28' title="bbox 328 3902 1336 3982; baseline -0.009 -22"><span class='ocrx_word' id='word_1_180' title='bbox 328 3909 490 3982; x_wconf 65' lang='lat' dir='ltr'><strong>cloquium</strong></span> <span class='ocrx_word' id='word_1_181' title='bbox 511 3906 538 3960; x_wconf 76' lang='lat' dir='ltr'><strong>id</strong></span> <span class='ocrx_word' id='word_1_182' title='bbox 557 3907 630 3959; x_wconf 80' lang='lat' dir='ltr'><strong>haud</strong></span> <span class='ocrx_word' id='word_1_183' title='bbox 643 3908 698 3960; x_wconf 86' lang='lat' dir='ltr'><strong>scio</strong></span> <span class='ocrx_word' id='word_1_184' title='bbox 713 3924 746 3958; x_wconf 80' lang='lat' dir='ltr'><strong>arr</strong></span> <span class='ocrx_word' id='word_1_185' title='bbox 763 3909 877 3957; x_wconf 80' lang='lat' dir='ltr'><strong>auctoris</strong></span> <span class='ocrx_word' id='word_1_186' title='bbox 896 3905 1009 3976; x_wconf 79' lang='lat' dir='ltr'><strong>patriam</strong></span> <span class='ocrx_word' id='word_1_187' title='bbox 1029 3904 1200 3956; x_wconf 80' lang='lat' dir='ltr'><strong>demonstret.</strong></span> <span class='ocrx_word' id='word_1_188' title='bbox 1223 3903 1257 3954; x_wconf 79' lang='lat' dir='ltr'><strong>lit</strong></span> <span class='ocrx_word' id='word_1_189' title='bbox 1269 3902 1336 3971; x_wconf 84' lang='lat' dir='ltr'><strong>qul-</strong></span> 
     </span>
     <span class='ocr_line' id='line_1_29' title="bbox 329 3989 990 4065; baseline -0.014 -16"><span class='ocrx_word' id='word_1_190' title='bbox 329 3993 389 4048; x_wconf 82' lang='lat' dir='ltr'><strong>tlcn</strong></span> <span class='ocrx_word' id='word_1_191' title='bbox 409 3995 565 4052; x_wconf 77' lang='lat' dir='ltr'><strong>vocabulum</strong></span> <span class='ocrx_word' id='word_1_192' title='bbox 583 3995 762 4065; x_wconf 75' lang='lat' dir='ltr'><strong>scottigenam</strong></span> <span class='ocrx_word' id='word_1_193' title='bbox 781 3989 850 4044; x_wconf 83' lang='lat' dir='ltr'><strong>inlrs</strong></span> <span class='ocrx_word' id='word_1_194' title='bbox 870 3991 990 4042; x_wconf 83' lang='lat' dir='ltr'><strong>recurrit.</strong></span> 
     </span>
    </p>
   </div>
   <div class='ocr_carea' id='block_1_5' title="bbox 0 0 1696 5206">
    <p class='ocr_par' dir='ltr' id='par_1_6' title="bbox 0 0 1696 5206">
     <span class='ocr_line' id='line_1_30' title="bbox 0 0 1696 5206; baseline 0 6"><span class='ocrx_word' id='word_1_195' title='bbox 0 0 1696 5206; x_wconf 95' lang='lat' dir='ltr'><strong> </strong></span> 
     </span>
    </p>
   </div>
  </div>
 </body>
</html>
