3382 5206
184 550 368 624 wo

376 698 571 822 metm
593 699 756 776 PRIMA
777 700 997 776 VERGILH
1020 701 1269 782 EPISTOLA

601 884 683 952 na
736 884 881 951 nou
906 885 920 949 r
943 884 975 950 u
1000 862 1051 951 n
1109 892 1113 899 ¹

397 1183 426 1231 ι.
449 1068 646 1247 Primam
669 1216 679 1248 ,
706 1161 810 1233 frater
829 1159 1002 1233 carissime
1027 1215 1039 1250 ,
1063 1159 1107 1234 de
1127 1177 1199 1235 arte
1220 1163 1332 1235 nomi·

320 1274 376 1348 nis
394 1277 646 1376 expositionem
669 1334 679 1366 ,
705 1304 793 1377 quae
813 1279 924 1377 prima
945 1295 996 1350 est
1019 1334 1029 1368 ‚
1049 1279 1208 1354 edicturo
1232 1335 1242 1369 ‚
1261 1282 1331 1354 tuis

318 1396 546 1495 petitionibus
566 1397 760 1471 satisfacere
781 1398 937 1498 cupienti
960 1455 970 1488 ‚
989 1387 1129 1473 vitietur
1156 1401 1244 1474 mihi
1270 1430 1332 1501 per

318 1541 417 1589 casus
435 1515 638 1613 singillatim
657 1543 854 1591 sermonem
866 1518 1028 1616 primitus
1043 1547 1115 1592 esse
1129 1517 1332 1592 faciendum

319 1634 363 1708 de
382 1635 597 1709 nominativo
618 1662 709 1710 casu.
730 1634 872 1712 Primus
893 1664 991 1710 casus
1018 1653 1053 1711 et
1078 1656 1194 1711 rectus
1221 1640 1333 1713 nomi·

318 1754 456 1828 nativus
480 1771 655 1843 vocatur,
682 1754 745 1854 qui
772 1754 809 1827 in
835 1754 965 1854 quibus
991 1755 1127 1855 syllabis
1155 1756 1334 1845 liniatur,

319 1873 408 1947 scire
427 1871 532 1946 debes
554 1901 565 1968 3
591 1872 789 1946 dicentibus
816 1873 1024 1974 quibusdam
1045 1874 1082 1945 in
1101 1890 1171 1946 tres
1196 1890 1335 1949 tantum

321 1991 464 2093 syllabas
482 1992 736 2066 nominativum
756 2020 874 2067 casum
899 1995 994 2066 finiri
1019 2021 1154 2094 semper
1173 1994 1300 2068 debere
1324 2025 1335 2090 3

322 2111 531 2215 quibusdam
548 2139 629 2184 vero
650 2140 692 2185 ex
712 2111 885 2184 contrario
908 2113 944 2185 in
965 2141 1032 2188 sex.
1047 2110 1149 2186 Hanc
1169 2113 1338 2214 quaestio-

251 2235 257 2257 '
322 2259 407 2308 nem
426 2231 726 2307 contradictorum
744 2231 925 2331 inquisitio
954 2235 1000 2331 (a)
1030 2233 1265 2332 repperiens,
1292 2233 1336 2306 ad

324 2380 438 2457 meam
455 2354 658 2454 parvitatem
678 2370 737 2426 tua
763 2352 980 2450 sagacissima
1004 2410 1014 2442 ‚
1042 2354 1188 2453 quaein
1209 2354 1337 2427 divinis

323 2474 557 2549 voluminibus
576 2474 657 2547 satis
684 2489 734 2546 est
759 2471 943 2572 approbata
965 2475 1017 2574 (ι)
1043 2530 1053 2562 ,
1078 2473 1188 2548 voluit
1214 2474 1339 2573 dirige-

324 2623 361 2668 re
384 2595 446 2695 (h).
462 2591 560 2688 Quid
582 2596 629 2693 (c)
652 2593 759 2690 igitur
778 2594 1053 2682 facturus'sum,
1073 2595 1230 2694 utrisque
1251 2597 1338 2668 exis·

324 2707 478 2789 tentibus
497 2713 668 2803 aemulis,
687 2714 826 2815 utrique
848 2712 978 2813 positus
998 2711 1102 2786 latere
1123 2715 1234 2788 amico
1257 2718 1339 2815 (a),

326 2837 418 2908 inter
436 2860 558 2907 eorum
578 2832 689 2930 iurgia
710 2831 844 2930 placere
865 2831 1053 2932 conpulsus
1073 2832 1090 2906 Ρ

407 2979 441 3026 2.
466 2948 568 3024 Duae
588 2949 723 3024 scholae
743 2950 874 3022 suntin
895 2966 965 3023 tota
982 2948 1140 3048 Europa,
1155 2949 1192 3021 in
1212 2949 1341 3050 quibus

243 3164 246 3169 Ι
326 3074 414 3147 heae
435 3071 485 3171 (d)
507 3069 757 3144 controversiae
782 3071 929 3144 mxima
955 3071 1115 3145 feruntur
1142 3098 1184 3143 ex
1208 3087 1339 3170 parte,

327 3194 444 3269 schola
451 3191 611 3266 Terentii
625 3207 659 3264 et
673 3189 789 3264 schola
804 3189 991 3288 Galbungi.
999 3188 1186 3265 Terentius
1197 3191 1319 3265 asserit
1330 3247 1348 3279 ,
1431 3279 1437 3287 ,

328 3333 399 3388 tres
418 3330 556 3387 tantum
574 3329 614 3385 ut
633 3310 703 3384 dixi
722 3310 864 3409 syllabas
884 3339 956 3384 esse
974 3310 1033 3401 ,in
1053 3338 1136 3410 quas
1155 3309 1342 3384 nominati·

293 3504 295 3511 ,
328 3458 391 3506 vus
412 3454 510 3504 casus
531 3427 705 3501 liniendus
727 3428 771 3500 sit
784 3443 945 3526 ‚excepto
962 3427 1192 3525 comparativo
1210 3426 1341 3525 gradu,

396 3628 723 3693 (1)co‹l·lsm'eqmresttoul
740 3627 941 3674 contradictorum
959 3632 1096 3686 inquientia.
1143 3623 1181 3690 (b)
1198 3627 1254 3676 cod.
1265 3628 1337 3685 dege-

335 3727 374 3761 re.
405 3709 599 3772 (quotquod-
631 3705 672 3771 (d)
687 3713 728 3753 lta
743 3707 846 3766 cod.pro
862 3707 925 3757 tae.
943 3717 968 3750 ut
982 3707 1039 3751 aliti
1050 3707 1086 3751 hr'e‘
1101 3722 1142 3767 pro
1157 3706 1192 3755 lu'.

394 3865 435 3938 (r)
453 3864 522 3932 Ergo
540 3863 625 3917 lulius
643 3864 771 3917 diaeonus
791 3864 910 3916 iusserat
929 3861 1012 3915 biblia
1031 3867 1170 3935 scripserat
1190 3863 1307 3934 aliquid.

395 3954 435 4027 (a)
455 3953 524 4007 Hinc
543 3953 661 4004 ridemur
674 3969 830 4018 cognoscere
847 3965 1002 4007 coaetaneos
1016 3953 1128 4020 Vergilii
1146 3956 1231 4008 nostri
1242 3971 1331 4022 gran-

340 4045 450 4099 matieos
468 4042 621 4096 Terentium
640 4052 666 4093 et
688 4036 873 4109 Galbuugum,
887 4043 935 4112 qui
949 4060 1007 4096 mox
1023 4041 1198 4114 appellantur.
