3382 5206
373 599 474 648 xtvttt
611 601 653 647 DE
678 600 871 652 catttttttttrtts
895 603 1101 654 ctttttsrttrttS.

345 720 440 817 gitur
458 735 520 791 aut
539 722 772 820 pervertitur:
796 748 887 822 quae
906 720 1047 798 libertas
1066 725 1267 800 christianis
1286 742 1367 825 poe·

343 844 388 916 tis
417 841 592 919 familiaris
626 861 687 920 est.
719 844 984 946 Argumentum
1014 850 1057 922 de
1090 848 1211 926 Plauti
1244 851 1363 927 fabula

342 985 527 1069 sumptum
546 998 652 1045 nemo
672 998 746 1045 non
766 970 879 1048 ridet:
898 975 1110 1075 ceteroquin
1126 989 1226 1074 poeta
1242 992 1364 1050 noster

341 1107 453 1166 marte
474 1095 616 1194 proprio
636 1095 755 1169 omnia
775 1094 921 1185 scribit,
941 1125 1057 1198 neque
1078 1098 1243 1198 plautinis
1262 1100 1364 1175 vesti·

339 1216 404 1314 giis
424 1217 562 1292 insistit.

495 1466 562 1540 DE
590 1463 874 1541 Htsrtttttets
900 1463 1196 1543 FAMINIBUS.

415 1870 444 1915 t.
472 1753 604 1918 Hoc
631 1840 811 1915 inauditae
835 1838 1018 1914 latinitatis
1043 1843 1354 1941 opusculumiam-

202 1930 222 1958 u
243 1932 271 2021 5⁰
284 1934 304 1961 n
330 1968 393 2043 diu
404 1967 493 2042 mihi
505 1968 729 2042 observatum
740 1965 856 2038 suerat
869 1964 906 2036 in
923 1961 1079 2062 Reginae
1092 1993 1211 2039 svecae
1226 1967 1351 2042 codice

186 2050 198 2081 ι
330 2093 489 2167 vaticano
509 2091 641 2167 saeculi
660 2091 707 2164 X„
725 2091 780 2163 vel
798 2089 852 2164 XI
870 2148 879 2180 ‚
900 2091 964 2192 qui
982 2091 1051 2163 fuit
1071 2090 1158 2164 olim
1177 2094 1351 2168 senatoris

329 2217 410 2316 galli
428 2215 592 2291 Petavii:
613 2215 838 2314 expectabam
863 2231 982 2288 autem
1005 2213 1172 2290 idoneam
1197 2218 1349 2295 occasio

327 2367 413 2416 nem
433 2339 561 2414 edendi
583 2341 656 2414 eius
679 2396 689 2429 ,
715 2367 824 2440 quam
842 2367 941 2413 nune
968 2342 1214 2437 grammaticus
1233 2340 1349 2442 Virgi-

324 2469 395 2543 lius
414 2465 542 2555 obtulit
564 2525 573 2555 ‚
598 2465 642 2539 ad
662 2491 769 2566 quem
782 2463 969 2560 'singularis
988 2464 1165 2540 latinitatis
1183 2494 1347 2568 praecep·

324 2609 437 2667 torem
455 2618 528 2665 non
549 2590 765 2686 incongruus
785 2615 903 2662 comes
927 2589 988 2662 hic
1014 2590 1153 2664 accedit
1172 2590 1314 2667 libellus
1336 2622 1345 2668 ε

326 2717 430 2792 cuius
450 2731 632 2790 auctorem
653 2730 757 2811 gente
777 2730 917 2786 scotum
935 2711 1044 2785 fuisse
1067 2770 1077 2801 ,
1105 2713 1269 2787 dubitare
1291 2716 1345 2790 vir

321 2841 405 2914 licet
423 2898 432 2929 ,
452 2841 536 2941 quia
555 2843 770 2937 scottigenae
790 2835 1003 2910 vocabulum
1021 2836 1075 2910 bis
1096 2837 1132 2910 id
1152 2837 1292 2913 indicat
1310 2868 1342 2940 p.

323 2967 410 3063 488.
423 2966 510 3065 489.
520 2962 673 3038 Scotum
683 2979 802 3036 autern
815 2986 897 3035 cum
910 2957 1062 3033 dicimus
1073 3018 1082 3049 ,
1094 2960 1284 3036 hibernum
1292 2991 1345 3036 ae·

319 3117 389 3190 que
400 3087 594 3186 intelligere
608 3111 905 3187 possumus3nam
913 3082 1059 3158 Scatrae
1070 3085 1341 3184 appellationem

320 3231 392 3289 tarn
405 3211 621 3301 Hiberniae,
639 3238 746 3312 quam
765 3210 800 3283 ei
818 3237 907 3309 quae
926 3211 1065 3310 proprie
1086 3238 1187 3285 nunc
1207 3212 1342 3288 dicitur

322 3335 470 3428 scotia,
497 3363 722 3412 communem
741 3335 824 3409 olim
843 3334 950 3408 luisse
971 3328 1185 3437 exploratum
1204 3358 1267 3413 est.
1276 3341 1345 3413 Ve-

319 3480 518 3536 rumtamen
534 3461 631 3536 dicet
647 3460 791 3561 aliquis:
806 3487 871 3533 cur
886 3459 991 3533 homo
1012 3479 1132 3535 scotus
1148 3478 1269 3562 poema
1287 3494 1344 3539 su·

318 3613 380 3660 um
400 3584 580 3688 hisperica
586 3585 733 3687 famma
752 3583 922 3684 appellat,
944 3611 1056 3683 quum
1076 3585 1268 3685 Hesperiae
1287 3619 1345 3663 vo·

317 3708 441 3785 cabulo
460 3712 514 3782 rel
534 3709 636 3782 ltalia
655 3708 927 3807 significeturab
948 3709 1125 3809 antiquis,
1144 3713 1199 3785 vel
1221 3710 1343 3812 Hispa-

317 3836 377 3910 nia
399 3835 416 3909 ?
441 3832 618 3934 Equidem
642 3833 733 3906 hanc
760 3833 1019 3909 dubitationem
1046 3836 1142 3911 haud
1163 3841 1243 3912 satis
1264 3869 1343 3941 pos·

316 3984 394 4033 sum
413 3956 629 4033 dissolvere:
654 3960 862 4062 ceteroquin
884 3979 1008 4035 auctor
1035 3989 1109 4034 non
1132 3964 1174 4037 ad
1196 3983 1341 4061 gustum

318 4083 562 4172 ansericum,
590 4081 651 4158 sed
676 4081 847 4182 hisperico
876 4112 962 4162 sono
988 4087 1087 4188 loqui
1112 4115 1147 4162 se
1174 4089 1279 4188 ait'S.
1306 4118 1338 4166 a.
