3382 5206
598 603 767 652 muamus
806 603 906 652 scorr
933 600 1077 650 clausu
1104 605 1127 651 ι.
1282 578 1352 678 4η

349 703 563 770 Ecce'crucis
585 700 711 795 lignum
737 702 942 793 quadratum·
958 703 1101 770 continet
1121 704 1257 786 orbem,

271 840 322 884 20,
416 812 455 876 In
480 834 544 902 quo
566 809 735 900 pendebat
756 828 871 900 sponte
893 834 949 876 sua
973 809 1153 893 Dominus,

267 970 271 977 .
348 917 392 981 Et
412 916 564 985 Verbum
586 917 686 1005 patris
710 915 878 1004 dignatum
902 937 1030 981 sumere
1054 938 1207 996 carnem,

416 1020 457 1084 ln
480 1043 545 1110 qua
569 1043 628 1109 pro
653 1020 747 1086 nobis
770 1019 875 1086 hostia
899 1035 990 1108 grata
1014 1018 1086 1086 fuit.

350 1126 470 1216 Aspice
494 1127 653 1194 confossas
677 1127 800 1218 palmas
822 1129 1043 1219 humerosque
1066 1126 1260 1217 pedesque,

418 1233 594 1322 Spinarum
617 1251 703 1301 serto
728 1252 874 1323 tempora
898 1237 1004 1300 cincta
1027 1233 1109 1301 fero.

273 1350 325 1413 25.
350 1342 388 1407 In
411 1338 523 1408 medio
546 1339 657 1407 lateris
683 1357 825 1408 reserato
849 1336 938 1409 fonte
960 1338 1073 1407 salutis

416 1442 540 1515 Vitales
563 1445 697 1513 haustus
718 1446 845 1535 sanguis
868 1463 900 1514 et
922 1444 1014 1510 unda
1036 1443 1153 1510 fluunt.

348 1547 448 1614 Unda
470 1548 559 1616 lavat
581 1567 685 1617 totum
709 1552 809 1617 veteri
832 1551 1022 1639 peccamine
1044 1546 1223 1628 mundum,

418 1655 557 1746 Sanguis
580 1656 730 1724 mortales
753 1681 811 1725 nos
834 1656 909 1723 iacit
932 1679 1000 1725 esse
1024 1654 1109 1722 deos.

351 1764 448 1827 Binos
472 1759 556 1828 adde
579 1785 651 1829 reos
674 1760 849 1851 pendentes
873 1763 993 1830 arbore
1015 1762 1113 1840 bina;

276 1884 329 1950 30·
419 1869 484 1932 Par
507 1864 611 1934 iuerat
634 1870 812 1953 meritum,
835 1870 938 1959 gratia
963 1867 1073 1958 dispar
1096 1870 1167 1934 erit.

354 1975 447 2040 Unus
472 1998 547 2040 cum
570 1975 701 2043 Christo
724 1975 867 2066 paradisi
892 1975 1007 2043 limina
1029 1975 1130 2060 vidit,

421 2079 517 2149 Alter
539 2082 733 2172 sulphureae
757 2108 879 2152 memus
902 2086 937 2151 in
960 2087 1026 2150 ima
1049 2084 1159 2175 stygis.

353 2186 490 2276 Eclipsis
512 2187 585 2254 solis
609 2187 706 2255 lunae
730 2190 898 2258 redeuntis
922 2214 984 2258 eoo
1014 2223 1019 2234 ·

420 2290 551 2358 Insolito
576 2318 672 2360 cursu
695 2293 809 2363 sideris
834 2295 949 2360 umbra
978 2291 1047 2360 iuit.

278 2415 330 2481 35,
355 2395 527 2464 Commoto
551 2416 665 2466 centro
689 2399 896 2466 tremulantia
919 2425 992 2466 sara
1017 2399 1205 2477 debiscunt;

423 2503 528 2590 Rupta
553 2506 703 2585 cortina,
726 2522 836 2570 sancta
860 2522 972 2593 patent
994 2504 1136 2594 populis.

356 2597 483 2674 Interea
507 2605 608 2673 laetus
631 2607 716 2674 solus
739 2609 828 2675 subit
851 2609 953 2677 infera
969 2610 1128 2678 ¹Christus

424 2713 639 2781 Committens
663 2714 787 2783 tumulo
812 2718 959 2783 membra
983 2715 1108 2804 sepulta
1134 2738 1229 2779 uovu.

355 2815 490 2890 Ὅπλὶτης
513 2820 605 2885 lortis
629 2823 784 2888 reseravit
808 2819 949 2887 claustra
972 2819 1150 2910 profundi,

278 2931 331 3015 4⁰·
423 2920 555 2986 Hostem
580 2923 762 3010 percutiens
787 2947 860 2989 vasa
885 2941 1015 3011 recepta
1043 2920 1128 2987 tulit.

357 3024 610 3116 Humanumque
633 3052 733 3117 genus
758 3029 869 3096 nolens
893 3030 926 3095 in
949 3045 1054 3095 morte
1076 3030 1204 3117 perires

424 3129 553 3219 Eripuit
579 3149 681 3197 totum
705 3132 854 3199 saucibus
878 3160 915 3199 ex
934 3135 1033 3200 erebi.

356 3237 408 3303 Te
432 3235 599 3302 Christum
625 3237 760 3305 colimus
784 3237 866 3304 caeli
891 3255 1063 3328 terraeque
1084 3253 1269 3328 potentem,

427 3345 579 3436 Namque
603 3346 661 3410 tibi
686 3343 744 3412 soli
768 3346 911 3411 flectitur
934 3370 1032 3412 omne
1054 3370 1150 3437 genu.

281 3469 335 3551 45,
358 3453 420 3537 Qui
444 3468 571 3517 tanturn
594 3450 715 3541 largire
740 3452 827 3517 sides
853 3450 941 3541 quud
967 3453 1029 3517 rite
1053 3454 1196 3542 rogaris3

426 3560 469 3624 Et
494 3558 582 3649 quud
607 3583 672 3626 non
695 3576 802 3642 recte,
825 3561 888 3623 rite
911 3583 1030 3650 negare
1052 3560 1143 3629 soles.

360 3666 411 3730 Da
433 3684 543 3731 nostro
569 3667 637 3755 regi
663 3663 784 3733 Karulo
808 3688 864 3729 sua
889 3688 985 3755 regnu
1010 3684 1144 3748 tenere,

427 3775 517 3857 Quae
539 3788 574 3835 tu
599 3771 720 3837 donasti
747 3772 892 3860 patribus
915 3770 1094 3863 almigenis.

360 3880 465 3945 Fonte
489 3897 544 3944 tuo
568 3896 701 3944 manant
725 3878 858 3944 ditantia
883 3901 982 3970 regna
1005 3903 1064 3967 per
1088 3877 1220 3947 orbem:

281 4001 332 4064 50,
426 3983 522 4070 Quod
545 4001 580 4049 tu
602 4008 668 4050 uon
694 3983 842 4069 dederis,
866 3984 947 4077 quid
969 3984 1070 4055 babet
1093 3984 1160 4050 ulla
1184 3980 1287 4055 caro?
