3382 5206
698 634 700 639 ·
727 612 772 656 ΠΕ
801 612 954 659 ttonttttt.

326 720 442 785 ablativo
460 737 522 776 casu
540 715 641 771 numeri
651 714 811 783 singularis.

326 812 375 883 qui
394 830 427 865 σι·
439 812 528 865 littera
539 805 713 862 terminatur,
731 821 816 872 quan·

328 911 384 955 tum
400 900 470 953 ratio
483 895 608 970 poscebat
619 930 626 951 ,
636 892 816 946 tractavimus.

362 985 440 1038 Nunc
451 995 515 1038 sunt
523 983 612 1052 aliqua
627 978 735 1033 nomina
744 994 816 1045 gene·

328 1070 364 1125 ris
383 1071 537 1127 masculini,
553 1084 623 1139 qnae
633 1065 735 1118 numeri
762 1064 817 1117 sint

330 1169 433 1212 tantum
447 1156 588 1225 singularis
603 1192 610 1213 ‚
628 1166 659 1207 ut
677 1165 743 1224 puta
773 1151 817 1206 hic

327 1244 468 1303 Saturnus.
485 1256 511 1297 et
523 1253 607 1296 cetera
618 1241 683 1295 talia
694 1259 700 1292 ε
711 1239 756 1293 sed
767 1237 816 1292 hnc

328 1351 476 1390 monemus.
489 1332 561 1402 quod
571 1331 636 1384 haec
650 1349 703 1384 uon
715 1347 747 1382 co
762 1328 817 1400 plu·

329 1439 358 1473 ra
381 1438 437 1474 erse
462 1420 654 1491 repperiantur.
680 1418 745 1470 ltern
773 1435 819 1484 ge-

330 1509 398 1562 neris
412 1508 551 1564 feminini,
569 1518 599 1560 ut
614 1519 680 1579 puta
694 1508 759 1559 baec
770 1506 819 1556 Ve-

331 1614 398 1654 nus.
417 1607 445 1650 et
460 1607 546 1649 cetera
575 1595 655 1648 talia:
678 1612 749 1648 nunc
769 1594 819 1646 hoc

331 1702 478 1742 monemus,
496 1684 568 1755 quod
587 1703 640 1738 non
652 1700 683 1736 eo
705 1684 818 1754 plurima

332 1790 389 1826 esse
404 1772 595 1843 repperiantur.
616 1773 682 1824 ltem
706 1782 819 1839 suntge-

330 1859 402 1913 neris
411 1859 510 1916 neutri,
520 1870 550 1911 ut
560 1869 625 1928 puta
642 1858 692 1911 hoc
709 1862 801 1909 aurunt
813 1895 820 1916 ‚

331 1958 359 2003 et
377 1958 464 2000 cetera
495 1947 576 1999 talia:
600 1964 669 1999 nnnc
689 1946 739 2000 lanc
761 1964 818 1999 mo·

329 2051 436 2091 matus,
454 2034 527 2103 quod
539 2033 603 2087 haec
614 2053 666 2087 nnn
682 2051 713 2087 eo
732 2033 816 2104 pluri.

329 2139 373 2175 ma
394 2138 450 2175 esse
466 2119 661 2192 repperiantur.
673 2122 738 2174 Item
756 2131 819 2174 sunt

329 2210 436 2264 uomina
454 2207 554 2277 generis
570 2208 728 2265 masculini,
752 2226 821 2278 qnae

334 2299 437 2352 numeri
455 2298 510 2350 sint
528 2306 632 2349 tantum
648 2298 777 2367 pluralis,
791 2309 837 2350 ut‘

331 2384 542 2456 putacircenses‚
551 2394 578 2436 et
589 2395 677 2437 cetera
689 2384 752 2437 talia
761 2403 767 2433 r
775 2383 821 2435 sed

330 2472 381 2526 hoc
400 2489 555 2529 monemus,
571 2471 644 2540 quod
655 2472 721 2524 hacc
749 2472 819 2524 intra

336 2558 447 2627 triginta
461 2569 513 2611 tres
527 2576 620 2614 sonos,
643 2557 694 2611 hoc
713 2569 754 2611 est
771 2558 822 2609 triu

332 2647 407 2715 ginta
418 2648 469 2698 tria
478 2647 583 2699 nornina
591 2684 597 2701 .
606 2664 661 2699 esse
672 2648 818 2717 repperian-

332 2743 384 2786 tur·
406 2736 471 2788 ltetn
500 2733 601 2800 generis
623 2733 761 2789 seminini.
791 2743 820 2784 ut

331 2833 396 2893 puta
406 2822 535 2875 kalendae
544 2833 570 2874 et
582 2833 666 2874 cetera
677 2822 741 2874 talin
754 2841 760 2871 ι
773 2821 818 2873 sed

333 2912 383 2964 hoc
398 2928 547 2966 monemus,
574 2910 647 2979 quod
657 2909 721 2961 haec
751 2911 821 2961 intra

332 3002 502 3071 septuaginta
522 3000 588 3052 dnos
602 3017 678 3052 sonos
689 3035 695 3054 .
707 3000 755 3052 hoc
782 3011 824 3053 est

330 3089 497 3159 septuaginta
510 3088 562 3140 dnn
573 3085 688 3140 uomina.
702 3103 756 3137 esse
766 3103 821 3157 rep·

331 3178 475 3248 periantur.
488 3177 551 3228 ltern
563 3175 662 3243 generis
671 3173 775 3231 neutri,
789 3186 819 3228 ut

323 3252 396 3335 ‘puta
407 3283 487 3319 arma.
497 3276 521 3317 et
528 3275 613 3316 cetera
622 3263 701 3315 talia:
713 3261 760 3314 sed
770 3262 819 3314 hnc

331 3369 480 3407 monemus,
500 3351 570 3418 qnod
583 3353 652 3402 intra
664 3359 767 3402 centum
777 3350 820 3403 vi-

333 3440 402 3506 ginti
421 3438 487 3489 duos
502 3454 594 3492 sonos,
610 3436 657 3489 lroc
667 3447 818 3489 estcentnm

331 3521 428 3589 viginti
444 3521 496 3573 tlun
508 3523 633 3576 nomina.
649 3538 705 3572 esse
724 3539 819 3592 reppe-

333 3610 444 3661 riantur.
463 3609 528 3660 ltetn
544 3619 608 3661 sunt
624 3608 730 3660 nomina
747 3626 819 3675 gene·

333 3695 370 3748 ris
394 3696 499 3751 neutri.
518 3713 587 3764 quae
601 3695 746 3746 innumero
764 3696 818 3765 plu-

333 3782 381 3835 rali
393 3783 504 3852 triptota
517 3800 571 3834 esse
586 3783 777 3852 repperiantur,
790 3795 820 3835 nt

332 3880 398 3940 puta
417 3869 510 3924 mella.
530 3881 556 3922 et
574 3880 657 3921 cetera
678 3871 758 3922 talia:
775 3871 819 3922 sod

333 3957 383 4010 ltoc
404 3974 556 4015 monemus.
588 3959 661 4026 quod
689 3959 754 4010 hacc
785 3964 819 4012 in-

334 4054 375 4096 tra
399 4044 508 4112 triginta
530 4055 583 4097 tres
607 4062 699 4103 sonos,
718 4046 767 4100 lroc
780 4059 820 4099 est

1264 586 1333 684 ²37

867 715 937 768 intra
953 715 1064 783 triginta
1086 717 1137 768 tria
1160 716 1285 774 nomina.
1307 733 1363 770 esse

869 804 1061 874 repperiantur.

904 893 972 945 Sunt
988 893 1095 945 nomina
1113 902 1290 963 monoptota.
1309 891 1360 946 hoc

868 979 1363 1050 estqnaeunnmtantumcasnmexhi·

869 1067 943 1124 bunt,
958 1077 988 1119 nt
998 1078 1064 1137 puta
1076 1065 1221 1121 ablativum
1232 1105 1240 1126 ‚
1251 1079 1346 1139 sponte
1357 1106 1364 1127 .

868 1165 895 1207 et
906 1165 991 1207 cetera
1002 1155 1083 1208 talia:
1097 1156 1144 1208 sed
1158 1158 1208 1212 hoc
1219 1175 1363 1216 monemus.

869 1244 941 1313 qnod
951 1243 1015 1297 lraec
1026 1262 1118 1297 nonen
1128 1245 1205 1315 plura
1211 1263 1267 1300 esse
1276 1264 1364 1317 reppr«

868 1330 982 1382 riantur.
995 1331 1060 1383 Sunt
1074 1333 1179 1386 nomina
1194 1343 1302 1405 aptota.
1312 1334 1362 1387 hoc

869 1428 910 1469 est
918 1436 987 1487 quae
997 1436 1042 1489 per
1052 1436 1139 1471 ornnes
1148 1436 1225 1472 casus
1238 1438 1291 1473 uno
1299 1438 1363 1473 tono

871 1503 1037 1557 declinentur
1049 1541 1056 1561 .
1067 1516 1098 1558 nt
1111 1517 1176 1576 puta
1190 1507 1318 1565 Caeleno,
1335 1517 1364 1560 et

872 1603 956 1645 cetera
983 1594 1063 1647 talin:
1082 1593 1127 1646 aed
1144 1599 1195 1650 hoc
1224 1610 1358 1649 monemus

871 1682 944 1751 qnod
961 1682 1026 1735 haec
1044 1685 1150 1736 nomina
1175 1703 1228 1737 nnn
1245 1702 1276 1737 eo
1298 1685 1361 1756 plu-

872 1789 900 1822 ra
919 1787 974 1823 esse
995 1770 1189 1841 repperiantur.
1222 1771 1289 1824 Sunt
1311 1791 1361 1824 no-

872 1857 942 1908 mina
955 1893 963 1913 ‚
974 1875 1044 1927 qnae
1064 1875 1095 1910 ex
1111 1868 1164 1910 nna
1179 1858 1269 1911 littera
1287 1860 1363 1912 intel·

871 1945 994 2010 leguntur
1004 1980 1011 2001 ‚
1023 1955 1128 2014 utputa
1143 1963 1185 1998 ιι·
1197 1982 1204 2003 ,
1215 1957 1243 1999 et
1260 1946 1364 2014 signifi-

871 2044 915 2086 cat
940 2033 1051 2084 Marcus.
1073 2033 1139 2084 Sunt
1163 2049 1232 2102 quae
1253 2032 1359 2089 duabus

872 2120 935 2172 ·Gn·
945 2155 952 2175 .
962 2130 990 2172 et
1012 2119 1144 2186 significat
1159 2121 1275 2173 Gnaeus.
1295 2121 1363 2176 Sunt

871 2221 940 2272 quae
949 2204 1045 2261 tribus.
1061 2216 1170 2277 utputa
1184 2205 1263 2264 ·Sex·.
1274 2219 1302 2262 et
1311 2209 1363 2278 sig-

871 2293 962 2346 nificat
984 2294 1086 2346 Sextus.
1100 2296 1165 2347 Sunt
1191 2313 1260 2364 quae
1280 2308 1364 2365 qnat-

872 2392 930 2435 tnor
940 2418 947 2439 .
958 2393 988 2435 ut
997 2394 1061 2453 puta
1073 2384 1165 2454 ·reip·‚
1181 2396 1208 2437 et
1223 2386 1358 2452 significat

870 2466 1040 2538 reipublicae·
1059 2471 1127 2524 Sunt
1146 2489 1214 2541 quae
1238 2474 1358 2544 quinque

872 2566 903 2608 ut
921 2567 987 2627 puta
1002 2555 1094 2628 ·tribp·
1104 2595 1112 2616 .
1122 2571 1149 2612 et
1166 2561 1300 2628 significat
1319 2563 1367 2616 tri·

872 2640 959 2695 burrus
982 2642 1076 2712 plebis·
1097 2647 1164 2699 Sunt
1177 2651 1283 2701 nomina
1295 2668 1364 2718 quae

873 2731 900 2780 in
920 2747 1028 2782 numero
1054 2731 1182 2799 singulari
1203 2735 1260 2788 sint
1282 2754 1363 2803 genc-

874 2817 910 2869 ris
923 2818 1076 2875 masculini,
1091 2831 1198 2891 utputa
1220 2822 1265 2874 hic
1285 2834 1365 2877 tarta·

874 2923 935 2969 rns3
951 2906 980 2958 in
998 2924 1106 2960 nurnero
1118 2925 1179 2962 vero
1196 2909 1293 2980 plurali
1320 2930 1365 2979 ge-

873 2993 942 3045 neris
952 2995 1041 3045 neutri
1052 3030 1059 3051 ,
1071 3006 1101 3048 ut
1117 3008 1179 3066 puta
1192 2998 1258 3051 haec
1273 3010 1361 3053 tarta-

874 3102 903 3136 ra
918 3120 925 3140 .
938 3095 966 3137 et
991 3096 1076 3138 cetera
1091 3087 1166 3139 talia.

906 3171 973 3224 Sunt
999 3173 1104 3225 nomina
1133 3177 1233 3241 generis
1253 3178 1362 3236 neutri,

872 3274 978 3332 quaeet
995 3279 1053 3315 cum
1065 3264 1124 3318 aliis
1147 3267 1287 3335 generibus
1306 3269 1365 3321 iun-

871 3360 978 3416 guntur,
990 3359 1017 3402 ct
1032 3354 1178 3406 tamenvim
1186 3373 1261 3407 suam
1271 3359 1364 3410 conti-

870 3447 952 3489 neant
963 3472 970 3492 .
982 3447 1013 3489 ut
1027 3451 1094 3509 puta
1104 3452 1272 3510 portentum:
1293 3444 1363 3497 dici-

871 3525 990 3578 turenim
1001 3528 1217 3596 portentum.hoc
1229 3542 1270 3583 est
1282 3543 1311 3585 ut
1328 3535 1365 3589 sit

869 3611 947 3665 homo
956 3615 1057 3679 generis
1066 3616 1214 3674 masculini,
1222 3629 1249 3670 et
1260 3631 1365 3690 porten-

872 3711 927 3751 tum
943 3700 1042 3767 generis
1060 3702 1158 3754 neutri.
1172 3703 1239 3757 Sunt
1255 3708 1363 3762 nomina

871 3806 941 3857 quae
951 3789 1116 3843 nominativo
1133 3792 1174 3844 rel
1185 3795 1307 3850 vocativo
1323 3815 1364 3851 ca·

869 3897 900 3929 sn
911 3878 1010 3929 numeri
1022 3878 1164 3945 singularis
1186 3899 1218 3931 ·r·
1242 3883 1363 3940 ultimum

871 3975 898 4016 ct
910 3965 937 4017 in
948 3982 981 4017 a.
996 3965 1113 4018 litteram
1138 3979 1294 4026 convertant
1310 4009 1317 4030 ‚
1336 3986 1367 4029 nt

872 4062 937 4123 puta
964 4051 1035 4106 color
1058 4063 1086 4107 et
1113 4053 1202 4112 colos,
1223 4065 1250 4109 et
1279 4071 1365 4114 cetera
