3382 5206
645 533 651 551 ι
736 570 880 631 renent
907 573 945 633 η’.
1257 559 1331 640 108

339 693 438 777 sieut
463 692 503 765 in
529 689 650 774 verbis
669 688 877 765 invenimus
895 691 952 766 vel
974 690 1218 770 adiectionem
1234 723 1359 798 super·
1446 702 1450 713 '

339 813 475 902 fluam,
501 810 558 886 vel
584 809 871 886 diminutionem
898 806 1204 913 corruptibilem:
1238 815 1357 893 adiee-
1442 816 1445 823 Δ

336 931 498 1021 tionem,
518 958 603 1006 eum
621 931 833 1029 rogavissem
852 932 907 1005 vel
928 933 1128 1029 rogavisse,
1156 961 1220 1034 pro
1241 962 1355 1033 rogas-

337 1078 410 1124 sem
421 1068 625 1147 etrogasse,
645 1050 777 1124 adiecta
796 1049 910 1121 media
923 1051 1070 1149 syllaba,
1085 1051 1272 1128 scribatur:
1291 1053 1349 1126 de·

334 1189 466 1260 tracta,
491 1187 661 1268 rogarunt
689 1199 752 1270 pro
773 1187 1002 1266 rogaverunt3
1028 1169 1079 1242 sie
1106 1187 1351 1271 rogarantpro

333 1307 558 1387 rogaverant,
579 1305 615 1361 et
635 1289 763 1386 rogarit
793 1316 856 1391 pro
882 1287 1063 1384 rogaverit.
1098 1285 1225 1361 Solent
1248 1289 1354 1362 etiarn

333 1410 490 1483 rhetores
509 1407 828 1481 mensurandorum
846 1407 982 1507 pedum
1000 1423 1268 1506 temporumque
1280 1436 1352 1506 gra-
1398 1434 1401 1441 ’

336 1528 383 1601 tia
402 1528 532 1627 aliquas
562 1524 706 1625 syllabas
731 1527 771 1599 in
799 1525 910 1598 modis
938 1524 1089 1619 addere3
1117 1542 1159 1597 ut
1185 1525 1273 1599 illud
1289 1543 1356 1600 ‘est

338 1645 402 1720 M·
421 1646 605 1720 Volumnii
627 1646 728 1746 (a):“
753 1645 912 1718 ionicum
931 1644 1134 1739 navigabere
1152 1661 1352 1741 pontum„

335 1765 412 1840 Hoc
432 1765 550 1865 posuit
569 1791 631 1864 pro
656 1765 827 1861 navigare.
848 1762 949 1836 Idem
968 1761 1069 1836 alibi:
1082 1774 1106 1805 “
1130 1762 1268 1836 flannna
1293 1792 1352 1839 au·

338 1942 361 1975 „
390 1912 470 1959 rum
498 1911 646 1958 accensa
662 1885 833 1984 probante
849 1943 873 1975 „
902 1875 936 1958 id
958 1899 1019 1957 est·
1031 1887 1153 1984 probat
1176 1886 1237 1985 (b).
1262 1882 1356 1959 Con·

334 2019 483 2075 suerunt
505 2003 610 2075 etiarn
635 2003 779 2074 nomina
806 2002 862 2077 vel
887 2004 1093 2102 pronomina
1124 2003 1200 2077 aliis
1224 2002 1353 2078 litteris

333 2121 437 2218 longo
459 2121 646 2220 aliquando
669 2123 716 2221 (c)
738 2119 851 2220 legere
873 2121 1001 2212 modo,
1026 2139 1068 2196 ut
1094 2123 1229 2196 bonum
1258 2116 1353 2224 quod

335 2238 441 2312 etiam
451 2240 611 2312 buonum
625 2238 697 2337 (d),
719 2255 754 2312 et
766 2268 829 2338 ago
841 2267 904 2340 pro
916 2267 979 2337 ego
989 2224 1010 2329 s
1016 2269 1106 2340 quae
1120 2241 1156 2313 in
1168 2239 1291 2317 multis
1303 2242 1355 2314 in·

328 2358 504 2431 venimus.
536 2356 648 2431 Multi
668 2357 774 2430 etiarn
801 2384 867 2457 pro
892 2358 1039 2430 nomine
1068 2358 1164 2432 aliud
1190 2385 1351 2449 nornen,

330 2476 425 2574 quod
438 2474 567 2548 litteris
587 2474 695 2572 magis
707 2474 753 2547 sit
765 2476 983 2574 proximum,
1004 2475 1128 2548 indere
1140 2476 1352 2574 voluerunt3

332 2612 374 2668 ut
393 2623 492 2668 meus
517 2595 587 2667 mei
606 2595 719 2684 mihi,
740 2623 802 2695 pro
823 2623 896 2691 ego.
917 2592 988 2666 Per
1009 2597 1121 2668 varias
1136 2596 1353 2671 latinitatum

330 2716 608 2814 multifariasque
621 2716 840 2787 differentias
851 2715 1013 2815 quisnam
1027 2715 1076 2788 ire
1101 2717 1146 2815 (e)
1170 2717 1352 2815 potuerit?

332 2861 414 2906 curn
434 2851 506 2906 tarn
526 2833 656 2907 multae
679 2832 773 2920 sint,
795 2848 835 2904 ut
856 2848 1031 2931 nequeant
1051 2832 1232 2906 numerari
1255 2835 1305 2934 (s).

406 2953 440 3044 4.
469 2947 605 3021 Omnes
626 2964 743 3048 partes
762 2948 929 3022 orationis
949 2949 1064 3022 scindi
1086 2949 1206 3026 solent.
1227 2948 1352 3023 Nomi·

328 3096 398 3156 na,
418 3088 459 3142 ut
482 3071 543 3143 uhi
564 3070 606 3142 sit
626 3096 801 3168 regnum,
830 3088 983 3168 ponatur
1011 3052 1173 3167 germen,
1200 3067 1349 3145 Lucano

325 3188 483 3263 dicente:
503 3202 526 3233 “
543 3188 1084 3286 germenllornanorurnreeturn
1106 3207 1196 3280 est„
1216 3192 1284 3265 boe
1297 3208 1350 3265 est

328 3336 485 3406 regnum.
507 3307 723 3381 Pronomina
744 3337 883 3407 quoque
906 3310 1144 3398 scindutunr‚
1166 3328 1207 3383 ut
1227 3312 1350 3413 ·si·pr0

328 3427 395 3514 -is·‚
416 3426 615 3499 secundum
633 3426 720 3497 illud
741 3426 985 3502 Alexandri:“
1009 3429 1122 3501 salvus
1147 3430 1211 3518 sit,
1231 3429 1260 3500 si
1286 3429 1350 3529 qui

328 3546 510 3634 consulit„
531 3547 599 3618 hoe
620 3563 672 3618 est
686 3547 714 3618 is
728 3548 792 3646 qui
806 3547 968 3622 consulit.
979 3546 1092 3620 Verba
1106 3576 1246 3647 quoque
1258 3549 1349 3622 scin·

326 3668 463 3756 dimus,
484 3685 524 3741 ut
544 3667 637 3740 nodo
660 3687 723 3769 pro
743 3668 857 3758 dono,
880 3686 913 3740 et
934 3668 1009 3765 gelo
1031 3698 1092 3769 pro
1112 3671 1197 3768 lego.
1214 3669 1349 3744 Adver-

403 3835 440 3898 (α)
458 3840 492 3879 Sic
510 3838 590 3879 verilo-
610 3840 718 3882 Ceterum
731 3840 753 3878 in
775 3837 853 3880 eolice
872 3836 900 3878 j(
917 3837 1039 3880 videbatur
1056 3838 1177 3895 arsabigou,
1195 3837 1276 3880 deinde
1292 3848 1344 3884 erat

328 3911 453 3953 valeamus.
486 3905 527 3975 (b)
546 3914 710 3956 Canaces-nso*
729 3914 800 3969 probs
820 3919 933 3955 alsunn'm'
948 3912 1031 3970 proba:
1079 3911 1102 3970 t)
1129 3914 1185 3960 cod.
1204 3914 1274 3971 leuga
1289 3915 1341 3958 all-

326 4002 394 4044 guum
409 3989 490 4029 ‘totvm
523 3983 562 4051 (l)
579 3989 635 4036 eod.
654 3991 739 4032 iterum
756 3992 847 4031 bouum·
865 3990 906 4034 sod
921 3993 1019 4032 totmanno
1038 3991 1073 4033 hat
1083 4001 1104 4033 rt
1125 3994 1223 4052 Fronto,
1244 4001 1269 4038 et
1282 3990 1341 4040 lhli

325 4063 426 4108 hodierni
444 4070 552 4109 retinent.
585 4063 621 4124 (ι)
638 4067 685 4112 cod
711 4074 765 4127 quvis
785 4082 886 4110 trusere·
919 4063 953 4127 (l)
972 4068 1027 4111 Cod.
1047 4075 1150 4113 numeri.
