3382 5206
751 609 797 657 ft!
824 610 951 661 ΝΜΟ.

340 708 463 779 temporit
479 709 535 765 sire
555 710 688 767 instantis.
701 719 728 762 et
741 709 834 768 futuri.

338 807 365 847 ct
384 795 494 861 gerundi
522 797 575 848 tria
591 831 599 853 ‚
618 815 688 866 quoe
705 808 768 850 tunt
786 815 833 851 tn·

340 882 443 951 periore
459 919 466 939 .
480 894 506 935 et
527 882 669 954 participia
686 885 832 955 praesentit

340 969 464 1038 temporit
490 969 545 1022 sive
562 968 647 1024 futuri
664 990 733 1041 quoe
762 972 832 1024 dus·

339 1055 442 1124 epliaha
467 1059 641 1112 terminantur
656 1096 662 1116 .
679 1071 706 1112 et
732 1061 833 1131 species

340 1141 498 1213 inperfectae
540 1146 597 1197 sive
630 1146 717 1198 nrinue
753 1163 834 1216 quern

339 1230 485 1298 perfectae.
505 1230 544 1283 rei
555 1231 723 1287 inchoativae
736 1251 750 1284 a
765 1251 832 1304 quc·

339 1317 403 1372 libet
430 1320 560 1388 qualitate
584 1322 679 1378 verbi.
705 1326 740 1376 od
760 1343 833 1378 tuctu

340 1411 449 1465 formem
465 1414 547 1481 redigi
569 1417 761 1486 repperiuntur.

390 1502 494 1574 Species
525 1504 655 1574 perfectae
688 1509 744 1559 sire
775 1510 834 1580 pius

339 1608 419 1658 quern
439 1589 567 1660 perfectae
597 1595 666 1647 orodi
691 1595 831 1647 indicativi

337 1678 393 1730 tire
413 1680 623 1749 pronuntiaturi,
641 1693 667 1737 et
692 1685 831 1755 optativi.

335 1776 363 1818 et
396 1767 557 1821 coniunctiri
592 1771 649 1824 sive
681 1772 793 1826 iunctiri
820 1809 829 1831 ‚

337 1854 377 1906 vei
403 1853 522 1907 futurum
547 1867 648 1929 ternpus
674 1860 745 1912 nrodi
767 1877 831 1914 con-

337 1943 450 1995 iunctivi
468 1947 523 1996 tire
542 1945 653 2001 iunctiri
664 1986 671 2004 ,
682 1949 747 2002 haec
758 1968 832 2021 prac-

336 2030 444 2082 teriturn
466 2043 569 2103 ternpus
587 2035 658 2095 niodi
680 2036 778 2090 infiniti
796 2035 830 2089 nb

337 2121 427 2175 active
448 2122 563 2173 neutrali
583 2133 610 2176 et
634 2122 828 2197 frequentativo

335 2208 465 2277 qualitate
481 2208 582 2263 sedicet
595 2248 601 2268 .
616 2214 681 2282 quin
695 2213 826 2268 inchoati-

336 2313 369 2346 νει
387 2293 434 2346 hat
455 2313 495 2347 ree
512 2295 595 2349 fucere
605 2296 779 2367 prohibetur.
795 2299 829 2350 ed

352 2400 425 2435 tunm
445 2382 552 2436 formam
573 2384 656 2453 redigi
670 2387 826 2457 repperiun-

335 2481 387 2522 tur.
410 2471 486 2522 Nunc
507 2466 533 2523 in
556 2472 606 2524 hac
621 2471 702 2526 formu
716 2475 826 2529 hocerro-

336 2575 446 2614 nernus.
465 2559 537 2627 quod
552 2558 602 2611 hoc
619 2578 699 2614 unum
718 2561 825 2615 verbum

334 2647 475 2699 adinissum
493 2648 530 2700 tit
548 2648 705 2719 imperativo
733 2650 826 2710 modo.

335 2746 450 2804 ternpore
471 2730 690 2806 futuro.'propter
704 2755 826 2792 tonorum

334 2824 461 2875 rationem
482 2823 625 2880 declinari.
657 2824 683 2876 id
703 2837 744 2879 est
772 2846 825 2881 rne-

231 2932 237 2942 ·
334 2922 429 2964 mento·
449 2910 498 2962 Set
525 2912 574 2965 hoc
594 2912 773 2986 verbumque
794 2916 827 2969 de

334 3016 413 3052 cautu
433 3001 458 3052 in
478 3003 632 3074 supradicto
657 3006 734 3060 modo
753 3025 828 3080 prop·

335 3101 374 3142 ter
398 3108 476 3143 conoe
495 3090 638 3146 admissum
656 3095 692 3148 eit
712 3095 828 3153 decline-

334 3178 371 3234 ri,
381 3178 430 3230 hoc
447 3179 472 3231 in
488 3180 558 3233 sonis
576 3193 746 3252 conpetenter
758 3195 826 3239 truc·

333 3250 457 3317 teiritnus.

367 3354 457 3424 Specie
489 3354 604 3425 perfecta
622 3366 648 3408 et
667 3357 725 3427 pius
744 3376 823 3429 quen

330 3442 443 3512 perfectu
454 3444 523 3496 modi
538 3443 708 3515 inpersouefis
720 3485 727 3504 ,
741 3458 766 3501 et
778 3464 822 3517 ge-

331 3530 409 3583 tundi
430 3533 620 3590 novissimum,
640 3533 695 3587 sire
711 3535 824 3606 pertici·

330 3617 402 3687 pium
414 3622 551 3690 praeteriti
571 3623 694 3693 temporie
704 3624 746 3676 rei
755 3620 823 3678 fotu·

329 3707 362 3767 ri,
374 3707 445 3776 quod
456 3710 481 3761 in
491 3728 554 3763 rus·
563 3711 761 3779 syrtitramexie
774 3729 821 3767 nec

330 3814 381 3848 non
395 3806 422 3849 et
442 3815 534 3850 nomen
552 3836 557 3854 .
573 3809 600 3850 et
621 3800 778 3870 appellatio.
792 3811 818 3854 et

329 3895 430 3953 tempus
450 3887 619 3956 praeteritum
646 3899 672 3941 ct
702 3888 817 3942 futurum

1288 594 1362 671 3th

891 726 991 788 tempus
1006 715 1077 769 modi
1091 719 1254 775 coniunctivi
1268 759 1274 779 .
1288 740 1382 794 eque·

887 804 966 858 litate
977 806 1099 876 petefre.
1118 808 1158 862 uei
1175 809 1320 883 deponenti
1339 815 1381 868 ref

885 894 1032 951 communi.
1047 895 1080 947 cd
1096 913 1169 950 eueni
1189 899 1297 954 formum
1312 903 1386 956 redi·

886 981 911 1049 gi
931 986 1124 1054 repperiuntur.
1136 989 1213 1042 Nunc
1227 990 1254 1044 in
1269 991 1321 1043 bac
1332 992 1385 1047 for·

886 1088 928 1124 mn
959 1070 1009 1126 hoc
1042 1092 1194 1133 monemur,
1227 1078 1300 1146 qn'od
1330 1078 1381 1134 hoc

872 1223 873 1227 Ἰ
888 1178 969 1212 uuum
987 1163 1158 1234 perticipium
1170 1167 1321 1237 repperitur
1332 1205 1339 1225 .
1352 1168 1379 1220 id

885 1260 925 1301 eet
945 1252 1106 1310 moriturus.
1121 1254 1312 1326 quodpropter
1333 1270 1380 1309 to·

887 1353 979 1388 norum
998 1340 1126 1393 rationem
1137 1357 1152 1392 c
1163 1343 1319 1412 supradicte
1330 1343 1382 1399 for·

886 1439 928 1474 rue
947 1424 1103 1485 invenietur
1121 1428 1282 1500 discrepare.
1302 1432 1380 1486 Nrmc

886 1530 940 1583 qun
958 1514 992 1566 de
1008 1531 1089 1568 ceute
1108 1517 1291 1587 tuprrdicturn
1315 1537 1377 1590 pnr-

887 1600 1008 1674 ticipiutn
1029 1605 1211 1677 etupradicta
1232 1605 1312 1658 fortun
1340 1606 1376 1659 in·

885 1691 1010 1744 venietur
1030 1691 1195 1766 discrepare,
1210 1693 1260 1747 hoc
1287 1694 1314 1745 in
1333 1710 1378 1746 eo-

886 1777 927 1830 nit
948 1789 1115 1850 conpetenter
1141 1780 1324 1835 trectabirnuc.

938 1952 983 2019 tt.
1002 1969 1193 2020 ooirtrrorrrt
1208 1970 1325 2010 virtu.

886 2056 1077 2207 Quaeritur.
1097 2113 1214 2187 portitor
1233 2149 1241 2170 .
1266 2122 1295 2166 ct
1318 2127 1377 2165 cen·

885 2212 947 2261 tot·
965 2214 992 2260 et
1007 2204 1242 2273 uetareturque
1263 2201 1297 2256 de
1314 2218 1373 2253 ceu·

883 2307 912 2343 et
936 2308 952 2344 e
975 2290 1063 2345 verbis
1087 2309 1140 2346 non
1168 2291 1259 2346 venire
1281 2305 1375 2359 reppe-

882 2376 1007 2432 rientur?
1018 2379 1073 2431 fiee
1087 2379 1121 2433 de
1138 2396 1232 2435 cause.
1251 2376 1376 2446 quoniam

882 2469 970 2522 omnin
988 2469 1067 2522 rerba
1091 2486 1123 2522 ex
1153 2465 1262 2536 gerundi
1282 2466 1373 2519 norie-

880 2559 946 2613 tirno
965 2560 1084 2614 citimum
1109 2557 1238 2627 eyiiebenr
1265 2556 1292 2608 in
1312 2565 1374 2607 ·tor·

880 2647 1007 2717 tyiinltnrn
1030 2656 1210 2703 convertunt.
1228 2655 1254 2697 et
1280 2661 1374 2697 nornen

879 2754 943 2790 tune
952 2736 1096 2806 quelitntis
1107 2734 1252 2789 ostendunt
1263 2768 1270 2788 .
1282 2741 1312 2783 ot
1324 2749 1371 2800 pu·

880 2835 909 2878 tc
928 2825 1058 2878 coiectum
1081 2823 1206 2875 calcetur.
1225 2821 1268 2871 Sic
1280 2818 1374 2885 ntique

879 2925 908 2968 et
926 2923 1059 2985 portatum
1077 2919 1212 2982 portetor.
1231 2917 1258 2958 et
1278 2915 1371 2956 cante·

881 3013 937 3056 tum
968 3011 1113 3054 cantator.
1136 2996 1222 3049 iucem
1248 2991 1372 3045 debeant·

879 3089 913 3142 Et
925 3087 986 3141 ideo
1003 3086 1117 3158 portitor
1130 3096 1158 3137 et
1176 3092 1285 3136 centor.
1307 3094 1371 3131 tuae

879 3177 1018 3248 positionis
1039 3175 1165 3229 nornine.
1183 3188 1235 3224 non
1254 3167 1371 3220 arcebit

877 3265 1029 3321 venientia.
1050 3256 1332 3336 tuntprnnuntinnda·

912 3354 1077 3426 Quaeritur.
1102 3349 1202 3405 irretio
1224 3357 1253 3400 et
1280 3355 1368 3396 cetera

878 3443 942 3497 tulit
969 3462 1023 3515 qua
1047 3443 1081 3495 de
1109 3458 1189 3493 censo
1228 3457 1243 3490 n
1278 3435 1367 3490 verbis

876 3550 929 3585 non
947 3532 1038 3584 venire
1056 3521 1257 3599 repperiuntori
1267 3524 1322 3574 iiee
1333 3522 1367 3574 de

875 3640 974 3679 cause.
993 3620 1118 3690 qnoniam
1140 3615 1231 3669 omnia
1241 3611 1321 3666 vert·
1334 3629 1366 3664 ex

874 3708 984 3777 gerundi
1009 3705 1152 3760 novissimo
1174 3721 1239 3754 0onr·
1263 3700 1368 3752 litteren

873 3795 1014 3850 omittunt.
1033 3805 1061 3847 et
1081 3810 1148 3844 ·ure·
1171 3791 1210 3842 rei
1227 3807 1263 3842 ·o·
1288 3787 1361 3840 titte-

872 3903 914 3939 ηε
932 3886 1084 3957 accipiunt.
1101 3894 1129 3937 et
1157 3862 1368 3952 appellationem*

327 3974 398 4027 modi
420 3973 516 4030 infiniti
541 3977 596 4028 sire
616 3979 756 4047 perpetui.
775 3978 814 4030 rei
870 3997 934 4032 tune
964 3977 1105 4048 qualitatis
1138 3974 1305 4029 ostendunt.
1331 3984 1363 4026 ut

327 4062 427 4134 tpeciee
446 4063 594 4133 perfectae,
614 4065 671 4118 sive
694 4063 811 4119 futurum
866 4077 932 4137 puta
950 4065 1076 4136 scriptum
1091 4063 1242 4134 scripture.
1261 4060 1360 4114 fectum
