3382 5206
400 576 477 623 xuv
752 575 793 621 DE
820 572 1012 623 enuntiamus

365 694 403 765 in
416 691 597 767 anecdotis
609 691 666 768 lat.
679 689 721 766 Τ.
736 688 763 768 l:
776 692 837 792 qui
851 692 1037 766 contendit
1050 691 1172 781 etiam,
1187 691 1387 767 orationem

365 817 458 889 illam
475 815 660 889 Benedicti
671 813 802 888 Rornae
817 815 972 888 habitam
992 843 1053 914 pro
1072 842 1174 888 causa
1190 844 1274 907 sua,
1294 845 1385 917 quae

365 940 496 1037 legitur
513 938 609 1039 apud
632 937 787 1010 eundern
798 936 974 1014 Murator.
987 939 1052 1013 loc.
1067 939 1190 1027 cit.,et
1211 937 1387 1018 S.R.I.T.

365 1059 427 1135 IV.
437 1061 650 1164 p.76.,non
672 1079 743 1134 tam
762 1062 869 1134 huius
890 1061 1148 1162 archiepiscopi
1169 1090 1275 1163 quam
1295 1060 1389 1135 Lau·

363 1185 484 1286 dulphi
499 1184 661 1259 historici
674 1185 744 1273 ‚vel
764 1185 854 1259 alius
875 1187 1074 1287 cuiuspiam
1095 1215 1166 1260 esse
1188 1187 1389 1260 existiman·

361 1308 451 1382 dam.
469 1306 681 1408 Utcumque
703 1337 744 1382 ea
767 1336 822 1382 res
843 1338 879 1382 se
899 1310 1030 1399 hahet,
1059 1307 1292 1385 Benedictum
1316 1308 1385 1384 Rs

360 1460 436 1506 mae
456 1430 644 1531 degentem
670 1433 847 1532 scripsisse
867 1434 1084 1533 epitaphium
1105 1433 1316 1509 Ceduvallae
1335 1463 1385 1508 re·

361 1557 411 1655 gis
442 1557 536 1654 angli
559 1615 569 1646 ‚
597 1557 660 1656 qui
696 1556 799 1656 paulo
833 1574 911 1657 post
936 1576 1143 1658 susceptum
1166 1559 1385 1659 baptismum

360 1681 465 1772 obiit,
486 1697 638 1755 testatur
650 1678 704 1752 vel
716 1697 814 1753 certa
825 1680 969 1754 traditio
983 1682 1057 1769 ,vel
1071 1682 1187 1782 potius
1200 1682 1307 1782 lapis,
1322 1685 1384 1783 qui

360 1805 503 1879 saeculo
515 1802 595 1878 XV.
614 1804 762 1877 effossus
777 1803 872 1902 apud
892 1802 930 1878 S.
947 1801 1098 1877 Petrum
1108 1805 1197 1895 suit,
1212 1823 1251 1878 ut
1263 1825 1383 1878 narrat

363 1928 537 2005 Iohannes
565 1929 609 2003 de
628 1926 717 2001 Deis
744 1929 905 2003 eiusdem
930 1930 1056 2003 aetatis
1079 1931 1184 2006 homo
1207 1933 1245 2004 in
1264 1930 1383 2007 libello

357 2055 423 2155 qni
443 2053 651 2128 inscribitur
670 2079 894 2129 successores
914 2051 954 2126 S.
972 2053 1177 2127 Barnabae.
1191 2053 1239 2127 Et
1259 2055 1289 2128 is
1307 2055 1384 2155 qni·

359 2177 440 2251 dem
451 2177 540 2277 lapis
553 2174 738 2277 nuspiam,
754 2192 914 2275 utputo,
930 2173 1062 2249 Rornae
1076 2176 1145 2250 iam
1160 2177 1310 2275 visitur3'
1321 2178 1381 2253 sed

359 2302 580 2401 epitaphium
601 2300 718 2401 ipsum
737 2300 870 2374 iamdiu
889 2329 909 2374 a
928 2300 1025 2375 Beda
1044 2303 1124 2378 hist.
1146 2301 1192 2375 II·
1206 2302 1265 2376 tib.
1278 2302 1321 2377 V.
1346 2333 1377 2406 7.

318 2427 325 2479 ·1'
357 2442 392 2499 et
412 2454 430 2497 a
453 2423 565 2499 Paulo
584 2425 732 2498 diacono
751 2423 827 2497 hist.
839 2424 932 2522 long.
946 2424 1009 2503 Vl.
1027 2426 1082 2503 15.
1100 2427 1287 2499 recitatum
1306 2429 1381 2502 sue·

353 2566 417 2622 rat.
438 2547 622 2622 Hactenus
640 2546 748 2644 igitur
767 2548 896 2648 scripta
916 2546 1105 2622 Benedicti
1126 2551 1377 2640 innotuerant,

353 2675 465 2747 oratio
485 2671 616 2746 Romae
636 2672 754 2744 habita
778 2730 787 2761 ,
814 2689 851 2745 et
870 2671 1044 2771 scriptum
1064 2675 1292 2775 epitaphium.
1308 2676 1377 2749 Ve-

352 2814 554 2869 rumtamen
578 2795 781 2896 praedictus
806 2795 983 2868 lohannes
1017 2796 1061 2871 de
1092 2796 1179 2871 Deis
1205 2795 1378 2874 Benedic-

354 2939 432 2993 tum
450 2921 500 2993 ait
519 2924 688 2994 nonnulla
708 2925 963 2994 commentaria
983 2921 1090 2993 laude
1109 2922 1216 3019 digna
1236 2948 1377 3027 compo

351 3051 472 3121 suisse.
491 3043 629 3145 Reapse
650 3044 863 3143 opusculum
882 3044 1064 3118 medicum
1086 3102 1095 3133 ‚
1122 3046 1218 3145 quod
1247 3075 1309 3145 ego
1339 3049 1375 3120 in

344 3173 493 3291 Ndnobus
514 3171 693 3244 vaticanae
706 3168 939 3244 bibliothecae
954 3169 1137 3244 codicibus
1151 3172 1377 3265 observatum
1434 3250 1438 3257 ,

349 3318 447 3399 nunc
468 3292 610 3390 divulgo
635 3349 644 3382 ‚
667 3294 703 3366 in
723 3322 796 3369 uno
816 3295 963 3395 quidem
983 3295 1103 3369 codice
1124 3296 1258 3369 dicitur
1279 3323 1374 3372 com·

348 3423 591 3506 meritorium,
617 3417 657 3490 in
687 3417 798 3499 altero
817 3419 957 3493 libellus
974 3421 1202 3498 medicinah's.
1224 3420 1281 3497 De
1303 3451 1375 3523 quo

349 3541 443 3614 nihil
456 3541 526 3614 iam
545 3540 680 3630 dicam,
692 3541 762 3615 nisi
775 3540 819 3614 id
840 3570 927 3641 opus
942 3540 1096 3616 iuvenile
1116 3544 1223 3617 suisse
1235 3602 1245 3634 ‚
1258 3572 1376 3645 quum

353 3664 468 3738 adhuc
493 3662 711 3738 Benedictus
738 3664 776 3736 in
806 3665 993 3741 diaconatu
1019 3684 1249 3758 versaretur,
1276 3685 1310 3742 et
1336 3676 1374 3741 in

350 3786 590 3864 humanarum
608 3789 848 3879 eruditionum
866 3789 1023 3878 scholis,
1042 3809 1082 3865 ut
1102 3793 1153 3866 ait
1173 3791 1373 3883 de··Deis‚

347 3917 501 4014 inclytam
519 3919 712 4018 clarusque
731 3930 848 4005 esset,
874 3933 979 4017 atque
1002 3915 1098 3992 inter
1119 3946 1199 3992 suos
1219 3917 1373 4020 discipu-

352 4037 403 4109 los
428 4034 601 4114 Maurum
626 4058 862 4130 numeraret,
890 4040 933 4114 ad
960 4071 1067 4144 quem
1094 4044 1132 4118 id
1159 4045 1377 4144 poematium
