<?xml version="1.0" encoding="UTF-8"?>
<!DOCTYPE html PUBLIC "-//W3C//DTD XHTML 1.0 Transitional//EN"
    "http://www.w3.org/TR/xhtml1/DTD/xhtml1-transitional.dtd">
<html xmlns="http://www.w3.org/1999/xhtml" xml:lang="en" lang="en">
 <head>
  <title>
</title>
<meta http-equiv="Content-Type" content="text/html;charset=utf-8" />
  <meta name='ocr-system' content='tesseract 3.04.00' />
  <meta name='ocr-capabilities' content='ocr_page ocr_carea ocr_par ocr_line ocrx_word'/>
</head>
<body>
  <div class='ocr_page' id='page_1' title='image "./classicorumauct00vatigoog_0611.png"; bbox 0 0 3382 5206; ppageno 0'>
   <div class='ocr_carea' id='block_1_1' title="bbox 609 578 1276 661">
    <p class='ocr_par' dir='ltr' id='par_1_1' title="bbox 609 578 1276 661">
     <span class='ocr_line' id='line_1_1' title="bbox 609 578 1276 661; baseline 0.003 -3"><span class='ocrx_word' id='word_1_1' title='bbox 609 595 673 658; x_wconf 78' lang='lat'>550</span> <span class='ocrx_word' id='word_1_2' title='bbox 878 647 882 655; x_wconf 83' lang='grc'><strong>.</strong></span> <span class='ocrx_word' id='word_1_3' title='bbox 913 615 938 659; x_wconf 87' lang='lat' dir='ltr'>s.</span> <span class='ocrx_word' id='word_1_4' title='bbox 964 578 1140 661; x_wconf 76' lang='lat' dir='ltr'>sanarunt</span> <span class='ocrx_word' id='word_1_5' title='bbox 1161 596 1209 660; x_wconf 81' lang='lat' dir='ltr'>‘uu</span> <span class='ocrx_word' id='word_1_6' title='bbox 1233 613 1276 660; x_wconf 82' lang='lat' dir='ltr'>aa</span> 
     </span>
    </p>
   </div>
   <div class='ocr_carea' id='block_1_2' title="bbox 554 698 1620 1340">
    <p class='ocr_par' dir='ltr' id='par_1_2' title="bbox 554 698 1620 1340">
     <span class='ocr_line' id='line_1_2' title="bbox 554 698 1620 804; baseline 0 -23"><span class='ocrx_word' id='word_1_7' title='bbox 554 703 557 707; x_wconf 33' lang='lat'><strong>⁴</strong></span> <span class='ocrx_word' id='word_1_8' title='bbox 583 719 728 781; x_wconf 74' lang='lat' dir='ltr'>virentes</span> <span class='ocrx_word' id='word_1_9' title='bbox 756 716 897 780; x_wconf 66' lang='lat' dir='ltr'>victuris</span> <span class='ocrx_word' id='word_1_10' title='bbox 927 731 1106 804; x_wconf 76' lang='lat' dir='ltr'><strong>mergentes</strong></span> <span class='ocrx_word' id='word_1_11' title='bbox 1131 714 1269 780; x_wconf 84' lang='lat' dir='ltr'>mersuri</span> <span class='ocrx_word' id='word_1_12' title='bbox 1296 711 1508 781; x_wconf 72' lang='lat' dir='ltr'>scindentes,</span> <span class='ocrx_word' id='word_1_13' title='bbox 1531 698 1620 782; x_wconf 81' lang='lat' dir='ltr'>scis-</span> 
     </span>
     <span class='ocr_line' id='line_1_3' title="bbox 582 820 1618 911; baseline 0.002 -26"><span class='ocrx_word' id='word_1_14' title='bbox 582 823 673 892; x_wconf 75' lang='lat' dir='ltr'>suri,</span> <span class='ocrx_word' id='word_1_15' title='bbox 691 820 886 911; x_wconf 78' lang='lat' dir='ltr'>prandentes</span> <span class='ocrx_word' id='word_1_16' title='bbox 909 822 1056 909; x_wconf 82' lang='lat' dir='ltr'>pransuri</span> <span class='ocrx_word' id='word_1_17' title='bbox 1073 821 1083 885; x_wconf 67' lang='lat' dir='ltr'>‘s</span> <span class='ocrx_word' id='word_1_18' title='bbox 1105 821 1275 910; x_wconf 77' lang='lat' dir='ltr'>pingentes</span> <span class='ocrx_word' id='word_1_19' title='bbox 1298 821 1418 910; x_wconf 87' lang='lat' dir='ltr'>picturi</span> <span class='ocrx_word' id='word_1_20' title='bbox 1434 871 1443 901; x_wconf 90' lang='lat'>,</span> <span class='ocrx_word' id='word_1_21' title='bbox 1468 821 1618 890; x_wconf 85' lang='lat' dir='ltr'>tonden-</span> 
     </span>
     <span class='ocr_line' id='line_1_4' title="bbox 584 924 1617 1014; baseline -0.003 -19"><span class='ocrx_word' id='word_1_22' title='bbox 584 948 630 997; x_wconf 84' lang='lat' dir='ltr'>tes</span> <span class='ocrx_word' id='word_1_23' title='bbox 653 929 799 996; x_wconf 75' lang='lat' dir='ltr'><strong>tonsuri.</strong></span> <span class='ocrx_word' id='word_1_24' title='bbox 833 930 893 994; x_wconf 88' lang='lat' dir='ltr'>Hic</span> <span class='ocrx_word' id='word_1_25' title='bbox 922 950 999 1014; x_wconf 85' lang='lat' dir='ltr'>ergo</span> <span class='ocrx_word' id='word_1_26' title='bbox 1025 950 1077 1014; x_wconf 84' lang='lat' dir='ltr'>pes</span> <span class='ocrx_word' id='word_1_27' title='bbox 1102 926 1234 1014; x_wconf 87' lang='lat' dir='ltr'>duplam</span> <span class='ocrx_word' id='word_1_28' title='bbox 1264 924 1430 991; x_wconf 78' lang='lat' dir='ltr'>divisionis</span> <span class='ocrx_word' id='word_1_29' title='bbox 1456 952 1617 992; x_wconf 88' lang='lat' dir='ltr'>normam</span> 
     </span>
     <span class='ocr_line' id='line_1_5' title="bbox 583 1018 1616 1128; baseline -0.005 -28"><span class='ocrx_word' id='word_1_30' title='bbox 583 1037 746 1128; x_wconf 65' lang='lat' dir='ltr'>partitur,</span> <span class='ocrx_word' id='word_1_31' title='bbox 771 1052 801 1099; x_wconf 85' lang='lat' dir='ltr'>et</span> <span class='ocrx_word' id='word_1_32' title='bbox 825 1051 918 1100; x_wconf 88' lang='lat' dir='ltr'>acuto</span> <span class='ocrx_word' id='word_1_33' title='bbox 942 1052 1075 1098; x_wconf 84' lang='lat' dir='ltr'>accentu</span> <span class='ocrx_word' id='word_1_34' title='bbox 1098 1018 1359 1120; x_wconf 65' lang='lat' dir='ltr'>pronuntiatur,</span> <span class='ocrx_word' id='word_1_35' title='bbox 1390 1049 1421 1098; x_wconf 90' lang='lat' dir='ltr'>et</span> <span class='ocrx_word' id='word_1_36' title='bbox 1437 1034 1525 1122; x_wconf 78' lang='lat' dir='ltr'>&#39;qnia</span> <span class='ocrx_word' id='word_1_37' title='bbox 1552 1059 1616 1122; x_wconf 74' lang='lat' dir='ltr'>pe-</span> 
     </span>
     <span class='ocr_line' id='line_1_6' title="bbox 579 1133 1616 1224; baseline -0.003 -18"><span class='ocrx_word' id='word_1_38' title='bbox 579 1140 720 1207; x_wconf 88' lang='lat' dir='ltr'>nultima</span> <span class='ocrx_word' id='word_1_39' title='bbox 746 1133 897 1204; x_wconf 68' lang='lat' dir='ltr'>scintuls</span> <span class='ocrx_word' id='word_1_40' title='bbox 931 1140 1016 1204; x_wconf 83' lang='lat' dir='ltr'>arsin</span> <span class='ocrx_word' id='word_1_41' title='bbox 1040 1137 1162 1203; x_wconf 86' lang='lat' dir='ltr'>habere</span> <span class='ocrx_word' id='word_1_42' title='bbox 1191 1161 1265 1201; x_wconf 88' lang='lat' dir='ltr'>reor</span> <span class='ocrx_word' id='word_1_43' title='bbox 1294 1153 1439 1224; x_wconf 85' lang='lat' dir='ltr'>tempora</span> <span class='ocrx_word' id='word_1_44' title='bbox 1466 1155 1502 1202; x_wconf 83' lang='lat' dir='ltr'>et</span> <span class='ocrx_word' id='word_1_45' title='bbox 1534 1138 1616 1203; x_wconf 85' lang='lat' dir='ltr'>the·</span> 
     </span>
     <span class='ocr_line' id='line_1_7' title="bbox 583 1251 825 1340; baseline -0.004 -26"><span class='ocrx_word' id='word_1_46' title='bbox 583 1251 635 1314; x_wconf 80' lang='lat' dir='ltr'>sin</span> <span class='ocrx_word' id='word_1_47' title='bbox 661 1264 825 1340; x_wconf 87' lang='lat' dir='ltr'>quattuor.</span> 
     </span>
    </p>
   </div>
   <div class='ocr_carea' id='block_1_3' title="bbox 960 1459 1245 1546">
    <p class='ocr_par' dir='ltr' id='par_1_3' title="bbox 960 1459 1245 1546">
     <span class='ocr_line' id='line_1_8' title="bbox 960 1459 1245 1546; baseline 0 -23"><span class='ocrx_word' id='word_1_48' title='bbox 960 1459 1006 1523; x_wconf 85' lang='lat' dir='ltr'>Dc</span> <span class='ocrx_word' id='word_1_49' title='bbox 1035 1475 1217 1546; x_wconf 79' lang='lat' dir='ltr'>arrapaeato.</span> <span class='ocrx_word' id='word_1_50' title='bbox 1242 1538 1245 1542; x_wconf 10' lang='grc' dir='ltr'><strong>λ</strong></span> 
     </span>
    </p>
   </div>
   <div class='ocr_carea' id='block_1_4' title="bbox 540 1666 1611 4185">
    <p class='ocr_par' dir='ltr' id='par_1_4' title="bbox 540 1666 1611 2398">
     <span class='ocr_line' id='line_1_9' title="bbox 649 1666 1611 1759; baseline -0.005 -23"><span class='ocrx_word' id='word_1_51' title='bbox 649 1686 684 1737; x_wconf 92' lang='grc' dir='ltr'>Δ.</span> <span class='ocrx_word' id='word_1_52' title='bbox 709 1674 798 1757; x_wconf 87' lang='lat' dir='ltr'>Quae</span> <span class='ocrx_word' id='word_1_53' title='bbox 822 1688 895 1734; x_wconf 84' lang='lat' dir='ltr'>snm</span> <span class='ocrx_word' id='word_1_54' title='bbox 922 1668 1071 1759; x_wconf 82' lang='lat' dir='ltr'>eretnpla</span> <span class='ocrx_word' id='word_1_55' title='bbox 1097 1670 1304 1758; x_wconf 73' lang='lat' dir='ltr'>anapaesticis</span> <span class='ocrx_word' id='word_1_56' title='bbox 1330 1666 1449 1756; x_wconf 80' lang='lat' dir='ltr'>regulis</span> <span class='ocrx_word' id='word_1_57' title='bbox 1472 1669 1611 1732; x_wconf 89' lang='lat' dir='ltr'>manci-</span> 
     </span>
     <span class='ocr_line' id='line_1_10' title="bbox 580 1772 1610 1868; baseline -0.007 -24"><span class='ocrx_word' id='word_1_58' title='bbox 580 1796 654 1868; x_wconf 79' lang='lat' dir='ltr'>pata</span> <span class='ocrx_word' id='word_1_59' title='bbox 673 1802 710 1842; x_wconf 91' lang='lat' dir='ltr'>ac</span> <span class='ocrx_word' id='word_1_60' title='bbox 728 1772 901 1864; x_wconf 79' lang='lat' dir='ltr'>subiecta?</span> <span class='ocrx_word' id='word_1_61' title='bbox 921 1787 961 1840; x_wconf 86' lang='lat' dir='ltr'>M.</span> <span class='ocrx_word' id='word_1_62' title='bbox 986 1777 1073 1842; x_wconf 83' lang='lat' dir='ltr'>Haec</span> <span class='ocrx_word' id='word_1_63' title='bbox 1095 1794 1168 1842; x_wconf 87' lang='lat' dir='ltr'>sont</span> <span class='ocrx_word' id='word_1_64' title='bbox 1189 1779 1316 1843; x_wconf 89' lang='lat' dir='ltr'>nomina</span> <span class='ocrx_word' id='word_1_65' title='bbox 1338 1790 1512 1862; x_wconf 76' lang='lat' dir='ltr'>anapaesto</span> <span class='ocrx_word' id='word_1_66' title='bbox 1531 1774 1610 1837; x_wconf 80' lang='lat' dir='ltr'>sub</span> 
     </span>
     <span class='ocr_line' id='line_1_11' title="bbox 580 1881 1609 1975; baseline -0.006 -26"><span class='ocrx_word' id='word_1_67' title='bbox 580 1882 740 1975; x_wconf 70' lang='lat' dir='ltr'>fragantia</span> <span class='ocrx_word' id='word_1_68' title='bbox 759 1902 789 1950; x_wconf 86' lang='lat' dir='ltr'>et</span> <span class='ocrx_word' id='word_1_69' title='bbox 812 1882 967 1948; x_wconf 79' lang='lat' dir='ltr'>concordi</span> <span class='ocrx_word' id='word_1_70' title='bbox 992 1886 1118 1949; x_wconf 88' lang='lat' dir='ltr'>ratione</span> <span class='ocrx_word' id='word_1_71' title='bbox 1139 1882 1387 1971; x_wconf 68' lang='lat' dir='ltr'>respondentia,</span> <span class='ocrx_word' id='word_1_72' title='bbox 1412 1896 1525 1968; x_wconf 83' lang='lat' dir='ltr'>utpote</span> <span class='ocrx_word' id='word_1_73' title='bbox 1541 1881 1609 1946; x_wconf 89' lang='lat' dir='ltr'>dei·</span> 
     </span>
     <span class='ocr_line' id='line_1_12' title="bbox 582 1972 1606 2085; baseline -0.006 -30"><span class='ocrx_word' id='word_1_74' title='bbox 582 2007 651 2074; x_wconf 84' lang='lat' dir='ltr'>tas,</span> <span class='ocrx_word' id='word_1_75' title='bbox 673 1993 796 2079; x_wconf 57' lang='lat' dir='ltr'>pietas,</span> <span class='ocrx_word' id='word_1_76' title='bbox 814 1990 971 2085; x_wconf 44' lang='lat' dir='ltr'>bonitass&#39;</span> <span class='ocrx_word' id='word_1_77' title='bbox 982 1992 1130 2056; x_wconf 69' lang='lat' dir='ltr'>novitas,</span> <span class='ocrx_word' id='word_1_78' title='bbox 1153 1992 1319 2056; x_wconf 71' lang='lat' dir='ltr'>brevitas,</span> <span class='ocrx_word' id='word_1_79' title='bbox 1334 1972 1469 2053; x_wconf 67' lang='lat' dir='ltr'>levitas,</span> <span class='ocrx_word' id='word_1_80' title='bbox 1491 1989 1606 2077; x_wconf 83' lang='lat' dir='ltr'>gravi·</span> 
     </span>
     <span class='ocr_line' id='line_1_13' title="bbox 580 2094 1605 2186; baseline 0 -23"><span class='ocrx_word' id='word_1_81' title='bbox 580 2114 643 2164; x_wconf 67' lang='lat' dir='ltr'>tas,</span> <span class='ocrx_word' id='word_1_82' title='bbox 664 2099 831 2186; x_wconf 64' lang='lat' dir='ltr'>probitas,</span> <span class='ocrx_word' id='word_1_83' title='bbox 849 2094 980 2180; x_wconf 86' lang='lat' dir='ltr'>feritas,</span> <span class='ocrx_word' id='word_1_84' title='bbox 995 2100 1133 2185; x_wconf 66' lang='lat' dir='ltr'>species,</span> <span class='ocrx_word' id='word_1_85' title='bbox 1152 2097 1253 2162; x_wconf 83' lang='lat' dir='ltr'>sanies</span> <span class='ocrx_word' id='word_1_86' title='bbox 1267 2134 1278 2161; x_wconf 65' lang='lat' dir='ltr'>s</span> <span class='ocrx_word' id='word_1_87' title='bbox 1304 2097 1444 2160; x_wconf 69' lang='lat' dir='ltr'>macies,</span> <span class='ocrx_word' id='word_1_88' title='bbox 1460 2094 1605 2185; x_wconf 76' lang='lat' dir='ltr'>glacies&gt;</span> 
     </span>
     <span class='ocr_line' id='line_1_14' title="bbox 581 2201 1606 2291; baseline -0.004 -22"><span class='ocrx_word' id='word_1_89' title='bbox 581 2206 687 2272; x_wconf 84' lang='lat' dir='ltr'>rabies</span> <span class='ocrx_word' id='word_1_90' title='bbox 700 2243 711 2273; x_wconf 67' lang='lat' dir='ltr'>s</span> <span class='ocrx_word' id='word_1_91' title='bbox 732 2204 857 2270; x_wconf 75' lang='lat' dir='ltr'>scabies</span> <span class='ocrx_word' id='word_1_92' title='bbox 872 2255 883 2286; x_wconf 95' lang='lat'>,</span> <span class='ocrx_word' id='word_1_93' title='bbox 897 2206 996 2272; x_wconf 86' lang='lat' dir='ltr'>series</span> <span class='ocrx_word' id='word_1_94' title='bbox 1010 2243 1021 2273; x_wconf 70' lang='lat' dir='ltr'>s</span> <span class='ocrx_word' id='word_1_95' title='bbox 1044 2205 1163 2273; x_wconf 78' lang='lat' dir='ltr'>facies,</span> <span class='ocrx_word' id='word_1_96' title='bbox 1188 2206 1294 2271; x_wconf 71' lang='lat' dir='ltr'>acies,</span> <span class='ocrx_word' id='word_1_97' title='bbox 1310 2223 1341 2270; x_wconf 88' lang='lat' dir='ltr'>et</span> <span class='ocrx_word' id='word_1_98' title='bbox 1364 2201 1489 2291; x_wconf 86' lang='lat' dir='ltr'>reliqna</span> <span class='ocrx_word' id='word_1_99' title='bbox 1516 2203 1606 2266; x_wconf 85' lang='lat' dir='ltr'>simi·</span> 
     </span>
     <span class='ocr_line' id='line_1_15' title="bbox 540 2306 1605 2398; baseline -0.004 -24"><span class='ocrx_word' id='word_1_100' title='bbox 540 2373 544 2384; x_wconf 80' lang='grc'><strong>,</strong></span> <span class='ocrx_word' id='word_1_101' title='bbox 580 2306 634 2375; x_wconf 91' lang='lat' dir='ltr'>lia.</span> <span class='ocrx_word' id='word_1_102' title='bbox 649 2311 774 2378; x_wconf 82' lang='lat' dir='ltr'>Verum</span> <span class='ocrx_word' id='word_1_103' title='bbox 785 2309 867 2375; x_wconf 84' lang='lat' dir='ltr'>baec</span> <span class='ocrx_word' id='word_1_104' title='bbox 882 2308 1019 2398; x_wconf 87' lang='lat' dir='ltr'>paucula</span> <span class='ocrx_word' id='word_1_105' title='bbox 1034 2308 1187 2397; x_wconf 82' lang='lat' dir='ltr'>exemplis</span> <span class='ocrx_word' id='word_1_106' title='bbox 1199 2308 1407 2396; x_wconf 79' lang='lat' dir='ltr'>anapaesticis</span> <span class='ocrx_word' id='word_1_107' title='bbox 1422 2330 1605 2395; x_wconf 82' lang='lat' dir='ltr'>congruen-</span> 
     </span>
    </p>

    <p class='ocr_par' dir='ltr' id='par_1_5' title="bbox 548 2412 1608 4185">
     <span class='ocr_line' id='line_1_16' title="bbox 579 2412 1601 2506; baseline -0.007 -25"><span class='ocrx_word' id='word_1_108' title='bbox 579 2416 622 2481; x_wconf 91' lang='lat' dir='ltr'>tia</span> <span class='ocrx_word' id='word_1_109' title='bbox 648 2415 832 2483; x_wconf 80' lang='lat' dir='ltr'>sufficiant:</span> <span class='ocrx_word' id='word_1_110' title='bbox 854 2417 932 2506; x_wconf 88' lang='lat' dir='ltr'>quia</span> <span class='ocrx_word' id='word_1_111' title='bbox 959 2416 999 2481; x_wconf 88' lang='lat' dir='ltr'>de</span> <span class='ocrx_word' id='word_1_112' title='bbox 1019 2415 1193 2503; x_wconf 86' lang='lat' dir='ltr'>praedictis</span> <span class='ocrx_word' id='word_1_113' title='bbox 1224 2413 1434 2479; x_wconf 73' lang='lat' dir='ltr'>nominibus,</span> <span class='ocrx_word' id='word_1_114' title='bbox 1455 2436 1541 2503; x_wconf 89' lang='lat' dir='ltr'>qnae</span> <span class='ocrx_word' id='word_1_115' title='bbox 1567 2412 1601 2475; x_wconf 93' lang='lat' dir='ltr'>in</span> 
     </span>
     <span class='ocr_line' id='line_1_17' title="bbox 579 2518 1603 2612; baseline -0.005 -24"><span class='ocrx_word' id='word_1_116' title='bbox 579 2521 749 2588; x_wconf 84' lang='lat' dir='ltr'>tribracho</span> <span class='ocrx_word' id='word_1_117' title='bbox 773 2525 1014 2612; x_wconf 70' lang='lat' dir='ltr'>congessimus&gt;</span> <span class='ocrx_word' id='word_1_118' title='bbox 1032 2539 1222 2609; x_wconf 87' lang='lat' dir='ltr'>anapaestus</span> <span class='ocrx_word' id='word_1_119' title='bbox 1242 2518 1384 2608; x_wconf 84' lang='lat' dir='ltr'>legitime</span> <span class='ocrx_word' id='word_1_120' title='bbox 1405 2535 1603 2608; x_wconf 68' lang='lat' dir='ltr'>generatur,</span> 
     </span>
     <span class='ocr_line' id='line_1_18' title="bbox 580 2623 1605 2717; baseline -0.003 -25"><span class='ocrx_word' id='word_1_121' title='bbox 580 2643 645 2692; x_wconf 87' lang='lat' dir='ltr'>tam</span> <span class='ocrx_word' id='word_1_122' title='bbox 666 2628 834 2717; x_wconf 70' lang='lat' dir='ltr'>genitivos</span> <span class='ocrx_word' id='word_1_123' title='bbox 858 2625 991 2694; x_wconf 75' lang='lat' dir='ltr'>dativo,</span> <span class='ocrx_word' id='word_1_124' title='bbox 1017 2644 1048 2693; x_wconf 90' lang='lat' dir='ltr'>et</span> <span class='ocrx_word' id='word_1_125' title='bbox 1062 2623 1386 2715; x_wconf 55' lang='lat' dir='ltr'>¹ablativosingnlari</span> <span class='ocrx_word' id='word_1_126' title='bbox 1416 2647 1517 2714; x_wconf 87' lang='lat' dir='ltr'>quam</span> <span class='ocrx_word' id='word_1_127' title='bbox 1543 2649 1605 2689; x_wconf 90' lang='lat' dir='ltr'>no·</span> 
     </span>
     <span class='ocr_line' id='line_1_19' title="bbox 580 2725 1603 2817; baseline -0.005 -21"><span class='ocrx_word' id='word_1_128' title='bbox 580 2734 757 2798; x_wconf 70' lang='lat' dir='ltr'>minativos</span> <span class='ocrx_word' id='word_1_129' title='bbox 778 2732 985 2798; x_wconf 68' lang='lat' dir='ltr'>accusativos</span> <span class='ocrx_word' id='word_1_130' title='bbox 1006 2734 1179 2814; x_wconf 81' lang='lat' dir='ltr'>vocativo,</span> <span class='ocrx_word' id='word_1_131' title='bbox 1200 2749 1230 2796; x_wconf 89' lang='lat' dir='ltr'>ct</span> <span class='ocrx_word' id='word_1_132' title='bbox 1252 2729 1394 2817; x_wconf 86' lang='lat' dir='ltr'>ablativo</span> <span class='ocrx_word' id='word_1_133' title='bbox 1413 2725 1533 2815; x_wconf 81' lang='lat' dir='ltr'>plurali</span> <span class='ocrx_word' id='word_1_134' title='bbox 1549 2765 1559 2794; x_wconf 71' lang='lat' dir='ltr'>s</span> <span class='ocrx_word' id='word_1_135' title='bbox 1578 2729 1603 2791; x_wconf 91' lang='lat' dir='ltr'>si</span> 
     </span>
     <span class='ocr_line' id='line_1_20' title="bbox 561 2831 1604 2926; baseline -0.005 -24"><span class='ocrx_word' id='word_1_136' title='bbox 561 2835 756 2926; x_wconf 16' lang='lat' dir='ltr'>,masculina</span> <span class='ocrx_word' id='word_1_137' title='bbox 782 2858 836 2901; x_wconf 80' lang='lat' dir='ltr'>sen</span> <span class='ocrx_word' id='word_1_138' title='bbox 859 2832 1010 2900; x_wconf 84' lang='lat' dir='ltr'>feminina</span> <span class='ocrx_word' id='word_1_139' title='bbox 1033 2834 1155 2900; x_wconf 86' lang='lat' dir='ltr'>fuerint</span> <span class='ocrx_word' id='word_1_140' title='bbox 1176 2837 1300 2924; x_wconf 81' lang='lat' dir='ltr'>primae</span> <span class='ocrx_word' id='word_1_141' title='bbox 1315 2851 1345 2898; x_wconf 83' lang='lat' dir='ltr'>et</span> <span class='ocrx_word' id='word_1_142' title='bbox 1370 2831 1534 2897; x_wconf 85' lang='lat' dir='ltr'>secundae</span> <span class='ocrx_word' id='word_1_143' title='bbox 1551 2832 1604 2897; x_wconf 92' lang='lat' dir='ltr'>de-</span> 
     </span>
     <span class='ocr_line' id='line_1_21' title="bbox 579 2940 1605 3032; baseline -0.002 -24"><span class='ocrx_word' id='word_1_144' title='bbox 579 2941 787 3008; x_wconf 69' lang='lat' dir='ltr'>clinationis,</span> <span class='ocrx_word' id='word_1_145' title='bbox 808 2959 842 3007; x_wconf 91' lang='lat' dir='ltr'>ut</span> <span class='ocrx_word' id='word_1_146' title='bbox 865 2944 971 3008; x_wconf 86' lang='lat' dir='ltr'>anima</span> <span class='ocrx_word' id='word_1_147' title='bbox 990 2979 1000 3008; x_wconf 71' lang='lat' dir='ltr'>s</span> <span class='ocrx_word' id='word_1_148' title='bbox 1028 2940 1166 3032; x_wconf 87' lang='lat' dir='ltr'>aquila,</span> <span class='ocrx_word' id='word_1_149' title='bbox 1191 2940 1331 3031; x_wconf 68' lang='lat' dir='ltr'>pedica,</span> <span class='ocrx_word' id='word_1_150' title='bbox 1352 2940 1499 3032; x_wconf 74' lang='lat' dir='ltr'>hedera:</span> <span class='ocrx_word' id='word_1_151' title='bbox 1526 2940 1605 3006; x_wconf 88' lang='lat' dir='ltr'>item</span> 
     </span>
     <span class='ocr_line' id='line_1_22' title="bbox 580 3044 1607 3137; baseline -0.002 -25"><span class='ocrx_word' id='word_1_152' title='bbox 580 3045 750 3115; x_wconf 68' lang='lat' dir='ltr'>dominns,</span> <span class='ocrx_word' id='word_1_153' title='bbox 768 3047 896 3115; x_wconf 76' lang='lat' dir='ltr'>radius,</span> <span class='ocrx_word' id='word_1_154' title='bbox 919 3047 1056 3113; x_wconf 84' lang='lat' dir='ltr'>catulus.</span> <span class='ocrx_word' id='word_1_155' title='bbox 1082 3047 1250 3116; x_wconf 86' lang='lat' dir='ltr'>Neutralia</span> <span class='ocrx_word' id='word_1_156' title='bbox 1275 3066 1383 3112; x_wconf 85' lang='lat' dir='ltr'>autem</span> <span class='ocrx_word' id='word_1_157' title='bbox 1403 3044 1457 3137; x_wconf 82' lang='lat' dir='ltr'>illa</span> <span class='ocrx_word' id='word_1_158' title='bbox 1477 3047 1509 3110; x_wconf 90' lang='lat' dir='ltr'>in</span> <span class='ocrx_word' id='word_1_159' title='bbox 1534 3049 1607 3110; x_wconf 83' lang='lat' dir='ltr'>sin·</span> 
     </span>
     <span class='ocr_line' id='line_1_23' title="bbox 548 3149 1607 3243; baseline 0.001 -28"><span class='ocrx_word' id='word_1_160' title='bbox 548 3232 552 3239; x_wconf 14' lang='grc' dir='ltr'><em>ᾗ</em></span> <span class='ocrx_word' id='word_1_161' title='bbox 579 3149 684 3240; x_wconf 84' lang='lat' dir='ltr'>gulari</span> <span class='ocrx_word' id='word_1_162' title='bbox 703 3152 836 3243; x_wconf 90' lang='lat' dir='ltr'>quidem</span> <span class='ocrx_word' id='word_1_163' title='bbox 854 3176 989 3218; x_wconf 86' lang='lat' dir='ltr'>nurnero</span> <span class='ocrx_word' id='word_1_164' title='bbox 1003 3176 1063 3241; x_wconf 90' lang='lat' dir='ltr'>per</span> <span class='ocrx_word' id='word_1_165' title='bbox 1077 3151 1207 3218; x_wconf 89' lang='lat' dir='ltr'>eosdem</span> <span class='ocrx_word' id='word_1_166' title='bbox 1224 3177 1316 3219; x_wconf 87' lang='lat' dir='ltr'>casus</span> <span class='ocrx_word' id='word_1_167' title='bbox 1337 3167 1506 3241; x_wconf 88' lang='lat' dir='ltr'>anapaesto</span> <span class='ocrx_word' id='word_1_168' title='bbox 1524 3177 1607 3216; x_wconf 88' lang='lat' dir='ltr'>con-</span> 
     </span>
     <span class='ocr_line' id='line_1_24' title="bbox 581 3255 1608 3349; baseline -0.001 -28"><span class='ocrx_word' id='word_1_169' title='bbox 581 3256 741 3324; x_wconf 70' lang='lat' dir='ltr'>cordant,</span> <span class='ocrx_word' id='word_1_170' title='bbox 762 3259 816 3324; x_wconf 87' lang='lat' dir='ltr'>sed</span> <span class='ocrx_word' id='word_1_171' title='bbox 838 3261 872 3324; x_wconf 88' lang='lat' dir='ltr'>in</span> <span class='ocrx_word' id='word_1_172' title='bbox 892 3256 1011 3349; x_wconf 89' lang='lat' dir='ltr'>plurali</span> <span class='ocrx_word' id='word_1_173' title='bbox 1036 3261 1176 3347; x_wconf 82' lang='lat' dir='ltr'>exceptis</span> <span class='ocrx_word' id='word_1_174' title='bbox 1194 3258 1302 3325; x_wconf 79' lang='lat' dir='ltr'>dativo</span> <span class='ocrx_word' id='word_1_175' title='bbox 1321 3276 1352 3324; x_wconf 87' lang='lat' dir='ltr'>et</span> <span class='ocrx_word' id='word_1_176' title='bbox 1375 3255 1518 3322; x_wconf 82' lang='lat' dir='ltr'>ablativo</span> <span class='ocrx_word' id='word_1_177' title='bbox 1545 3257 1608 3320; x_wconf 82' lang='lat' dir='ltr'>dis·</span> 
     </span>
     <span class='ocr_line' id='line_1_25' title="bbox 581 3360 1606 3452; baseline -0.003 -27"><span class='ocrx_word' id='word_1_178' title='bbox 581 3360 733 3432; x_wconf 84' lang='lat' dir='ltr'>cordant.</span> <span class='ocrx_word' id='word_1_179' title='bbox 757 3361 800 3428; x_wconf 83' lang='lat' dir='ltr'>At</span> <span class='ocrx_word' id='word_1_180' title='bbox 825 3388 902 3428; x_wconf 82' lang='lat' dir='ltr'>vero</span> <span class='ocrx_word' id='word_1_181' title='bbox 928 3380 1044 3452; x_wconf 86' lang='lat' dir='ltr'>qnarta</span> <span class='ocrx_word' id='word_1_182' title='bbox 1069 3362 1243 3429; x_wconf 87' lang='lat' dir='ltr'>declinatio</span> <span class='ocrx_word' id='word_1_183' title='bbox 1263 3363 1388 3429; x_wconf 87' lang='lat' dir='ltr'>casibus</span> <span class='ocrx_word' id='word_1_184' title='bbox 1416 3360 1606 3451; x_wconf 75' lang='lat' dir='ltr'>discrepas,</span> 
     </span>
     <span class='ocr_line' id='line_1_26' title="bbox 582 3467 1607 3562; baseline 0.001 -31"><span class='ocrx_word' id='word_1_185' title='bbox 582 3483 618 3532; x_wconf 94' lang='lat' dir='ltr'>ut</span> <span class='ocrx_word' id='word_1_186' title='bbox 643 3469 791 3548; x_wconf 88' lang='lat' dir='ltr'>sonitus,</span> <span class='ocrx_word' id='word_1_187' title='bbox 815 3469 987 3535; x_wconf 78' lang='lat' dir='ltr'>fremitus,</span> <span class='ocrx_word' id='word_1_188' title='bbox 1012 3474 1174 3562; x_wconf 77' lang='lat' dir='ltr'>gentitus,</span> <span class='ocrx_word' id='word_1_189' title='bbox 1198 3471 1320 3559; x_wconf 88' lang='lat' dir='ltr'>rugitus</span> <span class='ocrx_word' id='word_1_190' title='bbox 1342 3518 1352 3552; x_wconf 95' lang='lat'>,</span> <span class='ocrx_word' id='word_1_191' title='bbox 1375 3467 1521 3550; x_wconf 85' lang='lat' dir='ltr'>reditus,</span> <span class='ocrx_word' id='word_1_192' title='bbox 1547 3494 1607 3533; x_wconf 89' lang='lat' dir='ltr'>ru-</span> 
     </span>
     <span class='ocr_line' id='line_1_27' title="bbox 583 3568 1604 3664; baseline 0.007 -31"><span class='ocrx_word' id='word_1_193' title='bbox 583 3568 687 3638; x_wconf 83' lang='lat' dir='ltr'>ditus.</span> <span class='ocrx_word' id='word_1_194' title='bbox 720 3574 833 3642; x_wconf 87' lang='lat' dir='ltr'>Verba</span> <span class='ocrx_word' id='word_1_195' title='bbox 861 3591 969 3639; x_wconf 89' lang='lat' dir='ltr'>autem</span> <span class='ocrx_word' id='word_1_196' title='bbox 1000 3592 1066 3640; x_wconf 88' lang='lat' dir='ltr'>tam</span> <span class='ocrx_word' id='word_1_197' title='bbox 1094 3577 1219 3664; x_wconf 86' lang='lat' dir='ltr'>primae</span> <span class='ocrx_word' id='word_1_198' title='bbox 1243 3574 1475 3664; x_wconf 76' lang='lat' dir='ltr'>corsisigationis</span> <span class='ocrx_word' id='word_1_199' title='bbox 1504 3599 1604 3664; x_wconf 90' lang='lat' dir='ltr'>quam</span> 
     </span>
     <span class='ocr_line' id='line_1_28' title="bbox 582 3674 1606 3771; baseline 0.001 -30"><span class='ocrx_word' id='word_1_200' title='bbox 582 3674 713 3743; x_wconf 77' lang='lat' dir='ltr'>tertiae,</span> <span class='ocrx_word' id='word_1_201' title='bbox 730 3700 814 3766; x_wconf 83' lang='lat' dir='ltr'>quae</span> <span class='ocrx_word' id='word_1_202' title='bbox 834 3679 867 3744; x_wconf 90' lang='lat' dir='ltr'>in</span> <span class='ocrx_word' id='word_1_203' title='bbox 884 3677 1054 3743; x_wconf 84' lang='lat' dir='ltr'>tribracho</span> <span class='ocrx_word' id='word_1_204' title='bbox 1075 3679 1313 3768; x_wconf 80' lang='lat' dir='ltr'>proposuimus,</span> <span class='ocrx_word' id='word_1_205' title='bbox 1329 3678 1458 3767; x_wconf 91' lang='lat' dir='ltr'>qnando</span> <span class='ocrx_word' id='word_1_206' title='bbox 1481 3677 1524 3742; x_wconf 89' lang='lat' dir='ltr'>ad</span> <span class='ocrx_word' id='word_1_207' title='bbox 1539 3681 1606 3771; x_wconf 86' lang='lat' dir='ltr'>sig·</span> 
     </span>
     <span class='ocr_line' id='line_1_29' title="bbox 577 3776 1607 3876; baseline 0.009 -34"><span class='ocrx_word' id='word_1_208' title='bbox 577 3776 780 3849; x_wconf 84' lang='lat' dir='ltr'>nificationes</span> <span class='ocrx_word' id='word_1_209' title='bbox 802 3783 1047 3874; x_wconf 85' lang='lat' dir='ltr'>participiorum</span> <span class='ocrx_word' id='word_1_210' title='bbox 1075 3785 1268 3876; x_wconf 77' lang='lat' dir='ltr'>rediguntur</span> <span class='ocrx_word' id='word_1_211' title='bbox 1282 3784 1442 3852; x_wconf 75' lang='lat' dir='ltr'>solutione</span> <span class='ocrx_word' id='word_1_212' title='bbox 1470 3783 1607 3851; x_wconf 86' lang='lat' dir='ltr'>ultimae</span> 
     </span>
     <span class='ocr_line' id='line_1_30' title="bbox 579 3882 1605 3981; baseline 0.004 -31"><span class='ocrx_word' id='word_1_213' title='bbox 579 3882 727 3976; x_wconf 77' lang='lat' dir='ltr'>syllabae</span> <span class='ocrx_word' id='word_1_214' title='bbox 752 3888 944 3956; x_wconf 79' lang='lat' dir='ltr'>inaurant</span> <span class='ocrx_word' id='word_1_215' title='bbox 969 3893 1002 3956; x_wconf 88' lang='lat' dir='ltr'>in</span> <span class='ocrx_word' id='word_1_216' title='bbox 1027 3915 1109 3974; x_wconf 85' lang='lat' dir='ltr'>ens,</span> <span class='ocrx_word' id='word_1_217' title='bbox 1133 3891 1292 3980; x_wconf 83' lang='lat' dir='ltr'>anapaesti</span> <span class='ocrx_word' id='word_1_218' title='bbox 1318 3888 1443 3981; x_wconf 85' lang='lat' dir='ltr'>legibus</span> <span class='ocrx_word' id='word_1_219' title='bbox 1469 3893 1530 3956; x_wconf 85' lang='lat' dir='ltr'>rite</span> <span class='ocrx_word' id='word_1_220' title='bbox 1556 3890 1605 3954; x_wconf 81' lang='lat' dir='ltr'>fa-</span> 
     </span>
     <span class='ocr_line' id='line_1_31' title="bbox 571 3985 1606 4086; baseline 0.009 -34"><span class='ocrx_word' id='word_1_221' title='bbox 571 3985 822 4078; x_wconf 59' lang='lat' dir='ltr'>mulabuntur,</span> <span class='ocrx_word' id='word_1_222' title='bbox 844 4009 881 4059; x_wconf 89' lang='lat' dir='ltr'>ut</span> <span class='ocrx_word' id='word_1_223' title='bbox 902 4018 1101 4080; x_wconf 87' lang='lat' dir='ltr'>numerans,</span> <span class='ocrx_word' id='word_1_224' title='bbox 1125 3996 1290 4085; x_wconf 86' lang='lat' dir='ltr'>rogitans,</span> <span class='ocrx_word' id='word_1_225' title='bbox 1313 3993 1502 4079; x_wconf 82' lang='lat' dir='ltr'>maculans,</span> <span class='ocrx_word' id='word_1_226' title='bbox 1524 4020 1606 4086; x_wconf 85' lang='lat' dir='ltr'>pro-</span> 
     </span>
     <span class='ocr_line' id='line_1_32' title="bbox 573 4085 1606 4185; baseline 0.006 -22"><span class='ocrx_word' id='word_1_227' title='bbox 573 4118 715 4185; x_wconf 79' lang='lat' dir='ltr'>perant,</span> <span class='ocrx_word' id='word_1_228' title='bbox 738 4097 903 4169; x_wconf 90' lang='lat' dir='ltr'>dubitans.</span> <span class='ocrx_word' id='word_1_229' title='bbox 928 4085 1018 4170; x_wconf 79' lang='lat' dir='ltr'>llaec</span> <span class='ocrx_word' id='word_1_230' title='bbox 1041 4126 1117 4170; x_wconf 85' lang='lat' dir='ltr'>vero</span> <span class='ocrx_word' id='word_1_231' title='bbox 1139 4101 1179 4169; x_wconf 85' lang='lat' dir='ltr'>de</span> <span class='ocrx_word' id='word_1_232' title='bbox 1198 4102 1315 4169; x_wconf 83' lang='lat' dir='ltr'>tertia:</span> <span class='ocrx_word' id='word_1_233' title='bbox 1340 4103 1497 4184; x_wconf 81' lang='lat' dir='ltr'>veniens,</span> <span class='ocrx_word' id='word_1_234' title='bbox 1522 4120 1557 4169; x_wconf 89' lang='lat' dir='ltr'>ut</span> <span class='ocrx_word' id='word_1_235' title='bbox 1582 4139 1606 4155; x_wconf 92' lang='lat'>-</span> 
     </span>
    </p>
   </div>
   <div class='ocr_carea' id='block_1_5' title="bbox 0 0 1700 5206">
    <p class='ocr_par' dir='ltr' id='par_1_6' title="bbox 0 0 1700 5206">
     <span class='ocr_line' id='line_1_33' title="bbox 0 0 1700 5206; baseline 0 0"><span class='ocrx_word' id='word_1_236' title='bbox 0 0 1700 5206; x_wconf 95' lang='lat' dir='ltr'> </span> 
     </span>
    </p>
   </div>
  </div>
 </body>
</html>
