3382 5206
346 558 417 651 418
694 586 854 636 ennurut
885 585 990 637 vtnu

328 688 430 757 Cuius
451 689 494 756 ob
515 713 572 757 ore
590 692 643 781 pio
668 691 808 783 populos
828 692 971 761 solamen
994 688 1136 760 habebnt
1159 698 1205 777 (a)

387 793 508 864 Suavis
531 814 648 863 cuncta
676 797 762 863 bibit
786 798 876 864 cuius
903 799 944 865 ab
965 822 1023 867 ore
1041 802 1106 890 pio.

320 902 440 990 Raptus
467 903 509 969 ab
533 904 614 972 orbe
636 904 696 970 fuit
717 907 781 973 cito
801 924 910 996 pastor
932 904 1042 997 largus
1068 925 1235 997 egentum.

536 1114 631 1184 xlv.
656 1136 874 1187 retrusuruu
898 1138 1041 1189 subscus
1068 1120 1129 1197 (ι).

330 1256 426 1440 Qui
449 1330 541 1418 cupis
564 1348 599 1396 ut
620 1330 775 1419 precibus
794 1332 928 1398 Domini
950 1356 1096 1400 mereare
1115 1329 1294 1418 sororem,

394 1433 458 1500 llio
486 1434 685 1501 interventus
708 1410 784 1501 aine
804 1436 940 1527 require
962 1438 1059 1504 viem.

326 1538 479 1605 Protinus
502 1540 646 1604 invenies
668 1542 808 1628 patriam
831 1557 1031 1631 portumque
1052 1540 1164 1609 salutis

392 1641 430 1712 Si
453 1642 528 1709 fidis
554 1645 670 1709 animis
695 1642 760 1709 boe
787 1642 871 1711 duce
899 1646 1029 1736 quaeris
1049 1646 1120 1713 iter.

328 1747 391 1814 Hic
417 1771 561 1841 nomque
584 1764 632 1815 est
652 1748 782 1816 Domini
809 1773 906 1818 verus
933 1773 1096 1840 purusque
1118 1748 1274 1818 sacerdos

397 1853 502 1938 Quem
528 1850 626 1921 nullis
648 1853 789 1919 mundus
815 1852 933 1943 polluit
956 1856 1016 1920 iste
1040 1853 1133 1921 dolis.

330 1961 407 2028 Non
430 1959 504 2043 iro,
526 1983 731 2051 pompneque
758 1977 891 2046 tumor,
917 1986 983 2030 non
1009 1958 1120 2030 servor
1147 1962 1328 2048 habendi,

401 2066 477 2133 Non
499 2064 625 2157 fragilis
650 2065 743 2133 luxus
757 2065 836 2133 huic
858 2091 1000 2137 nocuere
1025 2068 1106 2136 viro.

333 2170 400 2238 Sed
424 2189 571 2238 constans
594 2169 727 2239 humilis
754 2171 864 2267 largus
887 2176 1080 2264 patiensque
1102 2172 1243 2264 piusque

401 2276 538 2343 Civibus
562 2273 617 2344 ille
640 2279 705 2345 suis
728 2277 899 2346 commodo
927 2295 1044 2344 cuncto
1068 2275 1170 2345 dedit·

332 2381 373 2447 ld
399 2384 568 2472 proprium
593 2382 729 2450 credens
755 2384 917 2476 quicquid
942 2409 1114 2453 commune
1133 2384 1269 2465 fuisset,

402 2492 473 2556 Nee
496 2492 558 2556 sibi
579 2516 613 2559 se
636 2496 769 2582 cupiens
795 2494 906 2560 vivere
930 2491 988 2560 sed
1011 2493 1145 2581 patriae.

336 2591 484 2662 Aedibus
513 2594 569 2663 ille
592 2593 700 2663 locum
724 2582 815 2662 bunc
834 2597 945 2685 positis
971 2596 1164 2687 templisque
1187 2593 1350 2675 sacravit,

405 2703 447 2767 Et
470 2703 577 2769 vicum
603 2699 679 2770 lecit
699 2702 791 2769 urbis
813 2701 936 2770 hebere
965 2701 1073 2769 decus·

338 2808 396 2877 Sic
418 2809 502 2875 bone
527 2833 580 2875 sex
605 2808 704 2875 denos
726 2806 867 2896 explevit
890 2809 1039 2876 cursibus
1063 2829 1188 2888 annos,

403 2916 482 2999 Quis
502 2915 624 2983 meruit
647 2916 731 2980 vine
751 2914 897 3002 praemia
918 2931 1107 3003 perpetuae.

337 3018 453 3086 Audax
480 3038 528 3088 ost
546 3021 647 3110 igitur
672 3043 738 3086 non
762 3017 843 3086 salso
864 3021 996 3086 nomine
1016 3017 1143 3099 dictus,

406 3127 559 3215 Namque
579 3139 690 3214 petens
715 3123 843 3190 coelum
866 3146 967 3215 regna
986 3124 1083 3190 beuta
1105 3122 1156 3212 (b)
1181 3138 1283 3190 tenet.

410 3310 448 3370 (n)
466 3311 671 3368 e.›‹1.,mtus.mu
690 3312 875 3360 oooemrtohae,
938 3305 978 3371 (b)
995 3310 1050 3356 eod·
1069 3310 1175 3354 mendose
1196 3308 1292 3352 caetum
1318 3324 1364 3351 ae-

361 3402 420 3430 mon
437 3398 529 3429 orroeos.

416 3550 456 3619 (1)
476 3549 530 3600 Sub
555 3551 650 3602 Ksrolo
674 3568 768 3615 magno
788 3549 955 3603 bernowinus
984 3549 1122 3619 episcopus
1150 3545 1258 3602 floruit.
1289 3545 1369 3607 euius

345 3641 451 3710 aliquot
471 3638 587 3690 carmina
607 3657 639 3690 ex
661 3657 767 3691 romano
793 3638 882 3690 codice
909 3636 1080 3690 mabillonius
1108 3633 1196 3687 edidit
1221 3634 1249 3685 in
1276 3634 1370 3684 arnnal.

346 3728 442 3781 Boued·
461 3727 493 3777 Τ.
515 3725 545 3776 ΙΙ.
566 3725 598 3775 ad
619 3744 660 3776 uu·
680 3723 763 3780 811..
784 3724 899 3793 item-lue
919 3724 947 3774 in
966 3722 1078 3793 append·
1099 3740 1125 3791 p.
1142 3717 1205 3774 668.
1225 3719 1279 3786 Ego
1299 3719 1373 3770 burne

348 3817 451 3884 ipsum.
477 3824 506 3864 ut
536 3823 615 3882 puto.
642 3811 758 3863 endiretn
778 3810 912 3866 lustrans,
939 3808 988 3861 boc
1009 3808 1077 3860 inter
1105 3805 1250 3858 bernowini
1282 3822 1374 3857 versus

347 3900 513 3971 epitaphium
542 3900 643 3970 repen.
672 3898 762 3968 quod,
790 3895 848 3947 aliis
869 3893 1012 3949 levioribus
1026 3892 1231 3965 praetermissis.
1250 3893 1309 3945 luce
1330 3889 1374 3943 di-

353 4007 433 4055 gnum
460 3986 620 4040 existimavi·
