<?xml version="1.0" encoding="UTF-8"?>
<!DOCTYPE html PUBLIC "-//W3C//DTD XHTML 1.0 Transitional//EN"
    "http://www.w3.org/TR/xhtml1/DTD/xhtml1-transitional.dtd">
<html xmlns="http://www.w3.org/1999/xhtml" xml:lang="en" lang="en">
 <head>
  <title>
</title>
<meta http-equiv="Content-Type" content="text/html;charset=utf-8" />
  <meta name='ocr-system' content='tesseract 3.04.00' />
  <meta name='ocr-capabilities' content='ocr_page ocr_carea ocr_par ocr_line ocrx_word'/>
</head>
<body>
  <div class='ocr_page' id='page_1' title='image "./classicorumauct00vatigoog_0510.png"; bbox 0 0 3382 5206; ppageno 0'>
   <div class='ocr_carea' id='block_1_1' title="bbox 788 549 1402 642">
    <p class='ocr_par' dir='ltr' id='par_1_1' title="bbox 788 549 1402 642">
     <span class='ocr_line' id='line_1_1' title="bbox 788 549 1402 642; baseline 0.003 -21"><span class='ocrx_word' id='word_1_1' title='bbox 788 573 931 621; x_wconf 73' lang='lat' dir='ltr'><strong>cannen</strong></span> <span class='ocrx_word' id='word_1_2' title='bbox 964 575 1051 621; x_wconf 79' lang='lat' dir='ltr'><strong>vitu.</strong></span> <span class='ocrx_word' id='word_1_3' title='bbox 1333 549 1402 642; x_wconf 69' lang='grc'><strong>445</strong></span> 
     </span>
    </p>
   </div>
   <div class='ocr_carea' id='block_1_2' title="bbox 327 683 1439 3931">
    <p class='ocr_par' dir='ltr' id='par_1_2' title="bbox 327 683 1439 3931">
     <span class='ocr_line' id='line_1_2' title="bbox 408 683 1262 772; baseline -0.001 -26"><span class='ocrx_word' id='word_1_4' title='bbox 408 683 514 750; x_wconf 86' lang='lat' dir='ltr'><strong>Nemo</strong></span> <span class='ocrx_word' id='word_1_5' title='bbox 542 699 648 750; x_wconf 86' lang='lat' dir='ltr'><strong>tamen</strong></span> <span class='ocrx_word' id='word_1_6' title='bbox 676 684 773 747; x_wconf 83' lang='lat' dir='ltr'><strong>vitam</strong></span> <span class='ocrx_word' id='word_1_7' title='bbox 795 697 934 747; x_wconf 88' lang='lat' dir='ltr'><strong>mortem</strong></span> <span class='ocrx_word' id='word_1_8' title='bbox 954 698 1093 770; x_wconf 82' lang='lat' dir='ltr'><strong>gustasse</strong></span> <span class='ocrx_word' id='word_1_9' title='bbox 1119 683 1262 772; x_wconf 78' lang='lat' dir='ltr'><strong>negarit,</strong></span> 
     </span>
     <span class='ocr_line' id='line_1_3' title="bbox 337 788 1247 870; baseline -0.002 -16"><span class='ocrx_word' id='word_1_10' title='bbox 337 795 386 858; x_wconf 81' lang='lat'><strong>15.</strong></span> <span class='ocrx_word' id='word_1_11' title='bbox 410 788 499 853; x_wconf 90' lang='lat' dir='ltr'><strong>Mors</strong></span> <span class='ocrx_word' id='word_1_12' title='bbox 527 788 633 854; x_wconf 87' lang='lat' dir='ltr'><strong>carnis</strong></span> <span class='ocrx_word' id='word_1_13' title='bbox 656 789 755 870; x_wconf 80' lang='lat' dir='ltr'><strong>vitae,</strong></span> <span class='ocrx_word' id='word_1_14' title='bbox 780 790 862 854; x_wconf 83' lang='lat' dir='ltr'><strong>vitae</strong></span> <span class='ocrx_word' id='word_1_15' title='bbox 885 813 973 854; x_wconf 88' lang='lat' dir='ltr'><strong>mors</strong></span> <span class='ocrx_word' id='word_1_16' title='bbox 998 790 1069 852; x_wconf 91' lang='lat' dir='ltr'><strong>iure</strong></span> <span class='ocrx_word' id='word_1_17' title='bbox 1094 807 1247 854; x_wconf 74' lang='lat' dir='ltr'><strong>vocatur:</strong></span> 
     </span>
     <span class='ocr_line' id='line_1_4' title="bbox 407 890 1264 983; baseline 0.007 -29"><span class='ocrx_word' id='word_1_18' title='bbox 407 892 492 956; x_wconf 90' lang='lat' dir='ltr'><strong>Nam</strong></span> <span class='ocrx_word' id='word_1_19' title='bbox 520 916 681 980; x_wconf 85' lang='lat' dir='ltr'><strong>compassa</strong></span> <span class='ocrx_word' id='word_1_20' title='bbox 702 890 763 958; x_wconf 84' lang='lat' dir='ltr'><strong>fuit</strong></span> <span class='ocrx_word' id='word_1_21' title='bbox 785 895 988 983; x_wconf 80' lang='lat' dir='ltr'><strong>carniquac</strong></span> <span class='ocrx_word' id='word_1_22' title='bbox 1007 891 1074 957; x_wconf 89' lang='lat' dir='ltr'><strong>sola</strong></span> <span class='ocrx_word' id='word_1_23' title='bbox 1095 893 1264 983; x_wconf 82' lang='lat' dir='ltr'><strong>pependit.</strong></span> 
     </span>
     <span class='ocr_line' id='line_1_5' title="bbox 406 992 1177 1087; baseline 0 -27"><span class='ocrx_word' id='word_1_24' title='bbox 406 992 513 1063; x_wconf 87' lang='lat' dir='ltr'><strong>Altius</strong></span> <span class='ocrx_word' id='word_1_25' title='bbox 535 995 716 1087; x_wconf 80' lang='lat' dir='ltr'><strong>ingreditur</strong></span> <span class='ocrx_word' id='word_1_26' title='bbox 738 1021 839 1086; x_wconf 88' lang='lat' dir='ltr'><strong>purae</strong></span> <span class='ocrx_word' id='word_1_27' title='bbox 863 998 995 1064; x_wconf 88' lang='lat' dir='ltr'><strong>rationis</strong></span> <span class='ocrx_word' id='word_1_28' title='bbox 1016 1022 1177 1081; x_wconf 79' lang='lat' dir='ltr'><strong>acumen,</strong></span> 
     </span>
     <span class='ocr_line' id='line_1_6' title="bbox 406 1099 1160 1191; baseline 0.003 -27"><span class='ocrx_word' id='word_1_29' title='bbox 406 1100 448 1165; x_wconf 82' lang='lat' dir='ltr'><strong>Et</strong></span> <span class='ocrx_word' id='word_1_30' title='bbox 475 1125 605 1167; x_wconf 85' lang='lat' dir='ltr'><strong>carnem</strong></span> <span class='ocrx_word' id='word_1_31' title='bbox 631 1101 714 1167; x_wconf 86' lang='lat' dir='ltr'><strong>vitae</strong></span> <span class='ocrx_word' id='word_1_32' title='bbox 741 1105 840 1167; x_wconf 86' lang='lat' dir='ltr'><strong>vitam</strong></span> <span class='ocrx_word' id='word_1_33' title='bbox 862 1100 909 1166; x_wconf 86' lang='lat' dir='ltr'><strong>sic</strong></span> <span class='ocrx_word' id='word_1_34' title='bbox 934 1099 1057 1191; x_wconf 80' lang='lat' dir='ltr'>colligit</span> <span class='ocrx_word' id='word_1_35' title='bbox 1077 1127 1160 1168; x_wconf 82' lang='lat' dir='ltr'><strong>esse:</strong></span> 
     </span>
     <span class='ocr_line' id='line_1_7' title="bbox 404 1200 1426 1293; baseline -0.002 -23"><span class='ocrx_word' id='word_1_36' title='bbox 404 1200 440 1270; x_wconf 82' lang='lat' dir='ltr'><strong>si</strong></span> <span class='ocrx_word' id='word_1_37' title='bbox 467 1206 531 1268; x_wconf 87' lang='lat' dir='ltr'><strong>vita</strong></span> <span class='ocrx_word' id='word_1_38' title='bbox 556 1221 603 1269; x_wconf 92' lang='lat' dir='ltr'><strong>est</strong></span> <span class='ocrx_word' id='word_1_39' title='bbox 627 1204 799 1286; x_wconf 83' lang='lat' dir='ltr'><strong>Verbum,</strong></span> <span class='ocrx_word' id='word_1_40' title='bbox 817 1205 966 1273; x_wconf 84' lang='lat' dir='ltr'><strong>Verbum</strong></span> <span class='ocrx_word' id='word_1_41' title='bbox 991 1226 1120 1293; x_wconf 87' lang='lat' dir='ltr'><strong>quoque</strong></span> <span class='ocrx_word' id='word_1_42' title='bbox 1143 1204 1168 1271; x_wconf 90' lang='lat' dir='ltr'><strong>si</strong></span> <span class='ocrx_word' id='word_1_43' title='bbox 1188 1229 1263 1270; x_wconf 86' lang='lat' dir='ltr'><strong>caro</strong></span> <span class='ocrx_word' id='word_1_44' title='bbox 1284 1201 1426 1286; x_wconf 83' lang='lat' dir='ltr'><strong>sactum,</strong></span> 
     </span>
     <span class='ocr_line' id='line_1_8' title="bbox 329 1308 1229 1399; baseline 0.001 -24"><span class='ocrx_word' id='word_1_45' title='bbox 329 1334 381 1378; x_wconf 82' lang='lat'><strong>20.</strong></span> <span class='ocrx_word' id='word_1_46' title='bbox 405 1308 554 1374; x_wconf 86' lang='lat' dir='ltr'><strong>Profecto</strong></span> <span class='ocrx_word' id='word_1_47' title='bbox 579 1311 726 1399; x_wconf 87' lang='lat' dir='ltr'><strong>sequitur</strong></span> <span class='ocrx_word' id='word_1_48' title='bbox 749 1312 848 1375; x_wconf 84' lang='lat' dir='ltr'><strong>vitam</strong></span> <span class='ocrx_word' id='word_1_49' title='bbox 878 1309 1058 1377; x_wconf 85' lang='lat' dir='ltr'><strong>concedere</strong></span> <span class='ocrx_word' id='word_1_50' title='bbox 1085 1333 1229 1376; x_wconf 84' lang='lat' dir='ltr'><strong>carnem.</strong></span> 
     </span>
     <span class='ocr_line' id='line_1_9' title="bbox 405 1415 1252 1485; baseline 0.002 -3"><span class='ocrx_word' id='word_1_51' title='bbox 405 1417 439 1483; x_wconf 91' lang='lat' dir='ltr'><strong>Si</strong></span> <span class='ocrx_word' id='word_1_52' title='bbox 470 1440 545 1483; x_wconf 88' lang='lat' dir='ltr'><strong>caro</strong></span> <span class='ocrx_word' id='word_1_53' title='bbox 571 1417 611 1482; x_wconf 87' lang='lat' dir='ltr'><strong>sit</strong></span> <span class='ocrx_word' id='word_1_54' title='bbox 634 1418 787 1485; x_wconf 87' lang='lat' dir='ltr'><strong>Verbum</strong></span> <span class='ocrx_word' id='word_1_55' title='bbox 812 1441 966 1484; x_wconf 87' lang='lat' dir='ltr'><strong>converso</strong></span> <span class='ocrx_word' id='word_1_56' title='bbox 992 1419 1123 1482; x_wconf 88' lang='lat' dir='ltr'><strong>tramite</strong></span> <span class='ocrx_word' id='word_1_57' title='bbox 1151 1415 1252 1485; x_wconf 71' lang='lat' dir='ltr'><strong>sacta,</strong></span> 
     </span>
     <span class='ocr_line' id='line_1_10' title="bbox 406 1519 1249 1614; baseline 0.001 -28"><span class='ocrx_word' id='word_1_58' title='bbox 406 1519 548 1588; x_wconf 80' lang='lat' dir='ltr'><strong>Carnem</strong></span> <span class='ocrx_word' id='word_1_59' title='bbox 577 1523 731 1588; x_wconf 89' lang='lat' dir='ltr'><strong>continuo</strong></span> <span class='ocrx_word' id='word_1_60' title='bbox 753 1524 853 1589; x_wconf 90' lang='lat' dir='ltr'><strong>vitam</strong></span> <span class='ocrx_word' id='word_1_61' title='bbox 881 1524 959 1592; x_wconf 88' lang='lat' dir='ltr'><strong>dare</strong></span> <span class='ocrx_word' id='word_1_62' title='bbox 984 1547 1100 1614; x_wconf 82' lang='lat' dir='ltr'><strong>cogere</strong></span> <span class='ocrx_word' id='word_1_63' title='bbox 1121 1520 1249 1588; x_wconf 82' lang='lat' dir='ltr'><strong>factam.</strong></span> 
     </span>
     <span class='ocr_line' id='line_1_11' title="bbox 406 1616 1208 1715; baseline 0.007 -29"><span class='ocrx_word' id='word_1_64' title='bbox 406 1616 488 1712; x_wconf 70' lang='grc' dir='ltr'><strong>Σὲιρξ</strong></span> <span class='ocrx_word' id='word_1_65' title='bbox 510 1626 608 1715; x_wconf 82' lang='lat' dir='ltr'><strong>igitur</strong></span> <span class='ocrx_word' id='word_1_66' title='bbox 630 1627 753 1693; x_wconf 83' lang='lat' dir='ltr'><strong>Christi</strong></span> <span class='ocrx_word' id='word_1_67' title='bbox 778 1629 906 1695; x_wconf 76' lang='lat' dir='ltr'><strong>substat</strong></span> <span class='ocrx_word' id='word_1_68' title='bbox 928 1629 1092 1695; x_wconf 84' lang='lat' dir='ltr'><strong>verissima</strong></span> <span class='ocrx_word' id='word_1_69' title='bbox 1120 1629 1208 1711; x_wconf 85' lang='lat' dir='ltr'><strong>vita,</strong></span> 
     </span>
     <span class='ocr_line' id='line_1_12' title="bbox 402 1731 1341 1821; baseline 0.007 -24"><span class='ocrx_word' id='word_1_70' title='bbox 402 1731 524 1797; x_wconf 86' lang='lat' dir='ltr'><strong>Vivens</strong></span> <span class='ocrx_word' id='word_1_71' title='bbox 546 1755 585 1794; x_wconf 91' lang='lat' dir='ltr'><strong>ac</strong></span> <span class='ocrx_word' id='word_1_72' title='bbox 607 1733 746 1798; x_wconf 88' lang='lat' dir='ltr'><strong>moriens</strong></span> <span class='ocrx_word' id='word_1_73' title='bbox 773 1749 911 1799; x_wconf 87' lang='lat' dir='ltr'><strong>mortem</strong></span> <span class='ocrx_word' id='word_1_74' title='bbox 932 1750 1176 1821; x_wconf 79' lang='lat' dir='ltr'><strong>consumpserat</strong></span> <span class='ocrx_word' id='word_1_75' title='bbox 1199 1756 1341 1804; x_wconf 87' lang='lat' dir='ltr'><strong>omnem.</strong></span> 
     </span>
     <span class='ocr_line' id='line_1_13' title="bbox 327 1839 1214 1926; baseline 0.001 -20"><span class='ocrx_word' id='word_1_76' title='bbox 327 1846 379 1909; x_wconf 69' lang='lat'><strong>25.</strong></span> <span class='ocrx_word' id='word_1_77' title='bbox 403 1839 585 1904; x_wconf 85' lang='lat' dir='ltr'><strong>Desursum</strong></span> <span class='ocrx_word' id='word_1_78' title='bbox 612 1839 700 1903; x_wconf 90' lang='lat' dir='ltr'><strong>venit</strong></span> <span class='ocrx_word' id='word_1_79' title='bbox 727 1857 892 1906; x_wconf 86' lang='lat' dir='ltr'><strong>terrenam</strong></span> <span class='ocrx_word' id='word_1_80' title='bbox 915 1864 1043 1907; x_wconf 89' lang='lat' dir='ltr'><strong>sumere</strong></span> <span class='ocrx_word' id='word_1_81' title='bbox 1070 1857 1214 1926; x_wconf 81' lang='lat' dir='ltr'><strong>vestem,</strong></span> 
     </span>
     <span class='ocr_line' id='line_1_14' title="bbox 404 1942 1212 2029; baseline 0.006 -23"><span class='ocrx_word' id='word_1_82' title='bbox 404 1942 542 2011; x_wconf 92' lang='lat' dir='ltr'><strong>Indutus</strong></span> <span class='ocrx_word' id='word_1_83' title='bbox 567 1960 686 2010; x_wconf 88' lang='lat' dir='ltr'><strong>vestem</strong></span> <span class='ocrx_word' id='word_1_84' title='bbox 707 1968 833 2011; x_wconf 90' lang='lat' dir='ltr'><strong>sursum</strong></span> <span class='ocrx_word' id='word_1_85' title='bbox 863 1968 938 2010; x_wconf 91' lang='lat' dir='ltr'><strong>eum</strong></span> <span class='ocrx_word' id='word_1_86' title='bbox 961 1962 1049 2011; x_wconf 89' lang='lat' dir='ltr'><strong>veste</strong></span> <span class='ocrx_word' id='word_1_87' title='bbox 1071 1943 1212 2029; x_wconf 79' lang='lat' dir='ltr'><strong>volavit,</strong></span> 
     </span>
     <span class='ocr_line' id='line_1_15' title="bbox 404 2047 1315 2140; baseline 0.001 -28"><span class='ocrx_word' id='word_1_88' title='bbox 404 2047 510 2138; x_wconf 90' lang='lat' dir='ltr'><strong>Inque</strong></span> <span class='ocrx_word' id='word_1_89' title='bbox 531 2049 638 2113; x_wconf 87' lang='lat' dir='ltr'><strong>Deum</strong></span> <span class='ocrx_word' id='word_1_90' title='bbox 658 2049 753 2115; x_wconf 89' lang='lat' dir='ltr'><strong>vertit</strong></span> <span class='ocrx_word' id='word_1_91' title='bbox 777 2065 898 2115; x_wconf 88' lang='lat' dir='ltr'><strong>vestem</strong></span> <span class='ocrx_word' id='word_1_92' title='bbox 919 2047 960 2113; x_wconf 90' lang='lat' dir='ltr'><strong>de</strong></span> <span class='ocrx_word' id='word_1_93' title='bbox 984 2049 1109 2140; x_wconf 84' lang='lat' dir='ltr'><strong>virgine</strong></span> <span class='ocrx_word' id='word_1_94' title='bbox 1134 2066 1315 2137; x_wconf 84' lang='lat' dir='ltr'><strong>sumptam,</strong></span> 
     </span>
     <span class='ocr_line' id='line_1_16' title="bbox 403 2150 1375 2243; baseline -0.001 -22"><span class='ocrx_word' id='word_1_95' title='bbox 403 2156 518 2221; x_wconf 89' lang='lat' dir='ltr'><strong>Unum</strong></span> <span class='ocrx_word' id='word_1_96' title='bbox 546 2152 720 2219; x_wconf 83' lang='lat' dir='ltr'><strong>eouliciens</strong></span> <span class='ocrx_word' id='word_1_97' title='bbox 741 2153 884 2218; x_wconf 84' lang='lat' dir='ltr'><strong>animam</strong></span> <span class='ocrx_word' id='word_1_98' title='bbox 911 2176 1107 2243; x_wconf 82' lang='lat' dir='ltr'><strong>carnemque</strong></span> <span class='ocrx_word' id='word_1_99' title='bbox 1126 2152 1328 2243; x_wconf 86' lang='lat' dir='ltr'><strong>Deumque(</strong></span> <span class='ocrx_word' id='word_1_100' title='bbox 1351 2150 1375 2242; x_wconf 89' lang='lat'><strong>).</strong></span> 
     </span>
     <span class='ocr_line' id='line_1_17' title="bbox 404 2259 1309 2326; baseline -0.001 0"><span class='ocrx_word' id='word_1_101' title='bbox 404 2260 495 2326; x_wconf 88' lang='lat' dir='ltr'><strong>Mors</strong></span> <span class='ocrx_word' id='word_1_102' title='bbox 522 2259 634 2325; x_wconf 88' lang='lat' dir='ltr'><strong>mortis</strong></span> <span class='ocrx_word' id='word_1_103' title='bbox 656 2260 814 2325; x_wconf 85' lang='lat' dir='ltr'><strong>Dominus</strong></span> <span class='ocrx_word' id='word_1_104' title='bbox 836 2261 974 2323; x_wconf 81' lang='lat' dir='ltr'><strong>surrexit</strong></span> <span class='ocrx_word' id='word_1_105' title='bbox 1005 2260 1096 2325; x_wconf 87' lang='lat' dir='ltr'><strong>vivus</strong></span> <span class='ocrx_word' id='word_1_106' title='bbox 1120 2261 1154 2324; x_wconf 93' lang='lat' dir='ltr'><strong>in</strong></span> <span class='ocrx_word' id='word_1_107' title='bbox 1182 2259 1309 2326; x_wconf 65' lang='lat' dir='ltr'><strong>altum,</strong></span> 
     </span>
     <span class='ocr_line' id='line_1_18' title="bbox 328 2365 1199 2434; baseline -0.001 -1"><span class='ocrx_word' id='word_1_108' title='bbox 328 2371 379 2434; x_wconf 84' lang='lat'><strong>30.</strong></span> <span class='ocrx_word' id='word_1_109' title='bbox 404 2366 454 2433; x_wconf 88' lang='lat' dir='ltr'><strong>Ac</strong></span> <span class='ocrx_word' id='word_1_110' title='bbox 480 2385 625 2433; x_wconf 89' lang='lat' dir='ltr'><strong>nostram</strong></span> <span class='ocrx_word' id='word_1_111' title='bbox 646 2390 757 2434; x_wconf 90' lang='lat' dir='ltr'><strong>secum</strong></span> <span class='ocrx_word' id='word_1_112' title='bbox 778 2382 927 2432; x_wconf 82' lang='lat' dir='ltr'><strong>naturam</strong></span> <span class='ocrx_word' id='word_1_113' title='bbox 960 2368 1049 2434; x_wconf 81' lang='lat' dir='ltr'><strong>vexit</strong></span> <span class='ocrx_word' id='word_1_114' title='bbox 1071 2365 1199 2432; x_wconf 86' lang='lat' dir='ltr'><strong>eodem.</strong></span> 
     </span>
     <span class='ocr_line' id='line_1_19' title="bbox 404 2469 1211 2552; baseline -0.004 -12"><span class='ocrx_word' id='word_1_115' title='bbox 404 2477 444 2540; x_wconf 90' lang='lat' dir='ltr'><strong>In</strong></span> <span class='ocrx_word' id='word_1_116' title='bbox 466 2488 532 2540; x_wconf 86' lang='lat' dir='ltr'><strong>tota</strong></span> <span class='ocrx_word' id='word_1_117' title='bbox 556 2471 683 2552; x_wconf 77' lang='lat' dir='ltr'><strong>sactus,</strong></span> <span class='ocrx_word' id='word_1_118' title='bbox 709 2488 810 2538; x_wconf 88' lang='lat' dir='ltr'><strong>totam</strong></span> <span class='ocrx_word' id='word_1_119' title='bbox 830 2469 1013 2538; x_wconf 85' lang='lat' dir='ltr'><strong>conformat</strong></span> <span class='ocrx_word' id='word_1_120' title='bbox 1036 2471 1071 2535; x_wconf 89' lang='lat' dir='ltr'><strong>in</strong></span> <span class='ocrx_word' id='word_1_121' title='bbox 1098 2495 1211 2537; x_wconf 89' lang='lat' dir='ltr'><strong>unum.</strong></span> 
     </span>
     <span class='ocr_line' id='line_1_20' title="bbox 403 2572 1439 2668; baseline -0.003 -25"><span class='ocrx_word' id='word_1_122' title='bbox 403 2577 565 2644; x_wconf 88' lang='lat' dir='ltr'><strong>Mundum</strong></span> <span class='ocrx_word' id='word_1_123' title='bbox 594 2575 730 2643; x_wconf 81' lang='lat' dir='ltr'><strong>calcavit</strong></span> <span class='ocrx_word' id='word_1_124' title='bbox 755 2572 916 2668; x_wconf 82' lang='lat' dir='ltr'><strong>frigilem,</strong></span> <span class='ocrx_word' id='word_1_125' title='bbox 938 2574 1118 2664; x_wconf 85' lang='lat' dir='ltr'><strong>mundique</strong></span> <span class='ocrx_word' id='word_1_126' title='bbox 1141 2590 1328 2664; x_wconf 84' lang='lat' dir='ltr'><strong>potentem,</strong></span> <span class='ocrx_word' id='word_1_127' title='bbox 1420 2609 1439 2625; x_wconf 55' lang='lat' dir='ltr'><em>w</em></span> 
     </span>
     <span class='ocr_line' id='line_1_21' title="bbox 403 2679 1259 2772; baseline -0.001 -24"><span class='ocrx_word' id='word_1_128' title='bbox 403 2682 647 2772; x_wconf 82' lang='lat' dir='ltr'><strong>Expulsumque</strong></span> <span class='ocrx_word' id='word_1_129' title='bbox 670 2679 752 2747; x_wconf 86' lang='lat' dir='ltr'><strong>sorus</strong></span> <span class='ocrx_word' id='word_1_130' title='bbox 777 2679 941 2768; x_wconf 85' lang='lat' dir='ltr'><strong>superavit</strong></span> <span class='ocrx_word' id='word_1_131' title='bbox 968 2697 1074 2746; x_wconf 86' lang='lat' dir='ltr'><strong>morte</strong></span> <span class='ocrx_word' id='word_1_132' title='bbox 1102 2680 1259 2747; x_wconf 90' lang='lat' dir='ltr'><strong>secundo·</strong></span> 
     </span>
     <span class='ocr_line' id='line_1_22' title="bbox 404 2782 1256 2876; baseline -0.004 -23"><span class='ocrx_word' id='word_1_133' title='bbox 404 2789 577 2876; x_wconf 84' lang='lat' dir='ltr'><strong>Captivum</strong></span> <span class='ocrx_word' id='word_1_134' title='bbox 603 2810 757 2851; x_wconf 87' lang='lat' dir='ltr'><strong>revocans</strong></span> <span class='ocrx_word' id='word_1_135' title='bbox 784 2782 940 2872; x_wconf 84' lang='lat' dir='ltr'><strong>praedam</strong></span> <span class='ocrx_word' id='word_1_136' title='bbox 962 2782 1102 2872; x_wconf 88' lang='lat' dir='ltr'><strong>raptoris</strong></span> <span class='ocrx_word' id='word_1_137' title='bbox 1128 2783 1169 2848; x_wconf 86' lang='lat' dir='ltr'><strong>ab</strong></span> <span class='ocrx_word' id='word_1_138' title='bbox 1198 2807 1256 2850; x_wconf 85' lang='lat' dir='ltr'><strong>ore</strong></span> 
     </span>
     <span class='ocr_line' id='line_1_23' title="bbox 327 2887 1314 2983; baseline 0 -28"><span class='ocrx_word' id='word_1_139' title='bbox 327 2891 378 2955; x_wconf 84' lang='lat'><strong>35.</strong></span> <span class='ocrx_word' id='word_1_140' title='bbox 404 2891 571 2977; x_wconf 80' lang='lat' dir='ltr'><strong>Abstulit,</strong></span> <span class='ocrx_word' id='word_1_141' title='bbox 592 2891 647 2959; x_wconf 89' lang='lat' dir='ltr'><strong>ille</strong></span> <span class='ocrx_word' id='word_1_142' title='bbox 674 2893 774 2983; x_wconf 87' lang='lat' dir='ltr'><strong>gemit</strong></span> <span class='ocrx_word' id='word_1_143' title='bbox 799 2887 961 2956; x_wconf 85' lang='lat' dir='ltr'><strong>consessus</strong></span> <span class='ocrx_word' id='word_1_144' title='bbox 987 2889 1137 2954; x_wconf 86' lang='lat' dir='ltr'><strong>membra</strong></span> <span class='ocrx_word' id='word_1_145' title='bbox 1156 2890 1314 2977; x_wconf 84' lang='lat' dir='ltr'><strong>superbus</strong></span> 
     </span>
     <span class='ocr_line' id='line_1_24' title="bbox 403 2992 1234 3079; baseline -0.002 -14"><span class='ocrx_word' id='word_1_146' title='bbox 403 2999 603 3065; x_wconf 85' lang='lat' dir='ltr'><strong>Vulneribus</strong></span> <span class='ocrx_word' id='word_1_147' title='bbox 626 2997 736 3079; x_wconf 85' lang='lat' dir='ltr'><strong>duris,</strong></span> <span class='ocrx_word' id='word_1_148' title='bbox 767 3021 805 3062; x_wconf 88' lang='lat' dir='ltr'><strong>ac</strong></span> <span class='ocrx_word' id='word_1_149' title='bbox 830 3017 939 3062; x_wconf 87' lang='lat' dir='ltr'><strong>secum</strong></span> <span class='ocrx_word' id='word_1_150' title='bbox 961 2992 1039 3060; x_wconf 87' lang='lat' dir='ltr'><strong>talia</strong></span> <span class='ocrx_word' id='word_1_151' title='bbox 1069 3011 1234 3063; x_wconf 86' lang='lat' dir='ltr'><strong>tractans:</strong></span> 
     </span>
     <span class='ocr_line' id='line_1_25' title="bbox 404 3097 1198 3189; baseline 0.001 -23"><span class='ocrx_word' id='word_1_152' title='bbox 404 3104 459 3169; x_wconf 92' lang='lat' dir='ltr'><strong>Me</strong></span> <span class='ocrx_word' id='word_1_153' title='bbox 487 3102 609 3167; x_wconf 88' lang='lat' dir='ltr'><strong>victum</strong></span> <span class='ocrx_word' id='word_1_154' title='bbox 631 3101 727 3167; x_wconf 87' lang='lat' dir='ltr'><strong>video</strong></span> <span class='ocrx_word' id='word_1_155' title='bbox 750 3097 941 3189; x_wconf 81' lang='lat' dir='ltr'><strong>fugitivum:</strong></span> <span class='ocrx_word' id='word_1_156' title='bbox 965 3098 1097 3166; x_wconf 86' lang='lat' dir='ltr'><strong>sedibus</strong></span> <span class='ocrx_word' id='word_1_157' title='bbox 1119 3103 1198 3168; x_wconf 84' lang='lat' dir='ltr'><strong>atris</strong></span> 
     </span>
     <span class='ocr_line' id='line_1_26' title="bbox 403 3204 1426 3296; baseline 0.006 -23"><span class='ocrx_word' id='word_1_158' title='bbox 403 3211 494 3293; x_wconf 87' lang='lat' dir='ltr'><strong>Quae</strong></span> <span class='ocrx_word' id='word_1_159' title='bbox 517 3230 602 3272; x_wconf 87' lang='lat' dir='ltr'><strong>nova</strong></span> <span class='ocrx_word' id='word_1_160' title='bbox 625 3205 678 3272; x_wconf 85' lang='lat' dir='ltr'><strong>lux</strong></span> <span class='ocrx_word' id='word_1_161' title='bbox 704 3208 825 3289; x_wconf 84' lang='lat' dir='ltr'><strong>oritur,</strong></span> <span class='ocrx_word' id='word_1_162' title='bbox 847 3229 944 3296; x_wconf 91' lang='lat' dir='ltr'><strong>quam</strong></span> <span class='ocrx_word' id='word_1_163' title='bbox 971 3229 1153 3296; x_wconf 84' lang='lat' dir='ltr'><strong>numquam</strong></span> <span class='ocrx_word' id='word_1_164' title='bbox 1178 3204 1264 3273; x_wconf 88' lang='lat' dir='ltr'><strong>serre</strong></span> <span class='ocrx_word' id='word_1_165' title='bbox 1286 3204 1426 3279; x_wconf 83' lang='lat' dir='ltr'><strong>valebo?</strong></span> 
     </span>
     <span class='ocr_line' id='line_1_27' title="bbox 406 3308 1429 3402; baseline 0.005 -25"><span class='ocrx_word' id='word_1_166' title='bbox 406 3316 501 3378; x_wconf 86' lang='lat' dir='ltr'><strong>Nune</strong></span> <span class='ocrx_word' id='word_1_167' title='bbox 530 3313 609 3378; x_wconf 91' lang='lat' dir='ltr'><strong>mihi</strong></span> <span class='ocrx_word' id='word_1_168' title='bbox 636 3336 733 3402; x_wconf 86' lang='lat' dir='ltr'><strong>regna</strong></span> <span class='ocrx_word' id='word_1_169' title='bbox 757 3328 858 3377; x_wconf 91' lang='lat' dir='ltr'><strong>ruunt</strong></span> <span class='ocrx_word' id='word_1_170' title='bbox 885 3311 1028 3399; x_wconf 69' lang='lat' dir='ltr'><strong>pesum,</strong></span> <span class='ocrx_word' id='word_1_171' title='bbox 1053 3310 1124 3376; x_wconf 81' lang='lat' dir='ltr'><strong>locu</strong></span> <span class='ocrx_word' id='word_1_172' title='bbox 1147 3308 1239 3376; x_wconf 87' lang='lat' dir='ltr'><strong>nulla</strong></span> <span class='ocrx_word' id='word_1_173' title='bbox 1265 3314 1429 3399; x_wconf 76' lang='lat' dir='ltr'><strong>tenebris,</strong></span> 
     </span>
     <span class='ocr_line' id='line_1_28' title="bbox 328 3414 1303 3507; baseline -0.003 -20"><span class='ocrx_word' id='word_1_174' title='bbox 328 3419 380 3497; x_wconf 69' lang='lat'><strong>40·</strong></span> <span class='ocrx_word' id='word_1_175' title='bbox 405 3421 514 3487; x_wconf 79' lang='lat' dir='ltr'><strong>Sentio</strong></span> <span class='ocrx_word' id='word_1_176' title='bbox 539 3443 592 3483; x_wconf 89' lang='lat' dir='ltr'><strong>me</strong></span> <span class='ocrx_word' id='word_1_177' title='bbox 617 3435 749 3506; x_wconf 90' lang='lat' dir='ltr'><strong>captum</strong></span> <span class='ocrx_word' id='word_1_178' title='bbox 773 3416 931 3505; x_wconf 87' lang='lat' dir='ltr'><strong>pavidum</strong></span> <span class='ocrx_word' id='word_1_179' title='bbox 953 3415 1136 3506; x_wconf 86' lang='lat' dir='ltr'><strong>vinclisque</strong></span> <span class='ocrx_word' id='word_1_180' title='bbox 1156 3414 1303 3507; x_wconf 84' lang='lat' dir='ltr'><strong>ligatum.</strong></span> 
     </span>
     <span class='ocr_line' id='line_1_29' title="bbox 407 3520 1360 3618; baseline 0 -26"><span class='ocrx_word' id='word_1_181' title='bbox 407 3529 499 3593; x_wconf 85' lang='lat' dir='ltr'><strong>Eheu</strong></span> <span class='ocrx_word' id='word_1_182' title='bbox 524 3530 595 3618; x_wconf 89' lang='lat' dir='ltr'><strong>quis</strong></span> <span class='ocrx_word' id='word_1_183' title='bbox 620 3524 703 3589; x_wconf 89' lang='lat' dir='ltr'><strong>mihi</strong></span> <span class='ocrx_word' id='word_1_184' title='bbox 726 3520 965 3613; x_wconf 82' lang='lat' dir='ltr'><strong>congreditur?</strong></span> <span class='ocrx_word' id='word_1_185' title='bbox 989 3525 1062 3615; x_wconf 89' lang='lat' dir='ltr'><strong>quis</strong></span> <span class='ocrx_word' id='word_1_186' title='bbox 1087 3521 1179 3590; x_wconf 83' lang='lat' dir='ltr'><strong>fortis</strong></span> <span class='ocrx_word' id='word_1_187' title='bbox 1202 3526 1237 3591; x_wconf 92' lang='lat' dir='ltr'><strong>in</strong></span> <span class='ocrx_word' id='word_1_188' title='bbox 1262 3527 1360 3592; x_wconf 88' lang='lat' dir='ltr'><strong>armis</strong></span> 
     </span>
     <span class='ocr_line' id='line_1_30' title="bbox 406 3626 1315 3716; baseline -0.006 -17"><span class='ocrx_word' id='word_1_189' title='bbox 406 3632 523 3699; x_wconf 77' lang='lat' dir='ltr'><strong>Audax</strong></span> <span class='ocrx_word' id='word_1_190' title='bbox 545 3630 718 3697; x_wconf 89' lang='lat' dir='ltr'><strong>committit</strong></span> <span class='ocrx_word' id='word_1_191' title='bbox 740 3627 855 3694; x_wconf 91' lang='lat' dir='ltr'><strong>mundi</strong></span> <span class='ocrx_word' id='word_1_192' title='bbox 879 3652 954 3694; x_wconf 92' lang='lat' dir='ltr'><strong>cum</strong></span> <span class='ocrx_word' id='word_1_193' title='bbox 980 3628 1130 3716; x_wconf 90' lang='lat' dir='ltr'><strong>principe</strong></span> <span class='ocrx_word' id='word_1_194' title='bbox 1156 3626 1315 3701; x_wconf 85' lang='lat' dir='ltr'><strong>bellum?</strong></span> 
     </span>
     <span class='ocr_line' id='line_1_31' title="bbox 407 3729 1192 3824; baseline -0.008 -19"><span class='ocrx_word' id='word_1_195' title='bbox 407 3739 512 3805; x_wconf 90' lang='lat' dir='ltr'><strong>lllene</strong></span> <span class='ocrx_word' id='word_1_196' title='bbox 535 3736 675 3803; x_wconf 85' lang='lat' dir='ltr'><strong>confixus</strong></span> <span class='ocrx_word' id='word_1_197' title='bbox 694 3733 783 3824; x_wconf 85' lang='lat' dir='ltr'><strong>ligno</strong></span> <span class='ocrx_word' id='word_1_198' title='bbox 803 3749 975 3823; x_wconf 86' lang='lat' dir='ltr'><strong>septusque</strong></span> <span class='ocrx_word' id='word_1_199' title='bbox 999 3729 1192 3822; x_wconf 78' lang='lat' dir='ltr'><strong>sepulchro,</strong></span> 
     </span>
     <span class='ocr_line' id='line_1_32' title="bbox 409 3839 1329 3931; baseline 0 -20"><span class='ocrx_word' id='word_1_200' title='bbox 409 3849 514 3931; x_wconf 88' lang='lat' dir='ltr'><strong>Quem</strong></span> <span class='ocrx_word' id='word_1_201' title='bbox 534 3867 588 3911; x_wconf 80' lang='lat' dir='ltr'><strong>rex</strong></span> <span class='ocrx_word' id='word_1_202' title='bbox 615 3840 760 3910; x_wconf 89' lang='lat' dir='ltr'><strong>Herodes</strong></span> <span class='ocrx_word' id='word_1_203' title='bbox 781 3841 909 3929; x_wconf 88' lang='lat' dir='ltr'><strong>sprevit</strong></span> <span class='ocrx_word' id='word_1_204' title='bbox 926 3862 1137 3931; x_wconf 89' lang='lat' dir='ltr'><strong>summusque</strong></span> <span class='ocrx_word' id='word_1_205' title='bbox 1162 3839 1329 3911; x_wconf 69' lang='lat' dir='ltr'><strong>sacerdes,</strong></span> 
     </span>
    </p>
   </div>
   <div class='ocr_carea' id='block_1_3' title="bbox 1404 3710 1411 3759">
    <p class='ocr_par' dir='ltr' id='par_1_3' title="bbox 1404 3710 1411 3759">
     <span class='ocr_line' id='line_1_33' title="bbox 1404 3710 1411 3759; baseline 0 0"><span class='ocrx_word' id='word_1_206' title='bbox 1404 3710 1411 3759; x_wconf 78' lang='grc' dir='ltr'><strong>Ιι</strong></span> 
     </span>
    </p>
   </div>
   <div class='ocr_carea' id='block_1_4' title="bbox 481 3992 1223 4068">
    <p class='ocr_par' dir='ltr' id='par_1_4' title="bbox 481 3992 1223 4068">
     <span class='ocr_line' id='line_1_34' title="bbox 481 3992 1223 4068; baseline -0.007 -19"><span class='ocrx_word' id='word_1_207' title='bbox 481 3998 529 4068; x_wconf 86' lang='grc' dir='ltr'><strong>(ι)</strong></span> <span class='ocrx_word' id='word_1_208' title='bbox 548 3995 688 4068; x_wconf 86' lang='lat' dir='ltr'><strong>Perspicuc</strong></span> <span class='ocrx_word' id='word_1_209' title='bbox 706 3993 826 4049; x_wconf 78' lang='lat' dir='ltr'><strong>confutat</strong></span> <span class='ocrx_word' id='word_1_210' title='bbox 845 3992 996 4049; x_wconf 77' lang='lat' dir='ltr'><strong>Nestorium</strong></span> <span class='ocrx_word' id='word_1_211' title='bbox 1015 4003 1104 4048; x_wconf 86' lang='lat' dir='ltr'><strong>noster</strong></span> <span class='ocrx_word' id='word_1_212' title='bbox 1123 3993 1223 4048; x_wconf 78' lang='lat' dir='ltr'><strong>Suetus.</strong></span> 
     </span>
    </p>
   </div>
   <div class='ocr_carea' id='block_1_5' title="bbox 0 0 1696 5206">
    <p class='ocr_par' dir='ltr' id='par_1_5' title="bbox 0 0 1696 5206">
     <span class='ocr_line' id='line_1_35' title="bbox 0 0 1696 5206; baseline 0 0"><span class='ocrx_word' id='word_1_213' title='bbox 0 0 1696 5206; x_wconf 95' lang='lat' dir='ltr'><strong> </strong></span> 
     </span>
    </p>
   </div>
  </div>
 </body>
</html>
