3382 5206
542 576 609 645 516
806 600 841 650 a.
866 593 1046 648 tannttstt
1071 597 1245 649 saetosus

511 720 592 790 pore
619 697 734 769 absens
756 723 853 784 sum,
876 695 934 767 ted
959 699 1074 789 spiritu
1099 719 1260 790 praeseus.
1284 698 1367 765 Non
1389 721 1480 791 ergo
1503 703 1568 770 ab·

514 802 631 873 olenda
658 819 691 872 et
715 805 808 895 parsi
830 803 1004 894 pendenda
1026 822 1072 873 est
1093 805 1179 872 baec
1201 802 1323 872 destris
1338 803 1485 874 firmata
1502 809 1564 874 ad·

513 910 646 996 finitas,
669 909 750 976 dum
774 909 962 1001 praedictus
988 911 1195 1001 praedicator
1217 911 1280 979 sibi
1306 927 1341 979 et
1369 910 1560 982 Barnabas

513 1020 722 1084 inconcussas
749 1015 958 1093 ecclesiarum
984 1015 1170 1087 columnas,
1186 1016 1251 1084 boc
1278 1033 1324 1086 est
1351 1017 1500 1087 Petrum
1522 1034 1558 1086 et

511 1120 670 1189 Iacobum
683 1136 716 1191 et
736 1120 940 1205 Iohannem,
959 1119 1086 1189 dextras
1111 1120 1237 1190 dedisce
1255 1119 1482 1211 tripudiando
1503 1148 1556 1192 re·

512 1227 605 1297 ferat.
628 1230 728 1298 treta,
745 1228 1019 1319 praestantissime
1037 1244 1070 1296 et
1084 1228 1299 1300 amantissime
1315 1225 1366 1292 fili
1387 1228 1436 1293 mi
1452 1278 1466 1313 ,
1480 1232 1553 1320 pri·

511 1348 587 1402 ause
604 1331 809 1422 paternitatis
827 1352 955 1399 memor
974 1329 1211 1400 inextricabilis
1232 1354 1328 1398 verae
1353 1328 1551 1400 dilectionis

511 1436 649 1530 ligatura
673 1454 765 1506 tanto
782 1439 926 1504 strictius
950 1454 983 1505 et
1009 1439 1131 1506 euisias
1149 1461 1210 1527 per
1230 1435 1403 1506 succiduas
1429 1462 1548 1505 saecu·

510 1540 619 1610 lorum
645 1559 765 1610 aetates
789 1540 981 1632 indisruptis
1000 1541 1141 1611 restibus
1162 1539 1326 1633 reliquum
1342 1538 1493 1609 nodetur
1509 1543 1546 1608 in

511 1672 648 1718 aevum»
672 1664 794 1740 quanto
818 1663 944 1715 constat
962 1647 1053 1738 quod
1075 1648 1178 1714 isdem
1200 1661 1431 1716 concatenatae
1453 1645 1545 1714 dile·

510 1755 625 1822 ationis
650 1756 755 1820 viscus
779 1760 870 1820 sa'cm
895 1769 927 1819 et
952 1751 1131 1842 septiformi
1160 1753 1391 1840 mysteriorum
1417 1775 1545 1821 nume-

511 1882 550 1927 ro
574 1855 765 1950 glutinosius
786 1857 950 1925 lentescit.

391 2106 394 2117 ·
510 2000 628 2158 Igitur
663 2066 726 2132 buc
761 2063 1017 2156 praefatiuncula
1057 2063 1280 2133 venerandam
1308 2060 1543 2133 celsitudinem

509 2188 651 2240 vestram
682 2170 859 2269 affpbiliter
892 2167 1088 2263 alloquens,
1110 2167 1314 2260 aliquantula
1350 2185 1538 2236 metrorum

507 2277 700 2348 munuscula
720 2272 918 2347 domesticae
941 2277 1168 2345 familiaritatis
1191 2275 1313 2343 fiducia
1334 2273 1437 2343 fretus
1456 2278 1539 2344 sub-

509 2385 629 2469 iunxi,
652 2384 848 2476 praesertim
872 2401 1020 2451 veteram
1047 2384 1240 2450 auctoritate
1269 2399 1466 2472 provocatus
1492 2382 1539 2451 de

508 2489 644 2559 dirersis
676 2513 788 2558 rerum
821 2487 1062 2581 qualitatibus,
1090 2487 1188 2555 modo
1219 2484 1404 2576 caelestium
1436 2485 1538 2555 modo

509 2598 713 2666 terrestrium
742 2598 913 2663 materiam
944 2611 1114 2677 nanctus,
1139 2616 1227 2661 nunc
1252 2591 1413 2684 grandem
1441 2617 1535 2659 nunc

506 2700 663 2795 gracilem
691 2717 915 2769 creaturarum
941 2717 1092 2767 naturam
1117 2699 1346 2783 considerans,
1374 2699 1536 2765 urictim-

507 2834 573 2902 que
587 2810 841 2899 summatimque
859 2807 1026 2875 deflorari.
1045 2807 1131 2873 Nam
1144 2806 1332 2900 Symposius
1351 2816 1445 2895 potita
1461 2829 1537 2874 rer·

505 2915 614 2984 silicus
639 2915 797 2982 metricae
816 2915 894 2980 artis
917 2915 1037 3033 peritia
1062 2911 1255 2980 ludibundis
1278 2911 1424 3002 apicibus
1446 2911 1535 3002 legi

506 3039 562 3087 tur
584 3023 756 3105 cecinisse,
780 3037 812 3087 et
839 2988 1001 3110 singulas
1008 3044 1154 3112 quasque
1177 3019 1435 3109 propositionum
1460 3015 1531 3084 for-

504 3126 609 3194 mulas
635 3125 740 3193 tribus
764 3123 932 3192 versiculis
961 3127 1162 3191 terminasse.
1186 3123 1254 3193 Sed
1278 3139 1310 3189 ct
1338 3119 1534 3191 Aristoteles

503 3230 774 3324 pbilosophorum
796 3233 974 3298 acerrimus
1002 3230 1154 3322 perplexa
1182 3228 1395 3296 nihilomiuus
1419 3231 1531 3322 aenig-

507 3358 593 3407 mata
618 3364 731 3431 prosse
760 3337 933 3407 locutionis
965 3337 1116 3405 facundia
1142 3335 1242 3405 fultus
1271 3354 1536 3429 argumentatur,

507 3445 730 3531 Quamobrem
761 3462 889 3510 nostrae
925 3444 1162 3510 exercitationis
1194 3441 1383 3510 sollicitudo
1409 3440 1532 3510 borum

505 3551 659 3642 ereoaplis
689 3551 864 3632 instincta,
900 3567 930 3616 et
958 3551 1147 3616 commentis
1175 3549 1444 3616 adinventionum
1474 3552 1537 3616 sti-

505 3657 626 3723 mulata
655 3657 761 3723 decies
788 3655 907 3723 denas>
932 3654 1035 3719 idest
1059 3653 1536 3744 centenasquinasuenigrna·
1592 3694 1597 3705 ·

506 3779 574 3828 tunt
609 3761 841 3851 propositiones
870 3783 1055 3849 conponere
1081 3759 1283 3841 nitebatur,
1314 3774 1348 3821 et
1376 3757 1469 3825 velut
1499 3760 1536 3825 iu

506 3865 649 3954 quodam
670 3864 837 3955 gymnasio
857 3866 964 3953 prima
985 3863 1142 3955 ingenioli
1166 3863 1351 3930 rudimenta
1368 3862 1534 3932 exercita-

505 3970 532 4034 ri
558 3970 715 4057 cupiens,
742 3986 778 4035 ut
802 3970 915 4036 tenire
944 3970 1042 4058 possit
1068 3966 1219 4057 deinceps
1246 3967 1288 4035 sd
1312 3966 1533 4059 praestantio-

505 4098 576 4142 rem
600 4074 707 4162 operis
732 4075 921 4155 materiam
945 4075 970 4142 si
994 4089 1101 4143 tameo
1125 4073 1217 4163 prius
1242 4070 1323 4142 haec
1344 4070 1532 4142 mediocria
