3382 5206
592 626 818 679 cntnntrrca
841 632 886 678 rr
910 628 1074 679 numici.
1259 609 1321 694 545

325 731 494 822 praedicta
522 731 563 796 ad
590 731 736 796 iambum
763 733 960 821 pertinentia
985 748 1079 797 acuto
1104 750 1240 798 accentu
1269 756 1350 821 pro·

325 840 469 905 nuntiari
492 836 634 945 legitima
653 839 944 930 grammaticorum
966 837 1080 905 suadet
1103 837 1222 927 regula.

717 1048 765 1112 De
788 1046 951 1112 trochaeo.

396 1268 428 1322 Δ.
452 1259 501 1322 Da
529 1255 675 1347 exempla
702 1255 741 1320 ad
773 1256 973 1323 trochaicam
1000 1255 1109 1348 legem
1133 1258 1349 1345 corrpctentia.

330 1375 370 1428 M.
397 1364 537 1430 Nomina
559 1365 710 1453 primitus
731 1387 814 1455 quae
837 1362 973 1432 troclrao
996 1388 1176 1454 congruere
1201 1363 1353 1430 ridentur

330 1470 410 1536 haec
427 1489 523 1553 sunt,
546 1470 672 1553 almus,
695 1487 846 1552 sanctus,
871 1470 1038 1560 nympha,
1060 1470 1216 1563 lympha,
1239 1470 1350 1554 abba,

328 1576 416 1660 olla,
439 1599 538 1662 occa,
561 1600 638 1666 sapa
663 1575 765 1643 idest
786 1574 995 1660 defructum,
1017 1594 1166 1654 ostrum,
1188 1592 1351 1659 rostrum,

328 1700 491 1766 rastrum,
513 1701 702 1774 sceptrum,
726 1681 890 1771 scalprum
912 1708 930 1747 a
955 1707 1019 1774 quo
1043 1682 1242 1749 deminutire
1264 1681 1364 1750 scal·'

330 1786 480 1876 pellam,
508 1787 641 1853 labrum
668 1787 756 1854 unde
778 1787 961 1870 labellum,
984 1786 1101 1870 bulla,
1126 1788 1257 1867 bucca,
1287 1786 1350 1878 gil·

331 1896 411 1978 bus,
434 1897 576 1993 gippus,
599 1896 741 1978 burrus,
764 1897 909 1978 barrus,
932 1898 1075 1964 linceus,
1101 1920 1237 1978 soccus,
1260 1920 1360 1961 ηιιιε-Ι

329 2025 409 2081 cus,
435 1998 563 2083 lnac'us,
586 1998 714 2082 luscus,
738 2018 854 2067 tuscus.
880 2003 910 2069 V
912 2024 1003 2068 crum
1029 2000 1110 2066 haec
1133 1998 1294 2065 sufficiant
1313 1996 1354 2065 de

328 2107 487 2194 positione
508 2106 634 2198 longis,
658 2132 741 2199 quae
766 2110 883 2196 passim
909 2109 941 2172 in
966 2106 1101 2196 publico
1122 2124 1154 2173 ct
1176 2108 1209 2172 iu
1232 2129 1353 2197 propa·

330 2211 398 2277 tolo
422 2214 479 2280 sita
505 2238 522 2278 a
552 2215 700 2280 metricis
724 2212 881 2281 facillimo
909 2211 1223 2301 deprehenduntur.
1255 2211 1353 2278 Nunc

330 2317 383 2383 illa
412 2344 497 2410 quac
524 2319 716 2388 naturaliter
748 2318 965 2410 productinuc
995 2316 1169 2408 gaudent,
1202 2336 1234 2384 et
1268 2342 1352 2409 quae

329 2427 454 2511 po'e'tica
479 2423 706 2514 exemplorum
729 2423 977 2515 adstipulatioua
1001 2421 1180 2512 plurimum
1203 2421 1352 2514 indigent

331 2529 474 2594 breviter
490 2528 663 2596 adnectam
679 2580 689 2616 ,
707 2548 743 2596 ut
757 2556 848 2597 musa
864 2580 873 2614 ,
895 2547 999 2612 meta,
1021 2547 1086 2596 seta
1103 2579 1113 2611 ,
1136 2546 1226 2597 creta
1243 2579 1252 2611 ,
1277 2529 1353 2595 the·

330 2651 388 2717 ta,
410 2632 503 2716 l'cta,
526 2635 629 2724 spina.
653 2637 780 2717 Roma,
802 2659 920 2717 mura,
946 2636 1054 2716 rima,
1076 2632 1181 2717 lima,
1206 2633 1352 2700 brumas

330 2740 433 2808 sama,
457 2744 581 2808 mirus,
605 2739 715 2824 dirus,
736 2739 856 2822 sunus,
876 2765 1020 2823 munus,
1044 2739 1175 2823 surmus,
1202 2762 1353 2828 prunus,

330 2847 440 2936 pirus,
457 2850 579 2937 pinus,
601 2864 712 2930 taxus,
734 2844 856 2929 malus,
874 2846 999 2928 ssavus,
1023 2869 1146 2912 cautas,
1169 2869 1286 2913 onnus,
1309 2844 1353 2911 lu·

330 2970 406 3037 tus,
428 2976 533 3019 nauus
556 2951 590 3016 id
613 2968 660 3018 cst
683 2950 842 3042 pumilio,
861 2953 986 3034 crinis,
1009 2951 1109 3034 finis,
1132 2948 1241 3031 funis,
1272 2950 1349 3017 clu-

330 3059 381 3124 nis
397 3056 484 3127 uudc
499 3057 707 3126 clunaculum
723 3056 850 3124 dicitnr.
876 3058 931 3126 Sic
955 3055 1057 3124 lulius
1075 3055 1206 3124 Solinus
1227 3059 1262 3121 in
1285 3057 1354 3124 col·

331 3161 415 3229 lecta
449 3186 560 3229 rerum
589 3161 850 3229 memorabilium
880 3180 971 3228 -et
998 3160 1187 3228 lassorum,
1214 3162 1354 3251 inquit,

330 3268 435 3357 capita
457 3266 607 3334 clunibus
634 3269 803 3358 pervices
828 3269 999 3334 sustinent.
1023 3302 1044 3316 -
1068 3266 1181 3333 Nudus
1204 3316 1214 3348 ,
1241 3266 1351 3349 udus,

330 3373 592 3458 ludus,mutus,
611 3390 732 3457 nutus,
751 3390 864 3453 tutus,
885 3372 967 3441 fotus
985 3423 996 3458 ,
1017 3371 1127 3457 lotus,
1151 3390 1259 3439 totus,
1283 3397 1351 3440 mo·

331 3498 399 3562 tus,
422 3497 540 3561 notus,
563 3476 666 3545 nodus
682 3528 692 3562 ,
711 3479 797 3546 uisus
813 3529 823 3562 ,
838 3479 945 3561 risus,
971 3482 1079 3560 visus,
1101 3477 1203 3547 frctus
1220 3527 1230 3559 ,
1257 3501 1355 3566 spre-

331 3603 408 3668 tus,
430 3600 562 3666 cretus,
581 3581 734 3667 fulmen,
756 3583 889 3667 famen,
916 3587 1036 3652 flamen
1064 3584 1098 3649 id
1125 3601 1171 3650 cst
1198 3583 1350 3650 sacerdos
1392 3598 1403 3669 1

331 3689 481 3772 delubri,
495 3714 615 3757 numen
627 3739 637 3772 ,
650 3688 780 3759 lumen,
797 3713 932 3773 rumen,
946 3689 1074 3779 plemen
1090 3738 1100 3773 ,
1128 3689 1229 3756 limen
1251 3737 1262 3772 ,
1285 3690 1357 3754 cri-

329 3819 408 3865 men
421 3845 431 3880 ,
446 3797 555 3863 rimu
570 3844 581 3879 ,
599 3819 754 3888 gramen,
778 3814 914 3864 atamen.
931 3796 1029 3865 Unde
1049 3798 1200 3863 Lucanus
1223 3794 1263 3863 dc
1289 3796 1361 3863 01·-

329 3900 414 3992 pheo
426 3939 440 3950 ·
451 3924 557 3981 nunc,
569 3901 679 3991 iuquit
689 3948 698 3983 ,
709 3899 821 3990 plenas
837 3925 972 3991 postumo
987 3899 1073 3966 colas
1089 3918 1120 3968 at
1132 3902 1270 3967 stamina
1282 3902 1359 3968 Par·

333 4033 390 4075 cae
403 4045 420 4058 -
434 4006 602 4102 multaque
624 4005 738 4075 delatis
764 4009 938 4077 haeserunt
959 4008 1085 4075 saecula
1110 4008 1185 4076 filis.
1200 4046 1216 4057 -
1238 4011 1267 4076 Α
1289 4035 1362 4099 pro·

320 4104 515 4184 'nominibus
534 4139 665 4207 quoquo
692 4115 852 4184 trochaici
873 4117 973 4206 pedet
995 4115 1179 4182 formantur
1202 4118 1360 4205 position·

1027 4240 1068 4306 35
