3382 5206
798 607 822 655 '⁵'
1335 613 1402 713 387

552 751 836 870 SANCTI
878 749 1285 868 ALDHELMI
1462 777 1618 830 rer-‘'¹¹-

531 919 786 1045 oniscon
824 961 1310 1049 scurnuouueusts

460 1150 525 1225 DE
553 1150 788 1228 BASlLlCA
816 1152 1124 1261 AEDIFICATA
1153 1155 1186 1228 A
1213 1154 1382 1234 BUGGE
1431 1198 1435 1205 ·

629 1367 739 1425 rum
769 1368 888 1426 necis
921 1344 1145 1456 incurios(
1177 1343 1206 1461 ).

411 1605 510 1740 Hoc
528 1673 686 1763 templum
702 1679 812 1767 Bngge
830 1676 945 1766 pulcro
960 1677 1126 1744 molimine
1140 1693 1298 1745 structum

407 1779 536 1847 Nobilis
553 1781 655 1847 erexit
673 1783 826 1848 Centuiui
843 1782 910 1848 lilia
928 1787 1038 1872 regis,

405 1887 467 1971 Qui
490 1886 579 1974 prius
600 1888 773 1976 imperinm
796 1892 960 1956 Saxonum
987 1891 1048 1955 rite
1067 1888 1225 1979 regebat,

405 1991 516 2060 Donec
534 1996 712 2080 proesentis
740 2013 969 2082 contempnens
992 1993 1134 2060 culmina
1163 1997 1283 2084 regui,

350 2096 379 2157 5.
405 2099 545 2164 Divicias
566 2100 680 2165 mnndi
709 2126 887 2193 rerumque
914 2101 1050 2193 reliquit
1074 2101 1244 2184 habenas,

402 2204 549 2272 Plurima
575 2208 718 2274 basilicis
744 2207 927 2297 inpendens
954 2232 1031 2273 rura
1055 2206 1216 2291 novellis,

404 2312 474 2393 Qua
493 2337 580 2379 mure
602 2312 819 2380 Christicolae
838 2329 969 2378 servant
988 2315 1163 2378 monastiea
1183 2315 1264 2381 iura.

403 2414 486 2480 Exin
508 2436 664 2485 sacratam
692 2419 834 2508 perrexit
856 2443 1014 2507 quaerere
1037 2420 1161 2499 vitam,

401 2521 488 2587 Dum
514 2526 681 2613 proprium
707 2525 828 2614 linquit
851 2525 974 2590 Christi
996 2527 1208 2611 pronomine
1232 2547 1394 2612 regumn,

326 2651 373 2695 to.
398 2628 461 2709 Qui
490 2647 596 2695 tamen
620 2647 694 2694 ante
714 2629 817 2693 trihus
847 2630 943 2717 gessit
967 2629 1145 2693 certamina
1175 2628 1312 2716 pugnis,

398 2734 438 2799 Et
459 2738 559 2802 ternis
578 2739 701 2827 pariter
721 2734 859 2803 coniecit
881 2733 966 2800 bella
989 2735 1171 2824 triumphis.

395 2840 451 2906 Sic
469 2845 551 2907 rexit
575 2867 711 2942 reguum
732 2841 844 2932 plures
872 2842 1008 2908 feliciter
1032 2868 1163 2924 enims,

393 2945 506 3011 Donec
533 2971 707 3013 conversus
727 2944 843 3028 cellam
865 2949 1017 3037 migrarit
1042 2950 1075 3012 in
1103 2946 1232 3012 almam.

395 3050 476 3118 lude
498 3053 578 3139 petit
604 3078 735 3142 superas
760 3057 881 3122 meritis
908 3054 1159 3143 splendentibus
1181 3078 1271 3119 arces

475 3220 520 3286 (ι)
542 3221 643 3272 Partem
655 3221 758 3274 brevem
769 3223 848 3276 huius
863 3223 1004 3279 carminis.
1023 3219 1246 3291 corruptissimum
1263 3218 1368 3286 insuper
1384 3234 1414 3267 nc

395 3304 591 3373 perturbatam.
611 3308 696 3359 edidit
716 3309 836 3362 Bnlntins¹
855 3310 896 3362 ed·
914 3329 972 3362 nor·
988 3308 1098 3362 illiscell·
1113 3307 1144 3358 Τ.
1162 3307 1208 3358 tr.
1223 3324 1247 3375 p·
1265 3305 1416 3373 14-l'erpc·

394 3409 446 3441 rnm
462 3404 548 3443 alitem
564 3392 590 3443 id
604 3412 706 3445 carmen
723 3393 875 3448 adtribuere
890 3414 949 3447 eum
964 3395 1075 3449 Walnlr.
1090 3393 1231 3450 Straboni,
1247 3391 1294 3460 qni
1310 3388 1414 3442 duabu*

394 3488 451 3546 post
462 3479 557 3530 l'ninm
572 3497 654 3543 regem
668 3480 777 3532 carmini
790 3472 915 3534 coaevum
930 3481 1040 3533 saeculis
1054 3481 1157 3535 lloruit,
1172 3489 1242 3530 recte
1253 3475 1414 3527 animadver-

394 3566 428 3616 tit
442 3567 586 3629 annugins
603 3569 628 3618 in
644 3569 733 3619 Ceteris.
748 3569 780 3620 T.
793 3569 825 3620 ll.
836 3567 919 3640 procl.
931 3569 963 3620 ad
976 3567 1064 3621 Strnlr.
1075 3588 1101 3638 p·
1119 3565 1175 3621 181·
1189 3567 1273 3618 lllnlto
1285 3562 1413 3628 integrius

393 3653 442 3705 hoc
462 3673 565 3708 cnrrnen
586 3657 679 3720 legitur
701 3658 768 3709 inter
787 3658 923 3728 supposita
945 3657 1058 3710 Alcnino
1079 3654 1110 3706 T.
1131 3656 1165 3705 ll.
1185 3674 1210 3725 p·
1230 3651 1302 3723 5493
1324 3650 1366 3702 Srd
1386 3659 1413 3701 el

393 3741 431 3792 ibi
452 3743 560 3795 luennac
580 3744 679 3812 aliquot
702 3756 820 3800 restent.
840 3757 866 3797 et
888 3744 967 3797 [alsae
987 3745 1084 3795 multae
1107 3741 1261 3796 scribuntur
1280 3739 1413 3790 lectiones·

391 3829 444 3894 Ego
468 3830 582 3899 deniqne
611 3831 636 3882 in
663 3843 749 3883 vetere
777 3831 917 3885 admodum
942 3833 1066 3885 vaticano
1091 3830 1182 3883 rodim
1207 3839 1263 3880 tum
1284 3825 1414 3888 integrum

390 3933 535 3986 senumque
548 3938 668 3978 carmen,
682 3931 737 3973 tum
749 3938 838 3972 verum
851 3920 968 3972 eiusdem
983 3929 1133 3972 auctorem.
1152 3911 1312 3987 deprehendi
1327 3929 1350 3964 s·
1366 3926 1412 3962 rr.-

391 4021 542 4063 nnstnnu.
562 4009 604 4059 cui
624 4010 723 4063 diserte
743 4009 913 4066 inscribitur.
931 4009 1031 4081 qnippe
1045 4006 1092 4076 qui
1106 4020 1198 4077 reapse
1217 4002 1285 4057 Yuio
1304 4018 1412 4070 regnan·

395 4095 528 4151 revixit,
548 4108 578 4149 ut
600 4097 706 4168 ipsemet
726 4098 753 4151 in
773 4099 890 4152 carmine
909 4098 1040 4150 adfirmat.

1038 4214 1131 4319 25ιὶι
