3382 5206
496 586 500 595 ,
593 523 671 588 255²
826 604 833 616 ,
911 536 1142 590 umnam
1167 535 1211 588 ao
1233 538 1277 587 aa

567 635 770 709 ,nominibus
798 635 1022 726 copulantur,
1047 655 1081 704 ut
1108 635 1286 729 garrulus,
1306 633 1507 727 squalida,
1529 635 1628 704 luri-

584 741 654 808 dos.
679 742 760 807 Item
775 741 915 830 populus
933 744 960 807 si
980 740 1022 807 ad
1042 741 1195 810 arborem
1214 743 1358 833 pertinet
1374 738 1529 832 dactjlus
1547 759 1626 808 eat,

584 861 622 910 ut
635 881 653 894 ·
666 844 805 935 populus
822 845 961 914 Alcidae
975 848 1171 938 gratissimas
1186 847 1258 913 vitis
1274 845 1402 914 Iaccho.
1429 881 1447 894 -
1466 848 1512 913 Et
1526 845 1626 912 ·sstt·

586 948 672 1019 liber
696 952 922 1045 georgicorum
947 987 964 1000 -
988 951 1094 1042 qualia
1116 950 1258 1042 populea
1280 973 1428 1018 maerens
1447 945 1626 1037 philome-

567 1056 618 1124 la
632 1059 692 1125 sub
708 1058 837 1127 umbra.
863 1095 879 1108 -
901 1057 937 1126 Si
958 1057 1099 1149 populns
1118 1057 1213 1149 plebs
1234 1073 1304 1143 est,
1327 1054 1517 1122 tribrachus
1533 1058 1624 1122 erit,

566 1181 623 1230 .ut
647 1201 665 1213 ·
693 1189 801 1234 mores
827 1184 860 1232 et
885 1164 992 1233 studia
1019 1183 1053 1234 et
1077 1164 1212 1255 populos
1238 1180 1272 1230 et
1296 1159 1417 1253 proelia
1448 1159 1576 1228 dicam.
1603 1199 1621 1211 ·

587 1270 669 1337 ltem
682 1289 819 1341 neutras
836 1288 872 1338 ut
887 1269 1077 1356 vinculum,
1094 1269 1296 1361 simpulum,
1317 1266 1507 1360 serpulum,
1523 1291 1625 1359 aym-

586 1372 726 1461 bolum,
750 1374 955 1467 cymbalum,
979 1393 1188 1466 tympanum,
1211 1372 1402 1442 arculam,
1424 1370 1624 1455 nabulum,

587 1477 715 1549 litium,
738 1482 922 1572 spiculum,
947 1481 1154 1566 crustulum,
1177 1479 1379 1548 Tusculum,
1402 1477 1620 1570 plusculum,

590 1584 801 1655 clanculum,
826 1588 1014 1674 ferculum,
1036 1590 1196 1655 sucinum.
1219 1586 1317 1655 Unde
1339 1587 1450 1653 lunius
1476 1587 1621 1651 luvena-

587 1689 627 1758 lis
647 1695 802 1783 satyricos
824 1693 911 1760 libro
934 1694 1005 1759 ·lll·
1027 1730 1045 1745 ·
1067 1719 1108 1763 en
1133 1694 1186 1759 cui
1212 1709 1246 1758 tu
1269 1692 1407 1759 viridem
1426 1688 1619 1758 umbellam

587 1813 621 1863 et
633 1799 742 1865 sucina
757 1800 865 1866 mittis.
882 1836 900 1848 ·
912 1800 961 1866 De
979 1824 1044 1889 quo
1064 1798 1187 1867 Plinius
1204 1796 1373 1892 Secundus
1396 1795 1548 1888 physicas
1567 1820 1620 1862 re

589 1925 664 1972 rum
685 1904 836 1970 historias
856 1907 1016 1995 sagaciter
1036 1905 1210 1996 explanans
1229 1904 1316 1974 libro
1334 1905 1461 1972 dlxx.
1481 1906 1530 1971 sic
1548 1906 1620 1970 ait:

588 2011 902 2099 Transpadanorum
916 2013 1098 2103 agrestibus
1112 2011 1240 2079 feminis
1255 2011 1430 2081 monilium
1444 2013 1519 2078 vice
1530 2013 1620 2078 suci·

591 2142 632 2183 na
647 2119 854 2208 gestantibus.
877 2154 893 2168 -
910 2120 952 2184 Et
965 2115 1050 2185 infra
1063 2155 1085 2169 -
1100 2119 1239 2187 sucinis,
1256 2117 1385 2209 inquit,
1397 2115 1618 2196 inficiuntur-3

590 2238 736 2289 ceterum
761 2225 874 2290 attritu
903 2222 1081 2314 digitorum
1106 2239 1239 2312 accepta
1264 2221 1372 2288 anima
1400 2219 1518 2288 caloris
1541 2240 1621 2288 trae

589 2325 673 2394 bunt
699 2330 734 2394 in
757 2353 792 2396 se
814 2328 924 2419 paleas
947 2353 985 2396 ac
1011 2327 1088 2395 folia
1112 2326 1229 2396 aridas
1250 2347 1285 2394 ut
1309 2350 1439 2419 magnes
1461 2326 1618 2396 ferrum,

591 2431 784 2525 etreliqua.
808 2469 829 2483 -

559 2576 564 2588 ·
591 2568 597 2573 ·
659 2538 751 2608 Solet
779 2542 877 2608 etiam
904 2539 1091 2634 dactylosa
1122 2543 1310 2610 nominibus
1331 2540 1455 2631 figurae
1482 2565 1617 2631 compo·

590 2647 669 2714 sitae
690 2649 886 2736 pmvenires
918 2647 1051 2738 quando
1072 2672 1089 2711 a
1114 2649 1293 2716 verborum
1324 2645 1618 2736 significationibus

591 2775 670 2841 gero
704 2770 736 2817 et
769 2776 843 2820 sero
872 2772 1130 2842 conponuntur,
1155 2772 1189 2820 ut
1220 2755 1365 2842 setiger,
1388 2756 1616 2845 squamiger,

592 2857 759 2944 turriger,
783 2859 944 2947 naviger,
965 2859 1170 2950 flammiger,
1193 2857 1354 2948 belliger,
1378 2857 1538 2947 floriger,
1562 2856 1618 2925 fu-

591 2958 711 3028 mifer,
733 2961 912 3047 somnifer,
935 2961 1098 3054 pinnifer,
1121 2963 1248 3055 aliger·
1271 2963 1429 3055 ferriger,
1452 2961 1617 3031 furcifer,

589 3060 726 3133 fatifer,
755 3068 931 3160 corniger,
958 3065 1119 3154 crinifer,
1138 3069 1282 3158 armiger
1297 3107 1308 3138 ›
1331 3067 1490 3159 pomifer»
1516 3071 1620 3135 astri-

410 3174 568 3227 *natasset
591 3170 658 3240 fer,
678 3173 825 3261 ostrifer,
840 3177 983 3245 umbifer
1002 3179 1042 3247 *2
1062 3175 1248 3269 grandifer,
1267 3177 1416 3246 buxifer,
1432 3175 1617 3268 spumifer,

589 3277 725 3348 lotifer,
751 3279 888 3366 lanifer.
917 3284 965 3350 Ut
991 3322 1007 3333 -
1032 3283 1197 3376 lanigerae
1220 3285 1363 3375 pecudes
1389 3303 1421 3352 ct
1449 3308 1617 3376 equorum

592 3384 734 3453 duellica
748 3387 856 3478 proles
880 3426 914 3457 ·‚
939 3404 972 3458 Δ.
988 3391 1194 3476 Quadrifaria
1215 3393 1479 3482 coniugationom
1499 3390 1619 3457 discri-

591 3495 681 3560 mina
702 3513 834 3584 possunt
857 3521 898 3564 ne
914 3495 1076 3591 dactylico
1092 3499 1170 3590 pedi
1191 3496 1387 3591 regulariter
1401 3495 1616 3589 congruere?

593 3611 634 3667 M.
659 3602 775 3670 Omnis
795 3603 930 3695 quidem
953 3608 1215 3696 coniugationum
1240 3605 1480 3696 quadripertita
1505 3607 1619 3697 qnali-

593 3722 641 3774 tss
655 3725 865 3798 conpetenter
886 3708 1016 3802 dactylo
1038 3715 1260 3804 mancipator,
1276 3728 1312 3776 ut
1331 3712 1494 3780 verbero,
1512 3730 1619 3780 stran-

591 3809 692 3900 gulo,
716 3810 863 3900 postulo,
886 3816 1034 3904 castigor·
1048 3818 1206 3899 mastico,
1229 3816 1356 3884 bosio,
1378 3817 1532 3904 pastino,
1556 3823 1620 3886 mi·

590 3909 667 3979 lito,
686 3911 817 3982 exsulo,
840 3917 992 4004 pectinos
1017 3921 1148 4009 navigo.
1169 3920 1218 3988 Ut
1240 3956 1257 3969 -
1279 3942 1357 4010 gena
1375 3919 1513 3986 inimica
1533 3921 1620 3988 mihi

591 4033 762 4110 tyrranum
788 4022 919 4114 navigat
945 4048 1076 4116 aequor.
1100 4060 1122 4076 ·
1149 4026 1331 4096 commeo,
1354 4048 1494 4113 recreo,
1516 4031 1620 4098 remi·
