3382 5206
590 621 818 675 casunarrcs
843 625 888 671 ar
912 624 1077 673 nursica·
1263 605 1326 671 5a3

328 742 434 794 meter
459 726 638 808 iambicus,
659 726 767 815 quiet
788 724 955 790 cenamus»
981 724 1038 816 qui
1063 742 1188 792 constat
1213 750 1249 794 er
1275 728 1350 793 siui-

326 829 467 920 plicibus
489 854 562 913 sex,
584 829 738 920 idemque
762 818 1008 917 ex'duplicibns
1027 830 1186 899 trimeter.
1207 843 1240 896 A.
1264 831 1351 917 Quid

329 961 407 1027 ergo
426 937 450 1003 si
476 957 585 1003 veram
608 932 798 1022 hexameter
812 959 866 1002 sex
892 933 1062 1023 spondaeis
1084 938 1282 1023 antistites-it,
1297 950 1352 1028 po

329 1042 404 1125 terit
424 1040 487 1106 dici
514 1036 721 1132 dactylicus.⁹
736 1040 782 1104 M.
797 1040 947 1107 Vocatur
972 1039 1107 1130 quidem
1133 1039 1351 1129 spondiazon,

330 1145 387 1211 sed
403 1163 544 1212 metrum
559 1144 777 1235 daetlyicum,
796 1169 871 1211 nam
895 1145 1052 1213 eiusmodi
1074 1150 1251 1237 conpositio
1275 1174 1354 1215 nou-

330 1250 391 1317 nisi
421 1251 456 1315 in
488 1249 686 1342 dactylicum
713 1268 854 1316 metrum
880 1251 977 1316 cadit.
1320 1254 1323 1258 ’

375 1367 409 1422 Δ.
424 1357 486 1441 Qui
501 1371 573 1423 sunt
589 1378 696 1422 versus
708 1354 885 1421 hexametri
903 1352 1078 1446 dactylici?
1092 1356 1138 1423 M.
1149 1358 1211 1442 Qui
1226 1373 1354 1424 tantum

329 1485 383 1528 aex
397 1459 535 1549 pedibus
550 1459 718 1551 dactylicis
730 1474 896 1541 constant,
911 1477 1040 1547 practer
1055 1458 1139 1528 bella
1155 1477 1189 1527 et
1202 1458 1284 1527 lacta
1299 1461 1353 1529 he·

332 1588 424 1630 roam
439 1563 611 1656 quodlibet
625 1563 715 1629 alind
736 1567 960 1648 continentes,
974 1581 1009 1630 ut
1023 1583 1099 1654 puta
1115 1583 1188 1632 snut
1203 1565 1353 1633 bucolica

329 1687 360 1737 ct
375 1673 523 1760 georgica
540 1689 715 1760 octonaque
729 1670 924 1737 huiusmodi.
950 1684 984 1736 A.
1008 1674 1069 1757 Qui
1084 1691 1155 1739 suut
1172 1673 1352 1741 hexametri

332 1774 481 1847 heroici?
497 1778 542 1842 M.
558 1777 619 1861 Qui
637 1775 723 1842 bella
740 1793 772 1841 et
792 1776 928 1842 heroum
945 1802 997 1842 res
1015 1797 1120 1870 gestas
1143 1776 1354 1868 conplectun-

333 1900 407 1967 tur,
434 1904 464 1951 et
498 1881 603 1950 veluti
634 1899 681 1949 est
708 1881 778 1948 ilias
809 1884 942 1950 liomeri
973 1883 1026 1950 vel
1055 1890 1162 1953 aeueis
1191 1886 1353 1977 Vergilii,

331 1988 382 2054 rel
409 1989 531 2054 Lucani
552 1986 677 2078 proelia
701 1988 846 2056 Caesaris
866 2004 897 2054 et
920 1990 1057 2079 Pompei
1083 1990 1293 2059 damnantis.
1319 2004 1354 2057 A.

329 2095 406 2180 Quis
429 2112 474 2162 est
501 2119 557 2183 pes
579 2091 740 2186 quintus?
769 2096 815 2160 M.
840 2094 1004 2188 Dactylus.
1029 2109 1063 2158 A·
1086 2097 1196 2179 Quare
1223 2098 1355 2188 quintus

332 2202 464 2294 dactylo
488 2198 658 2291 conpetit?
684 2202 730 2268 M.
755 2203 838 2286 Quia
862 2226 989 2290 semper
1010 2204 1045 2269 in
1070 2226 1188 2286 versu,
1213 2206 1356 2293 exceptis

330 2309 401 2375 aliis
424 2309 503 2376 locis
526 2310 647 2401 quibus
663 2310 751 2375 varie
765 2312 916 2399 ponitur,
936 2311 1083 2401 quintam
1100 2311 1265 2401 regionem
1280 2294 1353 2399 pro·

330 2417 401 2503 prie
424 2415 569 2496 obtinet,
585 2417 762 2505 minusque
784 2412 868 2480 lenis
893 2432 938 2483 est
955 2438 1065 2481 versus
1089 2416 1144 2504 qui
1173 2415 1287 2505 quinto
1308 2413 1354 2480 lo·

332 2546 369 2585 eo
392 2518 594 2609 spondaeum
618 2518 794 2603 babuerit,
815 2535 846 2585 et
863 2535 997 2586 vocatur
1013 2521 1234 2609 spondiazon,
1263 2537 1297 2585 ut
1310 2519 1353 2585 il·

330 2627 361 2694 le
382 2662 429 2679 -··
449 2644 506 2692 aut
534 2625 620 2694 leves
651 2648 761 2692 ocreas
792 2623 882 2693 lento
921 2625 1045 2693 ducunt
1075 2644 1220 2718 argento.
1244 2664 1291 2679 -
1313 2626 1354 2692 Et

331 2732 404 2799 ideo
427 2732 543 2799 necin
572 2732 635 2797 bne
663 2729 811 2823 dactylus
835 2730 933 2798 debet
956 2734 1056 2821 poni,
1071 2733 1153 2798 sicut
1177 2758 1237 2797 nec
1256 2757 1356 2822 spou-

331 2837 428 2904 daeus
457 2838 489 2901 in
521 2837 636 2928 quinto
661 2836 763 2904 loco:
794 2835 936 2928 ideoque
957 2837 1137 2927 spondaeus
1166 2862 1184 2902 a
1216 2838 1356 2929 quibua·

331 2940 406 3006 dam
433 2943 517 3008 imus
542 2966 597 3030 pes
622 2943 892 3032 cognominatur,
922 2941 1011 3033 quod
1040 2943 1205 3032 regionem
1233 2960 1354 3008 sextam

329 3046 392 3111 sibi
418 3045 571 3113 vindicet.
596 3060 630 3113 A.
654 3049 717 3132 Qui
742 3046 857 3113 modus
886 3065 932 3114 est
962 3045 1166 3139 syllabarum
1196 3049 1227 3112 in
1258 3070 1354 3112 versu

330 3150 517 3217 hexametro
538 3150 721 3244 dactylicos
744 3154 809 3219 sire
823 3153 1011 3221 hexametro
1024 3149 1185 3224 heroico?
1210 3154 1258 3219 M.
1275 3154 1354 3219 Oru-

330 3255 378 3319 uis
401 3278 510 3321 versus
536 3255 722 3323 hexameter
748 3256 929 3348 dactylicus
958 3259 1029 3323 sive
1049 3255 1202 3322 heroicus
1226 3282 1244 3321 a
1268 3257 1352 3322 duu-

330 3360 435 3425 ‹lecim
459 3359 593 3453 syllabis
616 3364 730 3427 crescit
750 3388 853 3453 usque
877 3362 919 3427 ad
938 3361 1051 3428 decem
1069 3380 1098 3429 et
1118 3380 1253 3452 septem.
1270 3364 1353 3428 Nam

331 3467 386 3552 qui
402 3467 571 3530 imusasts
600 3466 700 3532 habet
720 3466 861 3559 syllabas
885 3490 951 3533 arun
978 3469 1086 3532 naiuus
1110 3490 1210 3558 quam
1234 3466 1356 3533 duode-

330 3572 403 3634 cim.
429 3582 463 3634 A.
489 3569 575 3652 Quid
601 3568 707 3662 ergo?
731 3572 850 3637 Nnuc
864 3569 1061 3661 plerumque
1086 3572 1267 3636 invenimus
1285 3595 1355 3636 rer·

328 3701 399 3744 sum
433 3677 571 3743 ·XVlll·
597 3694 651 3742 aaut
678 3678 829 3747 ·Xl⁷llll·
857 3704 912 3746 seu
941 3678 1032 3743 ·XX·
1054 3674 1288 3770 syllabarum?
1316 3692 1352 3741 ut

327 3801 399 3849 suut
425 3784 489 3848 liii:
513 3823 558 3835 -
578 3782 633 3849 sed
659 3809 812 3852 resarcare
833 3784 971 3875 gradum
991 3807 1191 3875 superasque
1210 3782 1351 3851 evadere

327 3887 368 3950 ad
397 3911 501 3952 auras.
522 3924 567 3942 -·
588 3891 669 3956 lteru
696 3927 742 3941 -
772 3890 881 3954 laurus
912 3909 980 3956 erat
1009 3890 1089 3956 teeti
1116 3890 1151 3954 iu
1178 3886 1286 3955 medio
1313 3890 1347 3952 iu

326 3992 549 4083 penetralibus
572 3993 654 4061 altis.
678 4030 725 4046 ·-
739 3997 820 4062 ltem
837 4032 884 4048 ·-
903 4013 958 4063 aut
980 4020 1077 4063 onera
1100 3994 1266 4085 accipiunt
1290 4018 1348 4059 ve·

324 4100 472 4165 nieutum
491 4114 523 4163 et
547 4100 675 4189 agmine
705 4096 798 4168 sacto.
821 4136 868 4152 —
890 4103 974 4168 ltem
998 4137 1045 4163 -ι
1071 4124 1146 4167 cara
1169 4098 1251 4166 mihi
1275 4115 1350 4165 ante
