3382 5206
352 549 422 642 428
685 573 857 627 tonsurus
881 575 984 625 scort

330 679 492 747 Invidiam
516 685 666 750 miseram
689 680 828 749 fratrum
851 703 1046 772 saevumque
1069 679 1215 749 furorem
1235 687 1310 767 (ι),

395 786 546 877 Digneris
567 803 663 876 pacto
686 785 876 854 mollificare
898 804 962 852 tuo.

326 887 373 957 At
395 914 436 956 ne
462 889 646 957 disturbent
668 890 825 958 luctantia
849 889 964 956 fraude
986 888 1144 982 maligna,

394 991 500 1063 Aufer
523 994 564 1063 de
588 998 653 1062 vita
675 998 797 1064 semina
820 995 995 1085 nequitiae.

322 1100 462 1169 Hostiles
486 1102 610 1169 auimos
632 1125 823 1194 paganaque
845 1119 951 1168 rostra
971 1098 1129 1190 repellens
1153 1099 1229 1190 (a),
1392 1100 1446 1166 55.

392 1209 442 1273 Da
464 1231 581 1297 pacem
604 1207 724 1297 populo
750 1209 808 1299 qui
831 1225 887 1273 tua
910 1209 981 1273 iura
1006 1205 1093 1274 colit.

323 1311 421 1378 Nunc
445 1311 589 1379 reditum
614 1310 727 1380 Kar-oli
752 1309 954 1395 celebremus
978 1313 1125 1380 carmine
1146 1331 1266 1404 grato:

392 1418 470 1483 Post
493 1415 612 1483 multos
634 1417 771 1506 gemitus
791 1415 909 1506 gaudia
933 1434 1044 1482 nostra
1065 1418 1181 1485 nitent.

325 1524 387 1612 Qui
410 1522 487 1591 lacti
512 1520 639 1589 fueraut
663 1539 857 1612 quaerentes
879 1537 988 1589 extera
1011 1544 1130 1613 regua,

394 1625 472 1693 Alae
497 1628 657 1716 arripiunt
679 1651 758 1715 quas
782 1624 875 1692 dedit
897 1627 967 1716 ipsa
990 1625 1076 1716 fuga·
1384 1627 1440 1693 60.

325 1732 437 1826 Atque
460 1759 563 1824 pavor
579 1735 713 1803 validus
736 1734 911 1800 titubantia
935 1752 1068 1823 pectora
1097 1732 1237 1803 turbans
1371 1748 1373 1752 '

393 1839 570 1931 Compellit
593 1841 716 1910 Karolo
739 1844 854 1906 territa
878 1839 973 1906 dorsa
997 1838 1087 1906 dare.

324 1944 420 2011 Eheu
445 1970 544 2036 quam
568 1948 671 2035 turpis
696 1942 864 2012 confundit
888 1943 988 2012 corda
1011 1942 1152 2033 cupido,

391 2049 536 2138 Expulso
559 2051 693 2119 Christo
715 2049 847 2118 sedibus
870 2050 1091 2139 ert-propriis!

323 2156 354 2222 0
378 2159 502 2223 utinam
526 2155 718 2226 llluduwice
734 2153 785 2248 (3)
810 2157 959 2244 tuis‘pax
983 2172 1064 2223 esset
1086 2158 1120 2221 in
1144 2157 1229 2242 oris,
1376 2162 1434 2228 65.

389 2264 475 2349 Quas
498 2262 559 2327 tibi
584 2261 750 2329 distribuit
772 2263 829 2351 qui
852 2262 937 2352 regit
960 2283 1056 2342 omne
1078 2259 1198 2327 simul!

395 2408 435 2483 (r)
455 2411 524 2463 Satis
543 2409 610 2462 hacc
628 2420 692 2464 nota
710 2421 773 2463 sunt
790 2427 824 2461 ca
841 2410 955 2464 historia
974 2409 1065 2463 Karoli
1090 2411 1185 2476 Calvi3
1210 2379 1260 2481 qui
1286 2415 1346 2486 pri-

328 2515 399 2551 mum
418 2498 545 2551 societate
564 2514 623 2548 cum
641 2496 723 2549 fratrc
737 2496 872 2549 Ludovico
891 2495 979 2553 inita.
998 2499 1130 2568 pugnavit
1149 2499 1278 2560 acerrime
1298 2501 1347 2552 ad-

325 2603 416 2640 versus
435 2584 544 2638 fratrem
561 2585 727 2645 Hlotariutn3
747 2584 844 2637 deinde
867 2586 949 2638 etiam
975 2586 1138 2640 Ludovicum
1163 2587 1266 2641 bostem
1291 2588 1345 2641 ba·

324 2673 394 2726 buit·
414 2673 491 2725 Undc
510 2671 649 2741 rhythmus
668 2669 740 2741 apud
759 2669 899 2726 hlabillon·
919 2673 1007 2724 annal.
1025 2675 1089 2726 Ben·
1113 2673 1146 2724 Τ.
1164 2674 1204 2724 11.
1224 2677 1343 2745 append.

235 2756 242 2782 ·’
324 2779 350 2832 p·
369 2777 432 2834 701·
451 2762 502 2811 llt'c
526 2760 643 2811 Carolus
662 2757 877 2827 cumfratribus
895 2786 933 2798 -
949 2758 1057 2809 Bellum
1080 2760 1191 2832 gerebat
1216 2764 1342 2824 saepius.

322 2847 415 2900 Scotus
435 2855 521 2897 noster
541 2843 568 2896 in
597 2843 708 2915 epistola
727 2841 761 2893 ad
780 2843 905 2895 Karolum
931 2845 1083 2915 praeposita
1109 2843 1237 2912 Dionysio
1262 2859 1345 2901 vocat

323 2935 389 2986 haec
407 2934 474 2986 bella
490 2935 555 3001 plus
574 2950 656 3002 quam
675 2933 772 2982 civilia
788 2942 837 2987 ,ut
856 2931 985 2998 significet
993 2932 1137 3003 fraterna·
1151 2934 1253 2984 Extant
1267 2935 1345 2987 deni-

323 3039 376 3091 quc
386 3022 419 3073 dc
430 3022 471 3073 his
483 3019 623 3072 discordits
632 3017 762 3088 bellisque
772 3018 853 3072 ctiam
865 3019 1001 3070 llincmari
1011 3020 1216 3071 remcusisvaria
1225 3021 1338 3093 scripta.

394 3111 435 3183 (a)
458 3112 577 3178 lntclligc
596 3109 809 3167 Northmannos,
829 3110 863 3162 de
882 3127 994 3179 quorum
1016 3111 1212 3165 incursionibus
1231 3114 1260 3165 in
1280 3116 1346 3168 Gal·

322 3200 385 3252 liam
404 3211 530 3267 regnante
548 3200 645 3253 Karolo
663 3198 744 3252 Calvo
763 3197 856 3265 legeris
874 3198 1017 3253 chronicon
1035 3199 1203 3270 northmann·
1223 3201 1297 3270 apud
1311 3203 1344 3254 cl.

322 3286 454 3340 Pcrtzium
473 3303 587 3339 monum.
606 3285 670 3339 hist·
690 3284 813 3336 German.
832 3283 864 3333 T·
885 3286 914 3350 13
941 3285 1083 3356 praecipue
1102 3304 1162 3341 vero
1188 3288 1346 3341 relationem

323 3373 479 3427 historicam
499 3371 571 3442 apud
588 3371 707 3425 bolland·
728 3371 792 3422 maii
810 3370 843 3421 'l'-
862 3371 909 3423 VI·
928 3391 954 3443 p·
974 3389 1034 3447 797.
1054 3390 1113 3442 sqq.
1126 3373 1166 3424 De
1178 3372 1280 3427 Danis.
1293 3375 1345 3443 qui

320 3473 384 3517 aunt
409 3458 605 3515 Nortbmanni.
631 3459 763 3526 evangelii
787 3458 984 3529 praedicationi
1009 3458 1203 3514 obsistcntibus
1232 3462 1344 3514 consule

322 3548 464 3602 alcuinum
489 3566 552 3616 opp·
579 3547 610 3598 T·
631 3547 665 3600 ll·
690 3565 716 3615 p·
744 3543 802 3620 187·
831 3548 960 3618 Pogonus
987 3546 1089 3617 piratas
1114 3565 1197 3617 aeque
1222 3548 1344 3618 appellat

322 3636 451 3690 Alcuinus
473 3636 551 3706 epist.
570 3651 612 3706 pa·
638 3635 733 3688 Noster
752 3634 781 3684 in
799 3633 897 3700 graecis
915 3633 1037 3704 precibus
1056 3633 1091 3685 ad
1110 3633 1192 3685 Deum
1211 3653 1260 3706 pro
1285 3639 1346 3690 Ka.

321 3724 393 3778 rolo:
420 3724 489 3794 αῠτῷ
517 3723 639 3791 latrator
667 3719 786 3796 βάρβαρα
809 3724 886 3793 φῦλα.

395 3810 436 3885 (5)
458 3813 607 3866 Ludoricus
616 3849 625 3876 ,
644 3811 733 3863 Kuroli
754 3810 831 3864 Calvi
845 3811 943 3869 irater,
957 3811 1096 3865 Baioariae
1109 3830 1171 3871 rex.
1189 3831 1260 3867 anno
1280 3812 1347 3871 858.

323 3919 382 3953 cum
401 3902 519 3954 exercitu
541 3901 736 3972 impressionem
756 3901 784 3952 in
803 3899 917 3952 Galliam
937 3899 1001 3954 lecit
1026 3901 1150 3955 adversus
1175 3902 1348 3970 praedictum

319 3990 454 4043 Karolurn.
475 3989 596 4043 Ruodolf.
615 3990 692 4043 Fuld·
712 3991 800 4044 annal·
820 3991 848 4045 iu
867 4009 910 4060 op·
929 3989 975 4043 cit·
