3382 5206
717 586 860 636 ermon
888 586 925 648 ιι,
1242 562 1315 639 105
1408 568 1411 582 '

327 688 388 767 sol
407 688 485 766 Hoc
504 691 542 765 in
560 687 737 791 disyllabis
765 691 892 769 Cicero
919 691 1078 767 faciebat.
1106 691 1199 767 Item
1226 693 1262 766 in
1284 695 1343 768 tri-

327 809 515 908 syllabis:“
538 809 650 886 debeo
671 811 806 885 civssrus
826 839 940 886 meam
959 840 1036 886 rem
1055 806 1341 902 communemla‚

328 986 354 1018 „
378 958 445 1002 nec
464 931 641 1004 avaritiam
665 949 777 1005 secter
793 932 831 1005 in
856 933 1003 1033 propriis
1023 960 1063 1006 ee
1088 933 1238 1021 malam,
1266 962 1337 1006 neu

327 1105 353 1138 ‚‚
378 1048 536 1148 rapinam
553 1076 653 1149 agam
671 1050 709 1122 in
735 1050 887 1124 externis
907 1079 954 1127 re.
970 1107 996 1141 ‚,
1015 1048 1085 1123 Hic
1098 1048 1203 1122 findit
1213 1051 1338 1124 facere.

325 1166 374 1242 Et
398 1169 545 1248 iterum:
572 1183 596 1216 “
626 1198 731 1245 omne
750 1172 865 1244 visum
883 1172 926 1244 ab
945 1171 1088 1244 homine
1110 1197 1176 1242 ·cu·
1195 1168 1342 1243 delecta·

330 1342 354 1375 „
379 1286 471 1377 bile,
495 1305 622 1362 natura
647 1291 791 1388 fugante
813 1290 869 1391 ·pi·
890 1289 955 1389 ipsi
974 1289 1103 1383 indita;
1135 1316 1176 1361 ex
1205 1315 1277 1387 quo
1294 1292 1339 1388 (a)

330 1462 355 1495 ‚,
380 1435 453 1481 non
473 1425 588 1508 potest
601 1436 664 1481 ·ur·
684 1408 857 1510 cupidine
879 1436 1010 1484 carere.
1023 1465 1047 1498 ‚‚
1068 1405 1138 1482 Hic
1157 1407 1262 1481 findit
1282 1434 1341 1480 cu·

326 1529 430 1629 pitur.
451 1530 542 1603 Item
560 1548 759 1630 prosectam
779 1558 915 1633 prosam
933 1532 1019 1605 lecit
1036 1532 1142 1605 sic:“
1171 1530 1241 1603 lau·
1261 1557 1342 1603 eon·

330 1704 355 1737 ‚,
380 1665 534 1749 temptus
554 1651 724 1749 pecuniae
745 1651 808 1724 ·da·
822 1652 858 1723 in
878 1650 976 1724 omni
995 1649 1174 1723 molimine
1191 1649 1259 1721 ·ibi·
1278 1676 1341 1749 per

330 1821 355 1854 ‚,
380 1794 534 1840 amorem
551 1768 787 1871 philosophiae
801 1768 863 1841 ·lis·
875 1769 984 1842 menti
1007 1770 1068 1843 fiet
1080 1767 1212 1869 peritae
1227 1823 1253 1855 ‚,
1272 1767 1340 1841 hoc

328 1903 383 1959 est
401 1887 591 1963 laudabilis.

405 2006 439 2079 6.
466 2005 658 2081 Terentius
689 2023 822 2081 mutato
853 2034 977 2096 more,
1008 2006 1173 2106 syllabam
1202 2035 1243 2079 ex
1275 2005 1343 2078 hoc

325 2154 429 2201 versu
448 2130 606 2215 trahens,
628 2145 662 2201 et
682 2157 724 2201 ex
744 2129 803 2201 illo
823 2128 946 2218 aliam,
965 2127 1019 2200 vel
1038 2128 1272 2200 commutabat
1287 2124 1343 2198 vel

326 2248 507 2322 minuebat
525 2265 629 2348 atque
646 2247 819 2337 addebat,
840 2248 1038 2322 secundum
1048 2248 1184 2323 illud:“
1213 2262 1343 2345 tempo·

333 2424 357 2457 ‚,
385 2396 422 2441 ra
440 2395 532 2467 quae
552 2396 651 2466 ·prae·
669 2394 775 2441 suurn
802 2396 864 2442 suo
886 2370 950 2442 sub
977 2368 1055 2441 iure
1074 2369 1183 2441 finem
1200 2366 1344 2440 finitum
1376 2432 1390 2442 ..
1416 2453 1418 2456 Α

333 2542 358 2576 ,,
384 2486 449 2573 sibi
469 2503 573 2559 ·runt·
599 2486 722 2559 mundi
752 2513 916 2586 compage
944 2503 1125 2574 statuta„
1155 2483 1233 2558 Hoc
1264 2499 1343 2558 est:

327 2624 504 2706 quaerunt
521 2624 677 2706 tempora
698 2608 923 2706 praefinitum
941 2608 1057 2680 linem.
1076 2603 1169 2678 Item
1181 2617 1222 2683 :“
1245 2601 1341 2676 sortis
1391 2592 1396 2674 s

331 2783 356 2816 ‚‚
384 2753 503 2800 ensem
520 2724 660 2799 Aeneas
676 2729 764 2800 forte
782 2730 964 2827 portabat,
985 2726 1022 2798 in
1041 2753 1112 2798 ·nu·
1126 2722 1217 2824 pelta
1228 2721 1341 2796 fidens

332 2904 357 2938 ,‚
385 2875 458 2921 ·ma·
478 2864 553 2922 tuta
572 2847 640 2920 tela
658 2846 795 2920 vibrans
817 2848 866 2947 (b)
887 2847 1092 2934 vincebat„
1112 2842 1191 2917 Hoc
1210 2860 1264 2915 est
1283 2869 1342 2914 en-

329 2996 403 3042 sem
421 2969 459 3040 in
478 2995 585 3043 manu
604 2970 770 3068 portabat„
782 2967 895 3041 Varro
907 2994 1046 3068 quoque
1061 2964 1193 3038 litteras
1206 2961 1343 3036 ·X·ver·

328 3117 389 3162 aus
408 3104 544 3160 mutare
568 3087 663 3161 visus
684 3104 735 3159 est
765 3115 826 3188 per
849 3088 983 3176 denos,
1007 3084 1206 3159 secundum
1232 3082 1344 3158 iltud=

330 3222 355 3256 ‘¹
385 3208 546 3296 utinam,
566 3234 587 3279 o
605 3207 691 3296 viri,
711 3207 865 3280 dolorem
884 3234 946 3306 pro
964 3205 1084 3278 vestris
1096 3202 1146 3276 ·P·
1156 3203 1260 3276 sicuti
1279 3230 1343 3303 pro

331 3386 356 3419 ,‚
383 3355 447 3401 suo
467 3325 620 3424 genetrix
641 3343 744 3422 gnato
765 3326 915 3399 sustinet
935 3323 1005 3398 ·A·!
1032 3322 1124 3418 Quis
1146 3322 1241 3394 enim
1260 3321 1345 3394 sorti

329 3507 352 3538 .,
378 3475 451 3520 non
469 3445 564 3519 dolet
578 3445 694 3517 amico
722 3443 795 3533 ·T·‚
815 3471 898 3517 curn
925 3470 1008 3516 eum
1033 3444 1069 3515 in
1089 3441 1211 3516 multis
1229 3440 1345 3514 videat

331 3567 513 3658 „iniuste
542 3564 699 3663 torqueri
725 3562 802 3638 ·E·?
831 3562 908 3637 Cur
934 3591 1013 3659 ergo
1040 3590 1086 3634 ne
1113 3589 1171 3634 vos
1199 3560 1344 3661 quidem

330 3745 357 3778 „
381 3687 449 3758 hoc
470 3686 561 3757 iusto
584 3684 699 3758 vivitis
726 3684 858 3756 aflectu
878 3681 948 3773 ·R·‚
968 3699 1116 3755 vestram
1146 3698 1185 3755 ut
1205 3708 1268 3779 pro
1287 3708 1344 3753 ve-

332 3865 358 3899 „
385 3807 464 3879 stris
485 3807 554 3878 cito
580 3805 747 3877 hauriatis
770 3830 888 3902 gazam
908 3802 957 3875 E·
988 3801 1227 3890 redimendis,
1255 3828 1343 3902 quoa

331 3985 357 4016 „
382 3928 501 4026 iniqua
514 3925 734 4027 proripuerat
745 3923 873 4023 praeda
887 3922 969 4011 ·M·,
984 3923 1187 4024 iniquorum
1198 3922 1342 4011 ditioni,

409 4077 445 4137 p)
462 4076 514 4125 car.
532 4085 584 4135 qm.
616 4077 655 4138 (ι.)
673 4074 727 4118 coa.
744 4081 838 4118 amm.
