3382 5206
366 527 415 626 96

571 674 619 740 ΙΝ
642 673 824 743 NOMINE
847 675 924 744 DEI
938 673 1100 745 PATRIS

376 833 629 924 MARONIS
659 836 916 925 VERGILII
945 841 1294 930 ORDIUNTUR

685 965 994 1053 EPITOMAE.

629 1157 1040 1192 m

440 1264 637 1344 INCIPIT
664 1265 692 1342 1.
719 1264 787 1341 DE
816 1264 973 1341 VARIA
999 1264 1227 1346 RATIONE

591 1392 597 1402 '
664 1383 1004 1463 LATINITATIS.

407 1659 435 1705 1.
464 1539 605 1703 Toto
628 1621 773 1724 proficit
797 1622 837 1697 in
860 1624 943 1725 polo
968 1640 1114 1724 nostrae
1145 1651 1342 1700 connume-

321 1751 413 1827 ratio
424 1749 678 1837 litteraturae,
698 1745 785 1847 quia
799 1772 876 1820 non
887 1746 1129 1847 pecuniarum
1149 1764 1338 1821 contractu

325 1872 388 1947 aed
409 1868 608 1972 sapientiae
622 1882 778 1968 quaestu
790 1866 1060 1944 ratiocinamur.
1078 1863 1266 1967 Sapientia
1279 1897 1338 1941 au·

324 2010 398 2067 tem
416 2019 458 2065 ex
470 2015 593 2091 sapore
609 1987 661 2061 aie
673 1988 886 2062 nominatur
899 1989 972 2088 (ι),
992 1986 1078 2088 quia
1099 1986 1196 2061 sieut
1208 1987 1247 2058 in
1261 2017 1337 2061 cor·

320 2138 406 2213 pore
425 2109 467 2184 fit
486 2124 633 2206 gustus,
654 2103 756 2179 itaet
774 2104 815 2178 in
834 2102 975 2179 animae
996 2124 1100 2182 motu
1121 2106 1269 2208 quidam
1286 2136 1338 2180 sa-

320 2256 386 2331 por
406 2244 483 2317 eet,
504 2224 569 2328 qui
581 2223 714 2299 artium
725 2223 961 2300 dulcedinem
972 2240 1117 2322 gustet,
1138 2226 1336 2327 quiverbo-

321 2376 404 2426 rum
417 2345 756 2447 sententiarumque
773 2343 845 2418 vim
864 2344 1073 2435 discernat,
1093 2373 1210 2420 amara
1227 2377 1336 2449 quae-

320 2499 391 2573 que
410 2470 594 2556 refutans,
613 2467 734 2542 suavia
752 2486 835 2544 vero
859 2486 1085 2544 consectans.
1105 2469 1236 2542 Amara
1256 2470 1334 2570 qui-

320 2591 405 2669 dem
416 2588 570 2663 dicimus
582 2612 674 2689 quae
685 2601 869 2662 sectarum
880 2589 931 2688 (a)
945 2589 1332 2685 contraeuntveritati3

398 2788 440 2860 (1)
459 2783 620 2841 Gainiredui
639 2784 826 2852 grammaticus
845 2785 873 2837 in
896 2784 954 2838 cod.
973 2795 1028 2839 vat·
1047 2804 1074 2857 p·
1096 2803 1118 2839 r·
1136 2787 1186 2840 aie.
1206 2787 1255 2838 Ex
1272 2807 1322 2840 aa·

322 2894 412 2948 pere.
436 2874 557 2945 Virgilio
575 2880 711 2928 testante.
734 2874 872 2943 sapientia
898 2875 1060 2926 nominatur·
1071 2893 1081 2939 3
1105 2877 1174 2946 quia
1198 2876 1271 2926 sicut
1289 2876 1319 2926 in

326 2985 438 3038 corpore
457 2974 556 3039 gustus
569 2963 630 3035 fit,
651 2963 689 3013 iia
709 2964 785 3013 etin
805 2966 914 3016 animae
933 2975 1004 3016 motu
1022 2965 1138 3036 quidam
1156 2978 1295 3036 caperest
1312 3003 1320 3022 ‚

324 3059 378 3132 qui
395 3057 497 3109 artium
516 3047 694 3106 dulcedinem
711 3059 822 3122 gustat,
840 3053 891 3124 qui
910 3053 1055 3104 verboram
1068 3057 1320 3127 sententiarumque

326 3147 382 3196 vim
399 3142 554 3197 discernit,
571 3155 667 3189 amar-a
686 3154 814 3207 qriaeque
833 3137 984 3206 restitans.
1007 3142 1104 3190 suavia
1124 3157 1189 3190 vero
1209 3158 1319 3191 consee-

324 3240 397 3281 tans.
417 3231 520 3279 Arnara
539 3222 652 3297 quidem
678 3222 820 3278 dicimus.
838 3240 911 3293 quaa
930 3235 1063 3277 sectarum
1083 3231 1247 3277 contraeunt
1267 3227 1320 3296 (in

328 3317 386 3372 cod·
405 3311 588 3384 contrahunt)
607 3312 737 3375 ven‘iatr'3
755 3314 851 3363 suavia
866 3328 932 3364 vern
947 3330 1020 3383 quae
1031 3315 1254 3385 uniuscuiusque
1268 3333 1318 3365 ar·

322 3408 357 3458 tis
374 3420 408 3455 ac
425 3399 591 3467 disciplinae
610 3407 766 3469 suggerunt
783 3399 924 3450 rationem.
942 3399 1016 3450 Haec
1034 3400 1170 3467 sapientia
1192 3399 1314 3469 biformis
1397 3409 1399 3413 ’

324 3500 386 3547 est.
408 3485 534 3540 aetherea
553 3482 644 3536 iden
662 3483 811 3539 caelestis.
835 3486 972 3556 telieaque
999 3484 1032 3536 id
1054 3493 1094 3535 est
1111 3493 1245 3544 terrena.
1267 3485 1318 3537 liae

323 3588 364 3633 est
389 3576 502 3628 tuentis
527 3583 553 3626 et
574 3571 722 3637 sublimi13
747 3569 860 3623 humilis
885 3572 998 3644 quidem
1026 3591 1099 3645 quae
1126 3574 1161 3627 de
1188 3573 1317 3626 humanis

323 3672 422 3739 tractat
439 3662 538 3717 rebus.
557 3659 680 3711 sublimis
698 3677 764 3712 vero
783 3677 856 3732 quae
874 3679 906 3712 ea
919 3678 992 3733 qnae
1005 3680 1090 3730 supra
1103 3661 1235 3714 hominem
1249 3674 1315 3714 sunt

297 3781 301 3787 ·
323 3755 447 3805 inter-nat
463 3764 497 3798 ac
512 3755 647 3817 penetrat·

391 3832 431 3908 (a)
450 3835 528 3886 Secta
548 3848 597 3903 pro
612 3831 711 3904 dogma
727 3850 737 3895 3
756 3832 796 3885 uti
816 3832 887 3904 apud
903 3833 954 3884 Iul.
970 3833 1091 3888 Paridem
1111 3853 1126 3887 a
1146 3853 1187 3889 me
1210 3835 1314 3889 editum

319 3922 413 3980 titali.
424 3936 450 3976 2·
462 3935 478 3975 2
486 3937 496 3983 3
515 3929 542 3974 et
563 3918 590 3972 in
607 3916 759 3994 fragmentis
778 3922 936 3976 atrianorum
953 3922 1056 3978 coIIect.
1069 3935 1124 3979 vat.
1136 3924 1169 3978 T·
1180 3926 1230 3978 111.
1240 3937 1315 3998 part·

321 4014 463 4083 Il·p.220·
