3382 5206
904 360 923 391 δ

409 540 477 643 ῢό
683 563 1107 624 turutrtron

433 670 580 737 Tantum
606 667 708 757 cline,
736 673 882 743 mihimet
902 673 1037 744 ebetulit
1060 701 1129 747 ecte
1151 701 1273 761 meum.

387 776 440 844 Ve
466 773 577 865 logicis
594 825 605 860 ,
625 777 652 847 ei
675 778 723 843 ric
749 795 821 865 eet,
844 780 1016 851 omnibus!
1043 782 1116 851 Heu
1141 784 1228 853 redit
1252 814 1341 858 ecce

436 879 683 977 Amphytrion‚
708 888 811 955 miror
834 912 877 956 nn
895 889 937 956 eit
958 906 991 956 et
1011 890 1081 989 ipse
1102 892 1200 962 nihil.

390 993 433 1059 Et
453 989 541 1060 venit
563 1008 595 1058 et
613 989 696 1059 nihil
715 1009 760 1061 est
775 1041 785 1078 ,
802 996 961 1085 poteritne
978 985 1071 1089 qnod
1085 998 1170 1067 nihil
1193 997 1277 1071 ire?
1446 1000 1519 1066 385.

436 1091 576 1163 Hercule
601 1112 720 1162 cuncta
747 1118 820 1162 enee
847 1095 1020 1167 deseruere
1044 1101 1121 1171 vite.

385 1201 538 1273 Reddidit
566 1204 717 1269 insanum
742 1200 783 1270 de
808 1227 861 1272 me
887 1203 1058 1275 dialectice
1083 1207 1212 1297 stulto,

434 1309 577 1379 steterit
596 1333 638 1375 nn
660 1332 727 1377 non
745 1309 786 1376 tit
799 1309 907 1397 Geta,
933 1312 1073 1403 probare
1095 1333 1210 1407 potent.

390 1414 491 1500 Sum,
517 1419 544 1484 ei
567 1439 619 1484 me
645 1414 771 1485 salvere
795 1417 888 1484 iubet
913 1418 974 1484 tub
995 1420 1128 1491 nomine
1148 1422 1283 1507 Getae,

432 1524 466 1591 Si
494 1539 606 1608 tacet,
635 1522 727 1612 perii.
754 1522 909 1605 Dixerat3
930 1543 1028 1617 etque
1051 1528 1133 1593 citus
1448 1522 1517 1610 390·

394 1669 642 1827 Amphitryon
668 1734 834 1826 relegebat
856 1735 929 1808 iter.
954 1708 1112 1827 Sequitur
1134 1710 1353 1831 praeeuntem

435 1844 498 1913 Vix
525 1865 656 1934 quoque
679 1841 741 1907 ouh
767 1842 868 1910 nimio
890 1841 1028 1934 Byrrhic
1051 1841 1136 1911 succe
1158 1868 1306 1936 gemens.

390 1949 477 2015 Dum
497 1944 586 2015 videt
607 1945 664 2012 hic
677 1946 793 2014 Getam
807 1993 817 2030 ,
831 1945 916 2036 proh
930 1948 1067 2015 maxime
1089 1948 1262 2039 luppiter,
1286 1951 1398 2044 inquit
1413 2004 1424 2035 ‚

432 2050 520 2139 Quid
542 2051 604 2120 eihi
628 2050 697 2119 vult
718 2046 832 2123 Gen?
857 2075 921 2144 que
941 2055 1068 2123 ratione
1090 2050 1209 2126 redit?

389 2157 558 2255 Significat
582 2157 763 2248 dampnum
778 2159 880 2227 Getae
902 2159 984 2225 citus
1003 2159 1062 2227 iste
1085 2182 1258 2244 recursus,

433 2271 526 2351 Fue,
552 2264 639 2331 boun
666 2264 748 2332 luno
771 2287 915 2355 precor,
938 2265 1066 2333 nuntiet
1087 2262 1145 2333 ille
1167 2266 1308 2336 bonum.

387 2374 439 2442 Ne
464 2389 605 2439 mortem
632 2370 725 2452 neti,
743 2394 785 2438 ne
804 2394 916 2436 cusum
941 2369 1088 2463 coniugii
1114 2394 1231 2462 aegrae

433 2477 557 2547 Afferet
579 2476 663 2561 hic,
688 2498 828 2554 vereor3
853 2499 909 2542 ora
932 2475 1070 2544 dolentis
1085 2475 1200 2546 hebet.

390 2586 528 2655 Turbor
550 2585 586 2651 in
607 2597 765 2671 nspectu3
791 2580 888 2652 dete,
912 2584 1070 2668 numine,
1096 2584 1229 2650 nerine
1256 2585 1353 2673 prole

432 2696 557 2777 Dicar,
580 2707 613 2758 et
635 2708 752 2778 magna
773 2705 867 2777 purte
888 2688 1008 2778 periere
1030 2690 1106 2756 mei.

388 2802 475 2890 Quid
499 2793 620 2868 taceo?
645 2823 812 2893 quaerum.
836 2797 892 2865 Sic
912 2797 1043 2887 inquit,
1069 2812 1101 2860 et
1127 2814 1267 2885 occupet
1298 2797 1425 2866 illum.

433 2911 495 2978 Dic
516 2931 574 2999 ege
596 2907 680 3000 qui,
701 2907 809 2985 Geta,
832 2901 913 2995 quid
933 2926 1005 2968 mec
1029 2926 1106 2968 cura
1133 2897 1244 2970 fucit?

393 3015 548 3097 Stemus,
572 3038 612 3078 un
633 3004 842 3079 occidimus?
866 3005 949 3097 perii
974 3030 1014 3073 ne
1033 3008 1172 3097 coniuge
1195 3003 1295 3078 fide?

434 3119 489 3190 An
512 3123 593 3187 vivit
612 3117 701 3211 quod
724 3112 831 3187 cmo?
855 3117 937 3185 Gen
966 3129 1094 3204 rogatus
1115 3115 1178 3178 uit:

389 3229 533 3300 Hercule
551 3229 633 3297 Geta
652 3250 749 3309 eum,
772 3223 849 3316 quie
872 3247 926 3291 mc
951 3225 1071 3293 Getam
1095 3240 1190 3291 vocnt
1216 3224 1304 3309 iste,
1448 3223 1522 3310 dui.

434 3333 530 3422 Quod
551 3357 618 3403 non
644 3350 691 3401 est
713 3329 864 3422 aliquid,
886 3353 1006 3397 nomen
1029 3330 1152 3398 hebere
1176 3332 1304 3420 nequit.

388 3442 478 3510 Haec
502 3464 611 3507 tectim
627 3440 753 3505 tacitus.
778 3433 910 3503 Adiecit
936 3435 1108 3526 protinus,
1130 3434 1246 3503 hercle

434 3548 559 3615 Nuntio
585 3547 694 3623 mire3
719 3543 775 3610 diu
797 3559 845 3611 eet
867 3542 955 3634 quod
974 3567 1082 3611 sumus
1105 3542 1204 3609 umbo
1224 3542 1327 3614 domi.

388 3649 531 3721 Hercule
547 3674 612 3718 non
636 3672 746 3717 sumus
770 3647 852 3730 hie,
874 3646 1044 3714 reditium
1069 3646 1236 3739 Byrrhin‚
1260 3649 1399 3740 iamque

436 3755 659 3847 Amphitryon
686 3752 868 3822 thalamos,
888 3755 966 3820 ostiu
988 3754 1071 3823 Geta
1092 3769 1193 3819 tenet.
1446 3753 1527 3847 4¹9·

383 3864 472 3931 Vera
500 3859 660 3952 quidem,
683 3882 758 3925 vera
782 3858 921 3924 nimium
941 3855 1087 3949 loquor,
1109 3881 1150 3925 en
1176 3880 1238 3948 ego
1259 3855 1338 3925 felix

432 3970 467 4039 Si
488 3989 714 4063 quaecumque
736 3961 857 4056 loquor
872 3965 983 4033 omniu
1007 3961 1222 4033 fututorem.

459 4114 594 4185 ἐωξὶ]
