3382 5206
1252 568 1320 646 151

327 690 446 776 Plinio
478 701 651 777 Secundo
684 718 833 776 restante
855 759 864 791 ‚
890 704 1027 804 proprie
1057 706 1094 777 in
1124 706 1261 780 actione
1289 706 1344 780 vel

329 824 490 921 passione
516 840 577 898 est.

404 941 444 1015 P.
477 970 532 1042 ¹9·
560 940 748 1015 Tmenrrus
773 967 1007 1016 cmunnrrcus.
1035 939 1092 1014 De
1114 944 1343 1017 consuetudi-

328 1086 404 1148 ne,
430 1088 521 1159 quae
544 1088 644 1133 nunc
671 1075 745 1149 est,
773 1057 967 1132 Terentius
986 1059 1098 1135 dicit:
1125 1074 1149 1106 “
1179 1062 1272 1135 nihil
1290 1082 1346 1138 est

327 1177 423 1276 quod
445 1178 582 1250 dictum
601 1178 700 1278 prius
724 1235 758 1267 ‚,.
788 1176 860 1249 Sed
881 1177 1026 1252 iniecit:
1048 1191 1072 1222 “
1096 1197 1271 1276 postrema
1293 1210 1348 1256 ae·

331 1354 355 1384 ‚,
384 1314 433 1369 tas
460 1296 610 1386 mundi,
639 1313 679 1369 ut
699 1295 924 1394 disciplinam
952 1296 1092 1395 pristini
1114 1299 1270 1388 saeculi,
1297 1300 1345 1372 ita

330 1471 355 1502 ‚,
384 1432 419 1486 et
444 1442 643 1488 sermonem
670 1413 828 1487 fastidire
857 1415 1010 1513 coepit,
1038 1431 1075 1486 et
1103 1442 1195 1490 nova
1224 1445 1345 1518 parere

331 1588 355 1619 ‚‚
382 1534 513 1622 verba,
541 1561 631 1634 quae
657 1533 828 1605 iuvenum
852 1533 925 1605 ritu
944 1534 1076 1632 ¹florent
1103 1551 1137 1606 et
1161 1535 1279 1632 vigent
1308 1595 1343 1628 ‚,.

514 1918 673 1966 rxcnnrrs
699 1920 741 1964 nx
767 1919 918 1965 mourno
945 1919 1156 1969 omnnarroo

414 2017 476 2118 qui
503 2016 639 2114 primus
665 2034 718 2088 est
746 2017 783 2088 in
811 2016 869 2088 illo
897 2015 1019 2088 codice
1045 2020 1267 2118 neapolitano

512 2138 607 2209 unde
634 2164 698 2209 nos
725 2135 918 2234 Virgilium
944 2123 1165 2235 sumpsimus.

405 2376 568 2450 Dicimus
596 2375 653 2448 hic
682 2374 867 2474 luppiter,
895 2374 1001 2448 huius
1028 2376 1127 2451 lovis.
1153 2377 1260 2479 Apud
1285 2408 1344 2454 an·

327 2497 444 2596 liquos
468 2497 574 2567 libros
600 2494 801 2567 invenimus
828 2494 948 2592 plenas
973 2495 1256 2589 declinationes,
1282 2502 1341 2576 hic

328 2616 515 2716 luppiter,
537 2615 645 2689 huius
665 2614 858 2714 luppitriS‚
878 2615 964 2689 huic
985 2615 1147 2716 luppitri.
1175 2617 1343 2716 Legimus

328 2737 365 2806 in
394 2735 511 2834 Capro
539 2735 595 2806 hic
616 2734 718 2807 lovis.
745 2731 861 2804 Etiam
889 2732 1069 2822 Naevius,
1097 2735 1250 2824 Actius,
1277 2737 1343 2811 Pa-

330 2856 478 2942 cuvius,
506 2881 628 2926 omnes
655 2854 713 2925 isti
740 2868 891 2925 utuntur
917 2853 984 2923 hoc
1011 2856 1178 2953 exemplo.
1206 2854 1342 2932 Tamen

327 2974 392 3044 ista
419 2973 463 3044 de
493 3000 558 3044 usu
587 2988 719 3043 semota
744 2987 835 3043 sunt.

406 3092 448 3163 ln
469 3091 585 3163 Plinio
608 3089 777 3163 Secundo
797 3088 968 3185 legimus,
995 3092 1166 3189 quoniam
1188 3097 1344 3170 nomina·

328 3214 420 3285 rivus
446 3213 632 3309 singularis
653 3239 725 3283 non
747 3211 852 3283 deber
871 3239 946 3283 esse
971 3211 1096 3308 iuger‚
1117 3215 1178 3287 sed
1203 3217 1268 3289 hoc
1289 3220 1341 3292 iu·

328 3360 461 3430 gerum.
493 3333 587 3406 Nam
619 3360 691 3404 non
717 3347 830 3430 potest
859 3331 896 3402 in
926 3330 1076 3404 ablativo
1107 3334 1275 3431 singulari
1302 3366 1341 3410 ·o·

328 3453 442 3522 littera
474 3451 659 3522 terminari
689 3451 726 3521 in
751 3467 881 3522 neutro
909 3477 1060 3545 genere,
1089 3452 1156 3524 nisi
1184 3484 1203 3526 a
1230 3459 1341 3531 nomi-

328 3570 446 3642 nativo
475 3597 555 3642 um·
582 3570 781 3643 terminato,

404 3689 648 3763 Vulcanalium
679 3689 835 3762 dicrmus.
863 3685 1000 3761 Tamen
1035 3688 1221 3767 Sallustius
1253 3697 1342 3774 dixit

328 3809 535 3907 religionem
560 3807 858 3881 Vulcanaliorurn.

404 3930 446 4003 ln
470 3929 665 4004 Cicerone:
691 3945 768 4000 tum
790 3927 834 3999 de
857 3928 1092 4027 peripetasmis
1115 3934 1125 4030 l
1138 3935 1262 4037 aJ'em,
1278 3968 1342 4041 pe.

324 4057 517 4152 ripetnsmu
548 4066 587 4125 ua
620 4051 704 4125 dicit
735 4054 1028 4150 grammaticus)
1059 4050 1100 4125 Si
1133 4073 1224 4131 essct
1256 4087 1340 4136 neu-
