3382 5206
550 595 613 656 5⁰²
825 616 852 659 s.
876 610 1056 663 annuatur
1081 609 1255 662 ruotocus

526 710 676 779 videlicet
696 711 891 802 spiritalium
916 713 1193 780 incrementomm
1210 711 1357 779 fructum
1379 716 1582 804 propheti-

525 841 582 883 cus
606 839 713 884 sermo
743 815 928 909 allegoricis
953 817 1189 905 aenigmatibus
1209 815 1389 906 explanans
1413 816 1578 911 designat

525 918 728 1013 virgultum,
752 924 786 988 in
808 940 885 1014 typo
905 923 1022 989 beatae
1049 940 1082 988 et
1100 923 1309 1011 incorruptae
1329 924 1396 990 Dei
1419 928 1574 1013 genitri-

526 1029 572 1095 cis
595 1026 637 1093 de
663 1026 775 1094 radice
800 1030 885 1096 lesse
911 1026 1061 1095 fecundis
1088 1026 1277 1118 palmitibus
1305 1027 1511 1116 pululssse,
1534 1050 1569 1099 et

523 1157 727 1223 purpureum
738 1133 945 1202 surculorum
956 1135 1075 1202 florem
1087 1135 1231 1226 mysticis
1243 1135 1568 1205 obumbrationibus

473 1240 478 1247 '
524 1237 668 1329 prolapsi
691 1256 952 1328 recuperatorem
973 1238 1089 1305 mnndi
1113 1238 1414 1330 praefigurantem,
1438 1241 1564 1309 chiro-

523 1346 751 1436 graphumque
784 1344 1061 1435 protoplastorum
1094 1343 1350 1412 misericorditer
1384 1348 1563 1439 abrogan-

524 1470 616 1536 tem,
637 1477 712 1519 curn
734 1469 869 1542 septeno
889 1455 1065 1542 sapientiae
1088 1469 1121 1519 ct
1140 1452 1325 1522 intellectus
1343 1471 1558 1523 ceterarum-

523 1587 589 1654 que
616 1564 773 1629 virtntum
794 1563 910 1652 spirito
935 1564 1139 1652 germinasse·
1161 1563 1257 1630 ldem
1282 1587 1427 1654 namque
1451 1566 1559 1655 septi-

522 1669 633 1738 formis
656 1687 937 1738 sacramentorum
955 1693 1112 1736 numerus
1136 1670 1346 1737 sacrosanctis
1369 1686 1556 1737 testamen-

523 1794 631 1842 torum
656 1772 797 1843 oraculis
817 1772 1079 1864 frequentissime
1104 1773 1329 1865 adstipulatur.
1357 1773 1461 1841 Cuius
1486 1799 1554 1839 nu-

520 1883 602 1945 nteri
617 1881 805 1971 mysterium
820 1880 934 1946 iterata
950 1878 1164 1970 replicatione
1179 1876 1371 1958 resolvens,
1385 1876 1427 1944 de
1441 1901 1553 1943 amoc·

519 1984 649 2050 nissimo
672 1985 907 2072 scripturarum
936 1984 1089 2073 paradiso
1111 1987 1203 2075 quasi
1228 1983 1388 2075 quosdam
1415 2007 1551 2072 campc-

517 2093 633 2155 strium
658 2088 834 2157 cauliculos
849 2107 905 2156 aut
926 2109 1096 2158 vernantes
1111 2107 1281 2181 pratorum
1294 2090 1449 2159 flosculos
1468 2114 1549 2157 coa·

517 2221 675 2265 certans,
699 2195 741 2261 ad
766 2198 863 2262 unius
884 2221 1022 2264 coronae
1042 2213 1200 2265 texturam
1225 2219 1400 2287 congerere
1427 2197 1549 2274 nitar,

517 2321 555 2370 ut
580 2304 760 2371 evidentius
774 2306 809 2368 in
828 2303 1000 2394 propatulo
1021 2321 1167 2394 patescat
1180 2306 1372 2395 cunctisque
1387 2305 1549 2370 semtinio

517 2413 738 2480 scrutantibus
760 2413 836 2481 luce
859 2411 1028 2502 limpidius
1049 2411 1227 2495 clarescat,
1249 2413 1413 2503 aquantis
1433 2410 1548 2500 prose-

517 2518 626 2585 ctibus
649 2543 814 2612 quamque
832 2522 964 2586 sacratis
988 2516 1159 2585 ordinibus
1181 2534 1310 2585 nostrae
1328 2516 1548 2587 necessitudi-

516 2626 566 2691 nis
584 2618 791 2714 primordia,
815 2641 847 2693 et
862 2623 1006 2692 necdum
1024 2640 1152 2689 matura
1178 2622 1442 2691 rudimentorum
1467 2624 1547 2688 tiro-

518 2731 603 2796 cinia
626 2729 827 2820 originaliter
840 2732 1076 2819 processerint,
1101 2727 1342 2817 pululavcrints
1368 2730 1545 2817 viguerint.

585 2838 665 2919 Hic,
679 2837 835 2928 inquam,
857 2832 1053 2926 septiformis
1070 2833 1303 2901 laterculorum
1321 2857 1483 2903 numerus
1501 2838 1544 2901 ab

516 2946 585 3031 ipso
609 2944 767 3010 nascentis
790 2942 906 3007 mnndi
926 2940 1108 3031 primordio
1133 2965 1224 3007 sacer
1248 2939 1405 3008 oriundus
1424 2945 1544 3007 extitit·

513 3052 599 3116 Nam
619 3075 682 3117 nou
701 3049 806 3117 solum
829 3052 1019 3118 universitas
1035 3051 1133 3116 totius
1149 3066 1335 3131 creaturae,
1354 3071 1457 3138 qnam
1479 3074 1541 3114 vo-

513 3153 624 3221 lubilis
656 3173 687 3220 et
710 3153 801 3244 agilis
823 3155 973 3244 polorum
997 3157 1124 3245 vertigo
1151 3172 1183 3222 et
1208 3155 1285 3219 bina
1314 3154 1452 3242 cingunt
1480 3153 1545 3221 lte-

512 3260 684 3348 misperia,
698 3261 881 3347 septenario
899 3259 1115 3327 hebdomadis
1128 3258 1262 3347 simplae
1283 3256 1449 3324 curriculo
1468 3285 1545 3348 spe-

511 3365 560 3428 cie
583 3361 778 3430 multiformi
801 3381 929 3452 patrata
955 3382 1155 3447 narrantur,
1176 3388 1252 3431 cum
1278 3365 1445 3430 tamenin
1473 3366 1544 3429 ictu

513 3487 545 3532 et
575 3487 682 3535 atomo
715 3471 825 3537 vivens
850 3473 886 3536 in
912 3488 1080 3537 aeternum
1108 3471 1266 3536 creaverit
1289 3469 1399 3535 omnia
1423 3470 1545 3547 simul,

515 3597 631 3639 verum
656 3575 754 3638 etiam
777 3592 886 3664 optata
909 3572 1093 3642 futurorum
1121 3575 1249 3665 requies
1279 3575 1546 3663 promissorum,

513 3696 542 3742 et
564 3678 657 3744 beata
677 3681 828 3765 perennis
846 3679 1109 3763 vitaelelicitas,
1133 3705 1216 3770 quae
1236 3677 1373 3771 singulis
1399 3680 1545 3768 quibus-

510 3808 575 3871 que
595 3787 786 3851 meritorum
811 3785 1037 3854 emolumentis
1059 3787 1384 3876 recompensabitur,
1407 3786 1545 3851 nonnisi

510 3908 642 3976 septena
664 3915 722 3978 per
743 3910 928 3981 temporum
950 3896 1150 3960 incrementa
1173 3893 1355 3959 millenario
1376 3917 1546 3978 aruntem,

506 4011 708 4083 sequestrata
737 3999 952 4085 reproborum
977 4016 1132 4079 caterua,
1155 3998 1336 4064 insontibus
1365 4016 1396 4064 ct
1425 4001 1546 4086 piacu-

501 4097 609 4167 lorum
647 4101 786 4168 crimiuc
815 4103 1003 4169 carentibus
1033 4105 1198 4171 tribuitur·
1222 4101 1379 4173 Eiusdem
1410 4128 1545 4195 quoque
