3382 5206
365 572 436 647 3⁶⁶
572 702 776 788 SANCTI
807 702 1083 790 SERAPION
1088 705 1136 790 IS

427 875 672 938 rrrseorr
724 876 970 938 ruuusos
1015 875 1270 936 errsrous

507 992 578 1069 ΔΙ)
601 992 667 1070 EU
675 992 871 1070 DOXIUM
892 991 1190 1068 EPISCOPUM.

340 1105 418 1275 N
420 1226 439 1271 e
460 1197 621 1271 dolorum
641 1223 748 1270 causa
770 1224 946 1287 maereas,
967 1195 1025 1269 sed
1047 1194 1116 1269 fide
1136 1223 1216 1294 erga
1232 1192 1360 1270 Deum

336 1336 467 1393 servata
487 1318 633 1412 laetare3
664 1345 782 1418 neque
804 1317 921 1390 animo
941 1314 1106 1391 concidas
1126 1315 1209 1417 quia
1237 1343 1359 1415 aegro

330 1452 404 1527 us,
418 1436 481 1511 sed
503 1453 578 1510 esto
588 1436 704 1510 alacer
723 1434 805 1536 quia
816 1434 919 1535 culpa
938 1463 1046 1511 cares.
1057 1434 1230 1509 Morbum
1253 1462 1357 1511 ueru-

335 1584 505 1633 mnosum
516 1585 562 1631 no
574 1573 698 1658 putes,
717 1556 786 1629 solu
811 1556 907 1630 enim
926 1584 1135 1630 aerumnosa
1156 1555 1257 1656 culpa
1281 1571 1357 1634 est:

334 1704 487 1778 namque
500 1693 542 1750 ut
552 1691 733 1773 aegrotent
752 1675 918 1776 quidem,
931 1674 1036 1747 bonis
1056 1702 1170 1775 aeque
1189 1702 1231 1748 ac
1250 1674 1353 1748 malis

337 1795 691 1896 contingit3peccare
712 1812 832 1868 autem
844 1794 1087 1894 improborum
1098 1793 1281 1895 proprium
1300 1822 1352 1868 es-

245 1992 249 1997 ,
329 1944 367 1990 se
380 1914 554 1989 videmus.
576 1913 728 2012 Insuper
747 1911 899 2013 eiusqui
920 1929 1098 2010 aegrotat,
1119 1913 1351 1988 commoritur

333 2033 370 2106 in
382 2048 494 2104 morte
515 2031 680 2124 morbus3
702 2048 865 2128 peccator
884 2045 963 2128 post
981 2030 1091 2103 funus
1109 2056 1251 2130 quoque
1271 2058 1353 2130 pec·

332 2169 452 2229 catum
470 2179 578 2228 suurn
598 2154 634 2223 in
654 2151 837 2250 sepulchro
856 2149 1023 2223 inveniet
1035 2147 1163 2250 Usque
1181 2150 1225 2222 ad
1238 2152 1353 2250 sepul-

330 2275 456 2348 chrum
485 2274 657 2366 morbus3
690 2271 838 2344 ulterius
868 2270 963 2342 enim
992 2297 1116 2343 vexare
1137 2269 1349 2346 morientem

331 2391 677 2494 nequitPeccatum
696 2391 853 2464 viventes
870 2390 1033 2464 insidiose
1053 2388 1166 2463 veluti
1178 2418 1219 2464 ac
1238 2391 1350 2465 luten-

330 2535 385 2591 ter
405 2529 555 2613 occupat
569 2543 578 2607 3
592 2528 833 2584 verumtamen
855 2508 893 2581 in
914 2509 1147 2582 morientibus
1165 2511 1275 2608 magis
1292 2540 1347 2585 ac·

328 2635 517 2723 conditur,
544 2650 580 2705 et
600 2658 699 2704 suam
725 2631 901 2704 ssarmuam
927 2629 1073 2719 exserit,
1094 2657 1265 2732 reumque
1284 2659 1348 2732 pu·

329 2755 392 2828 nit.
413 2753 511 2826 Haec
535 2751 622 2838 tibi,
645 2749 819 2823 carissime
839 2750 970 2837 frater,
990 2747 1130 2849 scripsi,
1144 2777 1191 2823 ne
1211 2777 1346 2825 maero-

326 2877 359 2950 ri
378 2872 612 2958 succumbas,
641 2869 700 2941 sed
721 2885 828 2941 temet
848 2868 886 2941 in
911 2867 1051 2942 Christo
1071 2870 1264 2944 confirmes.
1285 2870 1346 2945 Vi-

326 3014 381 3069 tae
412 2993 519 3066 huius
552 2988 837 3090 perturbationes
866 3004 973 3089 atque
1005 2988 1175 3061 turnultus
1203 2989 1346 3063 sortiter

326 3115 398 3217 pati
421 3126 581 3212 oportet,
603 3109 712 3182 finem
732 3108 807 3182 cius
826 3124 1003 3207 spectare,
1026 3107 1121 3180 etde
1143 3106 1213 3180 Dei
1232 3111 1344 3209 prori-

326 3234 447 3311 dentia
467 3232 651 3329 cogitare,
681 3229 744 3330 qui
764 3230 899 3302 etiamsi
919 3257 1108 3328 parumper
1128 3228 1272 3303 videtur
1290 3259 1345 3304 re·

323 3359 466 3434 mittere
484 3411 494 3443 ,
521 3370 675 3425 attamen
703 3351 983 3449 gubernaculum
1010 3379 1090 3424 ruox
1110 3352 1286 3441 resumit,
1308 3371 1345 3426 ct

322 3492 401 3577 post
420 3476 562 3544 brevem
581 3469 690 3542 veluti
710 3464 1049 3558 dissimulationem,
1075 3497 1196 3543 rursus
1221 3469 1346 3545 defeu-
1389 3556 1392 3562 Ι

325 3622 381 3668 sor
398 3590 518 3693 adest,
538 3616 659 3687 neque
681 3614 853 3688 uinquam
872 3588 1019 3661 ecclesio
1031 3590 1074 3660 ab
1087 3616 1128 3661 eo
1144 3588 1346 3668 deseritur:

325 3708 464 3784 etenim
492 3725 613 3806 portae
640 3705 748 3778 inseri
778 3704 942 3779 adversus
976 3734 1051 3779 eam
1078 3735 1151 3779 non
1174 3708 1347 3807 praevale-

320 3833 420 3905 bunt.
439 3827 539 3902 Tuae
563 3826 671 3923 igitur
695 3826 831 3898 virtutis
852 3826 1008 3923 vigorem
1027 3827 1244 3901 omnituenti
1262 3825 1345 3902 Deo

322 3952 549 4036 demonstra,
570 3963 611 4020 ut
632 3945 792 4047 undique
815 3946 975 4043 egregius
995 3975 1067 4019 esse
1087 3946 1248 4021 videaris.
1269 3946 1347 4022 Nos

320 4092 439 4147 tamen
461 4087 495 4142 te
514 4068 587 4143 huc
606 4094 730 4140 vocare
751 4066 845 4140 haud
865 4069 956 4167 passi
977 4095 1121 4156 sumus,
1144 4095 1191 4141 ne
1214 4092 1260 4142 cx
1279 4096 1341 4141 ur·

319 4195 362 4267 be
382 4186 583 4262 abstrahere
603 4183 811 4258 videremur.
