<?xml version="1.0" encoding="UTF-8"?>
<!DOCTYPE html PUBLIC "-//W3C//DTD XHTML 1.0 Transitional//EN"
    "http://www.w3.org/TR/xhtml1/DTD/xhtml1-transitional.dtd">
<html xmlns="http://www.w3.org/1999/xhtml" xml:lang="en" lang="en">
 <head>
  <title>
</title>
<meta http-equiv="Content-Type" content="text/html;charset=utf-8" />
  <meta name='ocr-system' content='tesseract 3.04.00' />
  <meta name='ocr-capabilities' content='ocr_page ocr_carea ocr_par ocr_line ocrx_word'/>
</head>
<body>
  <div class='ocr_page' id='page_1' title='image "./classicorumauct00vatigoog_0572.png"; bbox 0 0 3382 5206; ppageno 0'>
   <div class='ocr_carea' id='block_1_1' title="bbox 270 554 1428 2991">
    <p class='ocr_par' dir='ltr' id='par_1_1' title="bbox 325 554 1428 1817">
     <span class='ocr_line' id='line_1_1' title="bbox 695 554 1331 650; baseline -0.003 -26"><span class='ocrx_word' id='word_1_1' title='bbox 695 574 740 625; x_wconf 87' lang='lat' dir='ltr'>ur</span> <span class='ocrx_word' id='word_1_2' title='bbox 757 565 987 650; x_wconf 61' lang='lat' dir='ltr'>&#39;sermomo-</span> <span class='ocrx_word' id='word_1_3' title='bbox 1265 554 1331 648; x_wconf 82' lang='lat'>509</span> 
     </span>
     <span class='ocr_line' id='line_1_2' title="bbox 325 670 1346 775; baseline 0.008 -33"><span class='ocrx_word' id='word_1_4' title='bbox 325 677 460 744; x_wconf 87' lang='lat' dir='ltr'>tritavos</span> <span class='ocrx_word' id='word_1_5' title='bbox 483 670 612 744; x_wconf 83' lang='lat' dir='ltr'>sursum</span> <span class='ocrx_word' id='word_1_6' title='bbox 632 673 820 769; x_wconf 68' lang='lat' dir='ltr'>singillatim</span> <span class='ocrx_word' id='word_1_7' title='bbox 839 675 990 747; x_wconf 79' lang='lat' dir='ltr'>ordinem</span> <span class='ocrx_word' id='word_1_8' title='bbox 1018 676 1228 775; x_wconf 85' lang='lat' dir='ltr'>genealogiae</span> <span class='ocrx_word' id='word_1_9' title='bbox 1249 701 1346 773; x_wconf 59' lang='lat' dir='ltr'>rece,-</span> 
     </span>
     <span class='ocr_line' id='line_1_3' title="bbox 327 777 1349 874; baseline 0.001 -27"><span class='ocrx_word' id='word_1_10' title='bbox 327 777 495 870; x_wconf 87' lang='lat' dir='ltr'>pitulaua,</span> <span class='ocrx_word' id='word_1_11' title='bbox 522 777 666 848; x_wconf 74' lang='lat' dir='ltr'>decursis</span> <span class='ocrx_word' id='word_1_12' title='bbox 692 778 875 850; x_wconf 68' lang='lat' dir='ltr'>-Lxxvna</span> <span class='ocrx_word' id='word_1_13' title='bbox 910 779 1076 857; x_wconf 84' lang='lat' dir='ltr'>laterculis</span> <span class='ocrx_word' id='word_1_14' title='bbox 1105 781 1349 874; x_wconf 67' lang='lat' dir='ltr'>generationum</span> 
     </span>
     <span class='ocr_line' id='line_1_4' title="bbox 331 871 1361 980; baseline 0.005 -29"><span class='ocrx_word' id='word_1_15' title='bbox 331 871 565 977; x_wconf 78' lang='lat' dir='ltr'>protoplastum</span> <span class='ocrx_word' id='word_1_16' title='bbox 599 887 775 955; x_wconf 85' lang='lat' dir='ltr'>terminum</span> <span class='ocrx_word' id='word_1_17' title='bbox 806 874 933 978; x_wconf 73' lang='lat' dir='ltr'>posuitt</span> <span class='ocrx_word' id='word_1_18' title='bbox 962 885 1051 978; x_wconf 91' lang='lat' dir='ltr'>quod</span> <span class='ocrx_word' id='word_1_19' title='bbox 1082 910 1175 953; x_wconf 87' lang='lat' dir='ltr'>sacra</span> <span class='ocrx_word' id='word_1_20' title='bbox 1206 909 1361 980; x_wconf 87' lang='lat' dir='ltr'>geneseos</span> 
     </span>
     <span class='ocr_line' id='line_1_5' title="bbox 331 991 1356 1088; baseline 0.004 -30"><span class='ocrx_word' id='word_1_21' title='bbox 331 995 523 1063; x_wconf 85' lang='lat' dir='ltr'>auctoritate</span> <span class='ocrx_word' id='word_1_22' title='bbox 538 994 727 1088; x_wconf 39' lang='lat' dir='ltr'>,antiquitus</span> <span class='ocrx_word' id='word_1_23' title='bbox 748 994 1058 1088; x_wconf 76' lang='lat' dir='ltr'>praefigurabatur,</span> <span class='ocrx_word' id='word_1_24' title='bbox 1082 991 1237 1062; x_wconf 83' lang='lat' dir='ltr'>historica</span> <span class='ocrx_word' id='word_1_25' title='bbox 1266 992 1356 1081; x_wconf 83' lang='lat' dir='ltr'>rela-¹</span> 
     </span>
     <span class='ocr_line' id='line_1_6' title="bbox 335 1098 1359 1190; baseline 0.002 -26"><span class='ocrx_word' id='word_1_26' title='bbox 335 1099 423 1168; x_wconf 82' lang='lat' dir='ltr'>tione</span> <span class='ocrx_word' id='word_1_27' title='bbox 446 1098 603 1185; x_wconf 85' lang='lat' dir='ltr'>dicente,</span> <span class='ocrx_word' id='word_1_28' title='bbox 624 1102 739 1190; x_wconf 85' lang='lat' dir='ltr'>septies</span> <span class='ocrx_word' id='word_1_29' title='bbox 763 1099 991 1168; x_wconf 85' lang='lat' dir='ltr'>vendicabitur</span> <span class='ocrx_word' id='word_1_30' title='bbox 1018 1099 1059 1167; x_wconf 90' lang='lat' dir='ltr'>de</span> <span class='ocrx_word' id='word_1_31' title='bbox 1083 1099 1188 1186; x_wconf 84' lang='lat' dir='ltr'>Cain,</span> <span class='ocrx_word' id='word_1_32' title='bbox 1217 1099 1258 1168; x_wconf 90' lang='lat' dir='ltr'>de</span> <span class='ocrx_word' id='word_1_33' title='bbox 1289 1099 1359 1166; x_wconf 88' lang='lat' dir='ltr'>La·</span> 
     </span>
     <span class='ocr_line' id='line_1_7' title="bbox 336 1201 1358 1298; baseline 0.005 -31"><span class='ocrx_word' id='word_1_34' title='bbox 336 1201 432 1271; x_wconf 88' lang='lat' dir='ltr'>mech</span> <span class='ocrx_word' id='word_1_35' title='bbox 456 1226 533 1272; x_wconf 84' lang='lat' dir='ltr'>vero</span> <span class='ocrx_word' id='word_1_36' title='bbox 561 1206 889 1297; x_wconf 87' lang='lat' dir='ltr'>septuagiessepties.</span> <span class='ocrx_word' id='word_1_37' title='bbox 920 1205 988 1274; x_wconf 85' lang='lat' dir='ltr'>lies</span> <span class='ocrx_word' id='word_1_38' title='bbox 1013 1203 1147 1276; x_wconf 81' lang='lat' dir='ltr'>ultrices</span> <span class='ocrx_word' id='word_1_39' title='bbox 1177 1227 1358 1298; x_wconf 82' lang='lat' dir='ltr'>poenarum</span> 
     </span>
     <span class='ocr_line' id='line_1_8' title="bbox 333 1302 1428 1401; baseline 0.007 -32"><span class='ocrx_word' id='word_1_40' title='bbox 333 1305 497 1375; x_wconf 75' lang='lat' dir='ltr'>vindictas</span> <span class='ocrx_word' id='word_1_41' title='bbox 522 1307 762 1401; x_wconf 79' lang='lat' dir='ltr'>intelligibilem</span> <span class='ocrx_word' id='word_1_42' title='bbox 788 1307 954 1395; x_wconf 86' lang='lat' dir='ltr'>Lamech,</span> <span class='ocrx_word' id='word_1_43' title='bbox 978 1309 1086 1378; x_wconf 89' lang='lat' dir='ltr'>idest</span> <span class='ocrx_word' id='word_1_44' title='bbox 1119 1312 1217 1378; x_wconf 88' lang='lat' dir='ltr'>totius</span> <span class='ocrx_word' id='word_1_45' title='bbox 1241 1307 1356 1377; x_wconf 89' lang='lat' dir='ltr'>mundi</span> <span class='ocrx_word' id='word_1_46' title='bbox 1425 1302 1428 1308; x_wconf 68' lang='grc'><strong>’</strong></span> 
     </span>
     <span class='ocr_line' id='line_1_9' title="bbox 332 1414 1354 1509; baseline 0.002 -31"><span class='ocrx_word' id='word_1_47' title='bbox 332 1429 487 1499; x_wconf 84' lang='lat' dir='ltr'>reatum,</span> <span class='ocrx_word' id='word_1_48' title='bbox 510 1417 699 1504; x_wconf 86' lang='lat' dir='ltr'>punientes,</span> <span class='ocrx_word' id='word_1_49' title='bbox 722 1433 792 1506; x_wconf 86' lang='lat' dir='ltr'>post</span> <span class='ocrx_word' id='word_1_50' title='bbox 815 1414 950 1484; x_wconf 85' lang='lat' dir='ltr'>totidem</span> <span class='ocrx_word' id='word_1_51' title='bbox 970 1418 1218 1509; x_wconf 73' lang='lat' dir='ltr'>generationum</span> <span class='ocrx_word' id='word_1_52' title='bbox 1241 1417 1354 1482; x_wconf 89' lang='lat' dir='ltr'>circu·</span> 
     </span>
     <span class='ocr_line' id='line_1_10' title="bbox 335 1508 1356 1614; baseline 0.001 -29"><span class='ocrx_word' id='word_1_53' title='bbox 335 1518 404 1604; x_wconf 90' lang='lat' dir='ltr'>los,</span> <span class='ocrx_word' id='word_1_54' title='bbox 425 1520 536 1589; x_wconf 86' lang='lat' dir='ltr'>obtata</span> <span class='ocrx_word' id='word_1_55' title='bbox 561 1539 593 1588; x_wconf 89' lang='lat' dir='ltr'>et</span> <span class='ocrx_word' id='word_1_56' title='bbox 615 1524 817 1614; x_wconf 86' lang='lat' dir='ltr'>praesignata</span> <span class='ocrx_word' id='word_1_57' title='bbox 844 1508 981 1593; x_wconf 87' lang='lat' dir='ltr'>saeculis</span> <span class='ocrx_word' id='word_1_58' title='bbox 999 1519 1226 1613; x_wconf 83' lang='lat' dir='ltr'>Redempturis</span> <span class='ocrx_word' id='word_1_59' title='bbox 1255 1521 1356 1589; x_wconf 82' lang='lat' dir='ltr'>nostrl</span> 
     </span>
     <span class='ocr_line' id='line_1_11' title="bbox 331 1624 1352 1721; baseline 0.006 -35"><span class='ocrx_word' id='word_1_60' title='bbox 331 1624 479 1701; x_wconf 70' lang='lat' dir='ltr'>sicuritas</span> <span class='ocrx_word' id='word_1_61' title='bbox 511 1625 602 1693; x_wconf 84' lang='lat' dir='ltr'>dirae</span> <span class='ocrx_word' id='word_1_62' title='bbox 628 1628 741 1694; x_wconf 87' lang='lat' dir='ltr'>mortis</span> <span class='ocrx_word' id='word_1_63' title='bbox 767 1629 941 1717; x_wconf 90' lang='lat' dir='ltr'>imperium</span> <span class='ocrx_word' id='word_1_64' title='bbox 969 1653 1184 1721; x_wconf 82' lang='lat' dir='ltr'>conquassans</span> <span class='ocrx_word' id='word_1_65' title='bbox 1212 1625 1352 1716; x_wconf 84' lang='lat' dir='ltr'>disrupit</span> 
     </span>
     <span class='ocr_line' id='line_1_12' title="bbox 333 1724 1045 1817; baseline 0.008 -24"><span class='ocrx_word' id='word_1_66' title='bbox 333 1724 493 1817; x_wconf 78' lang='lat' dir='ltr'>confregit</span> <span class='ocrx_word' id='word_1_67' title='bbox 516 1733 650 1797; x_wconf 80' lang='lat' dir='ltr'>ertinrit</span> <span class='ocrx_word' id='word_1_68' title='bbox 675 1749 706 1797; x_wconf 90' lang='lat' dir='ltr'>et</span> <span class='ocrx_word' id='word_1_69' title='bbox 731 1733 766 1796; x_wconf 88' lang='lat' dir='ltr'>in</span> <span class='ocrx_word' id='word_1_70' title='bbox 790 1748 910 1798; x_wconf 87' lang='lat' dir='ltr'>tartara</span> <span class='ocrx_word' id='word_1_71' title='bbox 939 1734 1045 1800; x_wconf 86' lang='lat' dir='ltr'>trusit.</span> 
     </span>
    </p>

    <p class='ocr_par' dir='ltr' id='par_1_2' title="bbox 270 1836 1361 2991">
     <span class='ocr_line' id='line_1_13' title="bbox 424 1836 1352 1935; baseline 0 -33"><span class='ocrx_word' id='word_1_72' title='bbox 424 1836 531 1921; x_wconf 84' lang='lat' dir='ltr'>Quid,</span> <span class='ocrx_word' id='word_1_73' title='bbox 544 1839 696 1929; x_wconf 82' lang='lat' dir='ltr'>inquam,</span> <span class='ocrx_word' id='word_1_74' title='bbox 711 1837 847 1908; x_wconf 79' lang='lat' dir='ltr'>famosus</span> <span class='ocrx_word' id='word_1_75' title='bbox 860 1840 917 1907; x_wconf 91' lang='lat' dir='ltr'>ille</span> <span class='ocrx_word' id='word_1_76' title='bbox 929 1838 1242 1935; x_wconf 78' lang='lat' dir='ltr'>nepospatriarcbae¹</span> <span class='ocrx_word' id='word_1_77' title='bbox 1254 1859 1352 1934; x_wconf 75' lang='lat' dir='ltr'>prae·</span> 
     </span>
     <span class='ocr_line' id='line_1_14' title="bbox 337 1944 1358 2044; baseline 0.001 -37"><span class='ocrx_word' id='word_1_78' title='bbox 337 1944 424 2032; x_wconf 81' lang='lat' dir='ltr'>cipui</span> <span class='ocrx_word' id='word_1_79' title='bbox 444 1966 591 2010; x_wconf 87' lang='lat' dir='ltr'>remeans</span> <span class='ocrx_word' id='word_1_80' title='bbox 604 1945 646 2011; x_wconf 88' lang='lat' dir='ltr'>ab</span> <span class='ocrx_word' id='word_1_81' title='bbox 663 1945 822 2023; x_wconf 61' lang='lat' dir='ltr'>avunculo</span> <span class='ocrx_word' id='word_1_82' title='bbox 839 1947 880 2013; x_wconf 90' lang='lat' dir='ltr'>de</span> <span class='ocrx_word' id='word_1_83' title='bbox 895 1948 1130 2044; x_wconf 77' lang='lat' dir='ltr'>Mesopotamia</span> <span class='ocrx_word' id='word_1_84' title='bbox 1141 1945 1257 2037; x_wconf 78' lang='lat' dir='ltr'>Syriae</span> <span class='ocrx_word' id='word_1_85' title='bbox 1280 1966 1358 2010; x_wconf 90' lang='lat' dir='ltr'>cum</span> 
     </span>
     <span class='ocr_line' id='line_1_15' title="bbox 270 2050 1353 2143; baseline 0.002 -29"><span class='ocrx_word' id='word_1_86' title='bbox 270 2135 274 2143; x_wconf 30' lang='grc' dir='ltr'>Ι</span> <span class='ocrx_word' id='word_1_87' title='bbox 337 2050 387 2114; x_wconf 90' lang='lat' dir='ltr'>bis</span> <span class='ocrx_word' id='word_1_88' title='bbox 402 2072 478 2116; x_wconf 85' lang='lat' dir='ltr'>sena</span> <span class='ocrx_word' id='word_1_89' title='bbox 491 2050 664 2141; x_wconf 85' lang='lat' dir='ltr'>pignorum</span> <span class='ocrx_word' id='word_1_90' title='bbox 680 2055 829 2143; x_wconf 87' lang='lat' dir='ltr'>prosapia</span> <span class='ocrx_word' id='word_1_91' title='bbox 842 2057 907 2120; x_wconf 88' lang='lat' dir='ltr'>iam</span> <span class='ocrx_word' id='word_1_92' title='bbox 921 2055 972 2122; x_wconf 88' lang='lat' dir='ltr'>bis</span> <span class='ocrx_word' id='word_1_93' title='bbox 985 2054 1122 2121; x_wconf 90' lang='lat' dir='ltr'>decurso</span> <span class='ocrx_word' id='word_1_94' title='bbox 1132 2051 1262 2117; x_wconf 83' lang='lat' dir='ltr'>biltut‘ri</span> <span class='ocrx_word' id='word_1_95' title='bbox 1273 2066 1353 2117; x_wconf 91' lang='lat' dir='ltr'>tem·</span> 
     </span>
     <span class='ocr_line' id='line_1_16' title="bbox 279 2142 1354 2253; baseline 0.001 -31"><span class='ocrx_word' id='word_1_96' title='bbox 279 2142 282 2148; x_wconf 18' lang='lat'><em>7</em></span> <span class='ocrx_word' id='word_1_97' title='bbox 296 2204 299 2209; x_wconf 82' lang='lat'><em>·</em></span> <span class='ocrx_word' id='word_1_98' title='bbox 337 2158 424 2244; x_wconf 90' lang='lat' dir='ltr'>poris</span> <span class='ocrx_word' id='word_1_99' title='bbox 438 2156 622 2242; x_wconf 86' lang='lat' dir='ltr'>intervallo,</span> <span class='ocrx_word' id='word_1_100' title='bbox 636 2159 691 2251; x_wconf 91' lang='lat' dir='ltr'>qui</span> <span class='ocrx_word' id='word_1_101' title='bbox 702 2178 772 2250; x_wconf 87' lang='lat' dir='ltr'>post</span> <span class='ocrx_word' id='word_1_102' title='bbox 786 2148 953 2253; x_wconf 84' lang='lat' dir='ltr'>angelicae</span> <span class='ocrx_word' id='word_1_103' title='bbox 966 2159 1228 2228; x_wconf 84' lang='lat' dir='ltr'>cotrlnstrationis</span> <span class='ocrx_word' id='word_1_104' title='bbox 1241 2155 1354 2247; x_wconf 84' lang='lat' dir='ltr'>palae·</span> 
     </span>
     <span class='ocr_line' id='line_1_17' title="bbox 338 2261 1354 2359; baseline -0.004 -28"><span class='ocrx_word' id='word_1_105' title='bbox 338 2282 437 2331; x_wconf 86' lang='lat' dir='ltr'>stram</span> <span class='ocrx_word' id='word_1_106' title='bbox 452 2265 669 2336; x_wconf 84' lang='lat' dir='ltr'>israheliticae</span> <span class='ocrx_word' id='word_1_107' title='bbox 679 2270 787 2359; x_wconf 87' lang='lat' dir='ltr'>stirpis</span> <span class='ocrx_word' id='word_1_108' title='bbox 803 2268 999 2336; x_wconf 84' lang='lat' dir='ltr'>vocabulum</span> <span class='ocrx_word' id='word_1_109' title='bbox 1013 2267 1146 2358; x_wconf 86' lang='lat' dir='ltr'>adeptus</span> <span class='ocrx_word' id='word_1_110' title='bbox 1160 2261 1229 2336; x_wconf 80' lang='lat' dir='ltr'>est?</span> <span class='ocrx_word' id='word_1_111' title='bbox 1245 2284 1354 2331; x_wconf 86' lang='lat' dir='ltr'>noune</span> 
     </span>
     <span class='ocr_line' id='line_1_18' title="bbox 340 2363 1360 2465; baseline 0 -33"><span class='ocrx_word' id='word_1_112' title='bbox 340 2394 413 2436; x_wconf 90' lang='lat' dir='ltr'>cum</span> <span class='ocrx_word' id='word_1_113' title='bbox 429 2368 652 2462; x_wconf 85' lang='lat' dir='ltr'>quadrigentis</span> <span class='ocrx_word' id='word_1_114' title='bbox 673 2389 876 2441; x_wconf 84' lang='lat' dir='ltr'>catervarum</span> <span class='ocrx_word' id='word_1_115' title='bbox 891 2372 1051 2440; x_wconf 87' lang='lat' dir='ltr'>militibus</span> <span class='ocrx_word' id='word_1_116' title='bbox 1066 2384 1260 2465; x_wconf 81' lang='lat' dir='ltr'>occurrente</span> <span class='ocrx_word' id='word_1_117' title='bbox 1280 2363 1360 2462; x_wconf 81' lang='lat' dir='ltr'>suri·</span> 
     </span>
     <span class='ocr_line' id='line_1_19' title="bbox 339 2474 1360 2570; baseline -0.002 -30"><span class='ocrx_word' id='word_1_118' title='bbox 339 2474 455 2540; x_wconf 86' lang='lat' dir='ltr'>buuda</span> <span class='ocrx_word' id='word_1_119' title='bbox 475 2476 583 2543; x_wconf 81' lang='lat' dir='ltr'>fratris</span> <span class='ocrx_word' id='word_1_120' title='bbox 600 2481 767 2565; x_wconf 85' lang='lat' dir='ltr'>vaesania,</span> <span class='ocrx_word' id='word_1_121' title='bbox 789 2496 820 2544; x_wconf 88' lang='lat' dir='ltr'>et</span> <span class='ocrx_word' id='word_1_122' title='bbox 842 2481 937 2546; x_wconf 90' lang='lat' dir='ltr'>totius</span> <span class='ocrx_word' id='word_1_123' title='bbox 955 2479 1176 2570; x_wconf 77' lang='lat' dir='ltr'>germanitatis</span> <span class='ocrx_word' id='word_1_124' title='bbox 1189 2478 1260 2543; x_wconf 86' lang='lat' dir='ltr'>iura</span> <span class='ocrx_word' id='word_1_125' title='bbox 1278 2494 1360 2564; x_wconf 90' lang='lat' dir='ltr'>pro·</span> 
     </span>
     <span class='ocr_line' id='line_1_20' title="bbox 339 2576 1357 2676; baseline -0.004 -29"><span class='ocrx_word' id='word_1_126' title='bbox 339 2581 516 2671; x_wconf 87' lang='lat' dir='ltr'>pemodum</span> <span class='ocrx_word' id='word_1_127' title='bbox 543 2584 753 2672; x_wconf 85' lang='lat' dir='ltr'>calcitrante,</span> <span class='ocrx_word' id='word_1_128' title='bbox 775 2587 817 2651; x_wconf 89' lang='lat' dir='ltr'>ad</span> <span class='ocrx_word' id='word_1_129' title='bbox 840 2585 1056 2676; x_wconf 86' lang='lat' dir='ltr'>mitigandum</span> <span class='ocrx_word' id='word_1_130' title='bbox 1078 2583 1193 2652; x_wconf 87' lang='lat' dir='ltr'>hirsuti</span> <span class='ocrx_word' id='word_1_131' title='bbox 1221 2576 1357 2646; x_wconf 88' lang='lat' dir='ltr'>rabulae</span> 
     </span>
     <span class='ocr_line' id='line_1_21' title="bbox 340 2676 1360 2782; baseline -0.004 -30"><span class='ocrx_word' id='word_1_132' title='bbox 340 2708 533 2772; x_wconf 78' lang='lat' dir='ltr'>rancorem,</span> <span class='ocrx_word' id='word_1_133' title='bbox 550 2707 583 2755; x_wconf 88' lang='lat' dir='ltr'>ct</span> <span class='ocrx_word' id='word_1_134' title='bbox 601 2693 727 2782; x_wconf 86' lang='lat' dir='ltr'>antiqui</span> <span class='ocrx_word' id='word_1_135' title='bbox 751 2689 861 2757; x_wconf 87' lang='lat' dir='ltr'>livoris</span> <span class='ocrx_word' id='word_1_136' title='bbox 877 2693 1001 2758; x_wconf 88' lang='lat' dir='ltr'>rabiem</span> <span class='ocrx_word' id='word_1_137' title='bbox 1013 2740 1022 2773; x_wconf 89' lang='lat'>,</span> <span class='ocrx_word' id='word_1_138' title='bbox 1034 2676 1150 2780; x_wconf 82' lang='lat' dir='ltr'>septica</span> <span class='ocrx_word' id='word_1_139' title='bbox 1164 2686 1287 2752; x_wconf 86' lang='lat' dir='ltr'>iteratis</span> <span class='ocrx_word' id='word_1_140' title='bbox 1306 2684 1360 2748; x_wconf 85' lang='lat' dir='ltr'>in-</span> 
     </span>
     <span class='ocr_line' id='line_1_22' title="bbox 342 2788 1358 2869; baseline -0.003 -12"><span class='ocrx_word' id='word_1_141' title='bbox 342 2795 569 2863; x_wconf 84' lang='lat' dir='ltr'>curvationum</span> <span class='ocrx_word' id='word_1_142' title='bbox 593 2798 717 2865; x_wconf 84' lang='lat' dir='ltr'>vicibus</span> <span class='ocrx_word' id='word_1_143' title='bbox 740 2796 890 2866; x_wconf 87' lang='lat' dir='ltr'>cernulus</span> <span class='ocrx_word' id='word_1_144' title='bbox 912 2789 1157 2864; x_wconf 87' lang='lat' dir='ltr'>inclinabatur?</span> <span class='ocrx_word' id='word_1_145' title='bbox 1178 2793 1255 2859; x_wconf 87' lang='lat' dir='ltr'>Non</span> <span class='ocrx_word' id='word_1_146' title='bbox 1270 2788 1358 2869; x_wconf 83' lang='lat' dir='ltr'>enim</span> 
     </span>
     <span class='ocr_line' id='line_1_23' title="bbox 339 2890 1361 2991; baseline -0.006 -26"><span class='ocrx_word' id='word_1_147' title='bbox 339 2901 541 2986; x_wconf 87' lang='lat' dir='ltr'>septenarius</span> <span class='ocrx_word' id='word_1_148' title='bbox 565 2904 829 2991; x_wconf 88' lang='lat' dir='ltr'>supputationum</span> <span class='ocrx_word' id='word_1_149' title='bbox 856 2900 999 2968; x_wconf 83' lang='lat' dir='ltr'>calculus</span> <span class='ocrx_word' id='word_1_150' title='bbox 1025 2897 1142 2990; x_wconf 88' lang='lat' dir='ltr'>simpla</span> <span class='ocrx_word' id='word_1_151' title='bbox 1159 2913 1286 2964; x_wconf 89' lang='lat' dir='ltr'>tantum</span> <span class='ocrx_word' id='word_1_152' title='bbox 1306 2890 1361 2960; x_wconf 83' lang='lat' dir='ltr'>vel</span> 
     </span>
    </p>
   </div>
   <div class='ocr_carea' id='block_1_2' title="bbox 343 2996 1513 3095">
    <p class='ocr_par' dir='ltr' id='par_1_3' title="bbox 343 2996 1513 3095">
     <span class='ocr_line' id='line_1_24' title="bbox 343 2996 1513 3095; baseline -0.029 -3"><span class='ocrx_word' id='word_1_153' title='bbox 343 3000 491 3094; x_wconf 60' lang='grc' dir='ltr'>ὅθΡῑῦΡῙῑὶ</span> <span class='ocrx_word' id='word_1_154' title='bbox 519 2996 731 3090; x_wconf 77' lang='lat' dir='ltr'>decursione,</span> <span class='ocrx_word' id='word_1_155' title='bbox 753 3005 811 3074; x_wconf 88' lang='lat' dir='ltr'>sed</span> <span class='ocrx_word' id='word_1_156' title='bbox 836 3006 933 3072; x_wconf 88' lang='lat' dir='ltr'>etiam</span> <span class='ocrx_word' id='word_1_157' title='bbox 953 3003 1089 3095; x_wconf 86' lang='lat' dir='ltr'>decupla</span> <span class='ocrx_word' id='word_1_158' title='bbox 1121 2997 1364 3092; x_wconf 85' lang='lat' dir='ltr'>recapitulatio·</span> <span class='ocrx_word' id='word_1_159' title='bbox 1508 3026 1513 3045; x_wconf 65' lang='lat' dir='ltr'>e</span> 
     </span>
    </p>
   </div>
   <div class='ocr_carea' id='block_1_3' title="bbox 345 3104 1367 3204">
    <p class='ocr_par' dir='ltr' id='par_1_4' title="bbox 345 3104 1367 3204">
     <span class='ocr_line' id='line_1_25' title="bbox 345 3104 1367 3204; baseline 0.002 -33"><span class='ocrx_word' id='word_1_160' title='bbox 345 3108 397 3172; x_wconf 91' lang='lat' dir='ltr'>uis</span> <span class='ocrx_word' id='word_1_161' title='bbox 409 3110 510 3194; x_wconf 86' lang='lat' dir='ltr'>serie,</span> <span class='ocrx_word' id='word_1_162' title='bbox 522 3115 691 3203; x_wconf 83' lang='lat' dir='ltr'>mysticam</span> <span class='ocrx_word' id='word_1_163' title='bbox 710 3111 907 3204; x_wconf 85' lang='lat' dir='ltr'>portendere</span> <span class='ocrx_word' id='word_1_164' title='bbox 925 3109 1112 3202; x_wconf 80' lang='lat' dir='ltr'>allegoriam</span> <span class='ocrx_word' id='word_1_165' title='bbox 1127 3104 1289 3174; x_wconf 83' lang='lat' dir='ltr'>catholica</span> <span class='ocrx_word' id='word_1_166' title='bbox 1305 3125 1367 3193; x_wconf 75' lang='lat' dir='ltr'>pt·</span> 
     </span>
    </p>
   </div>
   <div class='ocr_carea' id='block_1_4' title="bbox 347 3209 1482 3309">
    <p class='ocr_par' dir='ltr' id='par_1_5' title="bbox 347 3209 1482 3309">
     <span class='ocr_line' id='line_1_26' title="bbox 347 3209 1482 3309; baseline -0.002 -33"><span class='ocrx_word' id='word_1_167' title='bbox 347 3228 433 3279; x_wconf 84' lang='lat' dir='ltr'>ttmm</span> <span class='ocrx_word' id='word_1_168' title='bbox 459 3214 591 3284; x_wconf 86' lang='lat' dir='ltr'>decreta</span> <span class='ocrx_word' id='word_1_169' title='bbox 614 3235 812 3286; x_wconf 76' lang='lat' dir='ltr'>sanxeruutt</span> <span class='ocrx_word' id='word_1_170' title='bbox 841 3215 1118 3309; x_wconf 87' lang='lat' dir='ltr'>quemadmodum</span> <span class='ocrx_word' id='word_1_171' title='bbox 1142 3210 1288 3280; x_wconf 81' lang='lat' dir='ltr'>inlustris</span> <span class='ocrx_word' id='word_1_172' title='bbox 1315 3209 1367 3274; x_wconf 85' lang='lat' dir='ltr'>vir</span> <span class='ocrx_word' id='word_1_173' title='bbox 1478 3282 1482 3293; x_wconf 52' lang='grc'>,</span> 
     </span>
    </p>
   </div>
   <div class='ocr_carea' id='block_1_5' title="bbox 347 3315 1392 4153">
    <p class='ocr_par' dir='ltr' id='par_1_6' title="bbox 347 3315 1392 4153">
     <span class='ocr_line' id='line_1_27' title="bbox 349 3315 1366 3415; baseline -0.001 -35"><span class='ocrx_word' id='word_1_174' title='bbox 349 3318 585 3387; x_wconf 81' lang='lat' dir='ltr'>desideriorum</span> <span class='ocrx_word' id='word_1_175' title='bbox 608 3323 651 3388; x_wconf 88' lang='lat' dir='ltr'>ab</span> <span class='ocrx_word' id='word_1_176' title='bbox 673 3323 743 3413; x_wconf 88' lang='lat' dir='ltr'>ipso</span> <span class='ocrx_word' id='word_1_177' title='bbox 762 3325 914 3393; x_wconf 89' lang='lat' dir='ltr'>tirocinio</span> <span class='ocrx_word' id='word_1_178' title='bbox 937 3321 1219 3402; x_wconf 86' lang='lat' dir='ltr'>rudimentorum,</span> <span class='ocrx_word' id='word_1_179' title='bbox 1235 3315 1316 3415; x_wconf 86' lang='lat' dir='ltr'>¹licet</span> <span class='ocrx_word' id='word_1_180' title='bbox 1331 3315 1366 3381; x_wconf 90' lang='lat' dir='ltr'>in</span> 
     </span>
     <span class='ocr_line' id='line_1_28' title="bbox 347 3423 1367 3519; baseline 0 -31"><span class='ocrx_word' id='word_1_181' title='bbox 347 3423 459 3490; x_wconf 89' lang='lat' dir='ltr'>medio</span> <span class='ocrx_word' id='word_1_182' title='bbox 482 3426 644 3495; x_wconf 87' lang='lat' dir='ltr'>barbarae</span> <span class='ocrx_word' id='word_1_183' title='bbox 663 3431 765 3519; x_wconf 88' lang='lat' dir='ltr'>gentis</span> <span class='ocrx_word' id='word_1_184' title='bbox 780 3431 902 3500; x_wconf 87' lang='lat' dir='ltr'>divinis</span> <span class='ocrx_word' id='word_1_185' title='bbox 925 3427 1067 3496; x_wconf 85' lang='lat' dir='ltr'>cultibus</span> <span class='ocrx_word' id='word_1_186' title='bbox 1087 3429 1311 3516; x_wconf 71' lang='lat' dir='ltr'>mancipatus,</span> <span class='ocrx_word' id='word_1_187' title='bbox 1334 3438 1367 3488; x_wconf 75' lang='lat' dir='ltr'>et</span> 
     </span>
     <span class='ocr_line' id='line_1_29' title="bbox 347 3526 1367 3615; baseline -0.001 -18"><span class='ocrx_word' id='word_1_188' title='bbox 347 3526 504 3598; x_wconf 87' lang='lat' dir='ltr'>Gabriele</span> <span class='ocrx_word' id='word_1_189' title='bbox 517 3554 636 3597; x_wconf 86' lang='lat' dir='ltr'>arcana</span> <span class='ocrx_word' id='word_1_190' title='bbox 652 3555 764 3599; x_wconf 87' lang='lat' dir='ltr'>rerum</span> <span class='ocrx_word' id='word_1_191' title='bbox 782 3531 917 3600; x_wconf 90' lang='lat' dir='ltr'>occultis</span> <span class='ocrx_word' id='word_1_192' title='bbox 933 3530 1081 3599; x_wconf 79' lang='lat' dir='ltr'>clavibus</span> <span class='ocrx_word' id='word_1_193' title='bbox 1101 3543 1281 3611; x_wconf 85' lang='lat' dir='ltr'>reserante,</span> <span class='ocrx_word' id='word_1_194' title='bbox 1294 3545 1367 3615; x_wconf 82' lang='lat' dir='ltr'>pro·</span> 
     </span>
     <span class='ocr_line' id='line_1_30' title="bbox 348 3624 1392 3728; baseline -0.005 -27"><span class='ocrx_word' id='word_1_195' title='bbox 348 3634 480 3724; x_wconf 88' lang='lat' dir='ltr'>phetico</span> <span class='ocrx_word' id='word_1_196' title='bbox 498 3636 622 3702; x_wconf 83' lang='lat' dir='ltr'>afflatus</span> <span class='ocrx_word' id='word_1_197' title='bbox 642 3639 761 3728; x_wconf 88' lang='lat' dir='ltr'>spiritu</span> <span class='ocrx_word' id='word_1_198' title='bbox 784 3639 905 3706; x_wconf 84' lang='lat' dir='ltr'><strong>·LXX·</strong></span> <span class='ocrx_word' id='word_1_199' title='bbox 928 3636 1192 3708; x_wconf 85' lang='lat' dir='ltr'>hebdomadibus</span> <span class='ocrx_word' id='word_1_200' title='bbox 1208 3624 1369 3725; x_wconf 83' lang='lat' dir='ltr'>usquead</span> <span class='ocrx_word' id='word_1_201' title='bbox 1389 3720 1392 3725; x_wconf 24' lang='grc'>1</span> 
     </span>
     <span class='ocr_line' id='line_1_31' title="bbox 348 3743 1369 3838; baseline -0.003 -28"><span class='ocrx_word' id='word_1_202' title='bbox 348 3769 448 3811; x_wconf 86' lang='lat' dir='ltr'>cunas</span> <span class='ocrx_word' id='word_1_203' title='bbox 470 3743 648 3813; x_wconf 88' lang='lat' dir='ltr'>bethlemei</span> <span class='ocrx_word' id='word_1_204' title='bbox 671 3744 764 3814; x_wconf 87' lang='lat' dir='ltr'>ducis</span> <span class='ocrx_word' id='word_1_205' title='bbox 782 3746 942 3838; x_wconf 89' lang='lat' dir='ltr'>populum</span> <span class='ocrx_word' id='word_1_206' title='bbox 963 3744 1088 3815; x_wconf 81' lang='lat' dir='ltr'>israhel</span> <span class='ocrx_word' id='word_1_207' title='bbox 1107 3758 1283 3836; x_wconf 87' lang='lat' dir='ltr'>gentesque</span> <span class='ocrx_word' id='word_1_208' title='bbox 1304 3762 1369 3829; x_wconf 88' lang='lat' dir='ltr'>po-</span> 
     </span>
     <span class='ocr_line' id='line_1_32' title="bbox 347 3846 1369 3943; baseline -0.004 -25"><span class='ocrx_word' id='word_1_209' title='bbox 347 3846 480 3918; x_wconf 89' lang='lat' dir='ltr'>stulates</span> <span class='ocrx_word' id='word_1_210' title='bbox 501 3852 536 3918; x_wconf 87' lang='lat' dir='ltr'>in</span> <span class='ocrx_word' id='word_1_211' title='bbox 561 3852 653 3943; x_wconf 77' lang='lat' dir='ltr'>virga</span> <span class='ocrx_word' id='word_1_212' title='bbox 677 3851 783 3920; x_wconf 81' lang='lat' dir='ltr'>ferrea</span> <span class='ocrx_word' id='word_1_213' title='bbox 808 3854 949 3921; x_wconf 79' lang='lat' dir='ltr'>recturi,</span> <span class='ocrx_word' id='word_1_214' title='bbox 978 3849 1118 3920; x_wconf 85' lang='lat' dir='ltr'>decursis</span> <span class='ocrx_word' id='word_1_215' title='bbox 1141 3847 1369 3938; x_wconf 84' lang='lat' dir='ltr'>porrectisque</span> 
     </span>
     <span class='ocr_line' id='line_1_33' title="bbox 350 3948 1370 4035; baseline -0.004 -14"><span class='ocrx_word' id='word_1_216' title='bbox 350 3954 514 4035; x_wconf 82' lang='lat' dir='ltr'>declarat;</span> <span class='ocrx_word' id='word_1_217' title='bbox 532 3958 596 4027; x_wconf 89' lang='lat' dir='ltr'>buc</span> <span class='ocrx_word' id='word_1_218' title='bbox 617 3976 663 4027; x_wconf 85' lang='lat' dir='ltr'>est</span> <span class='ocrx_word' id='word_1_219' title='bbox 677 3957 814 4026; x_wconf 88' lang='lat' dir='ltr'>evolutis</span> <span class='ocrx_word' id='word_1_220' title='bbox 833 3956 1000 4028; x_wconf 84' lang='lat' dir='ltr'>·xcvl11·</span> <span class='ocrx_word' id='word_1_221' title='bbox 1020 3953 1198 4024; x_wconf 83' lang='lat' dir='ltr'>lustrorum</span> <span class='ocrx_word' id='word_1_222' title='bbox 1220 3948 1370 4035; x_wconf 87' lang='lat' dir='ltr'>circulis,</span> 
     </span>
     <span class='ocr_line' id='line_1_34' title="bbox 349 4059 1368 4153; baseline -0.008 -23"><span class='ocrx_word' id='word_1_223' title='bbox 349 4061 437 4152; x_wconf 78' lang='lat' dir='ltr'>sprud</span> <span class='ocrx_word' id='word_1_224' title='bbox 462 4080 511 4131; x_wconf 87' lang='lat' dir='ltr'>eat</span> <span class='ocrx_word' id='word_1_225' title='bbox 535 4089 552 4129; x_wconf 91' lang='lat' dir='ltr'>a</span> <span class='ocrx_word' id='word_1_226' title='bbox 581 4065 734 4135; x_wconf 81' lang='lat' dir='ltr'>vicesimo</span> <span class='ocrx_word' id='word_1_227' title='bbox 761 4085 846 4132; x_wconf 87' lang='lat' dir='ltr'>anno</span> <span class='ocrx_word' id='word_1_228' title='bbox 870 4059 1057 4131; x_wconf 76' lang='lat' dir='ltr'>Artaxerxis</span> <span class='ocrx_word' id='word_1_229' title='bbox 1079 4059 1171 4153; x_wconf 84' lang='lat' dir='ltr'>regni</span> <span class='ocrx_word' id='word_1_230' title='bbox 1192 4059 1368 4128; x_wconf 84' lang='lat' dir='ltr'>Persarum</span> 
     </span>
    </p>
   </div>
   <div class='ocr_carea' id='block_1_6' title="bbox 596 4217 726 4264">
    <p class='ocr_par' dir='ltr' id='par_1_7' title="bbox 596 4217 726 4264">
     <span class='ocr_line' id='line_1_35' title="bbox 596 4217 726 4264; baseline 0.008 -1"><span class='ocrx_word' id='word_1_231' title='bbox 596 4251 623 4263; x_wconf 49' lang='lat' dir='ltr'>a.</span> <span class='ocrx_word' id='word_1_232' title='bbox 634 4217 726 4264; x_wconf 69' lang='grc' dir='ltr'>...κ’</span> 
     </span>
    </p>
   </div>
   <div class='ocr_carea' id='block_1_7' title="bbox 0 0 1707 5206">
    <p class='ocr_par' dir='ltr' id='par_1_8' title="bbox 0 0 1707 5206">
     <span class='ocr_line' id='line_1_36' title="bbox 0 0 1707 5206; baseline 0 0"><span class='ocrx_word' id='word_1_233' title='bbox 0 0 1707 5206; x_wconf 95' lang='lat' dir='ltr'> </span> 
     </span>
    </p>
   </div>
  </div>
 </body>
</html>
