3382 5206
381 507 432 604 46
568 560 570 565 -
747 529 896 581 rrrsrou
922 531 977 581 ιιι.

353 645 456 718 tivam
475 640 614 715 dualem
633 666 705 713 esse
724 637 862 713 dicebat
881 688 895 731 5
919 656 960 717 ut
981 640 1112 722 calesco
1139 639 1265 716 calisco
1289 698 1300 732 ‚
1326 643 1367 715 li·

351 790 478 866 quesco
497 760 646 863 liquisco
663 817 675 850 ,
694 788 816 835 acesco
834 759 960 839 seiano.

433 909 489 959 ra.
512 880 584 956 Cui
604 879 773 957 Sedulius
789 905 974 971 romantio,
990 879 1043 955 vir
1060 879 1250 965 admodum
1267 881 1366 982 inge·

347 1005 407 1077 nio
426 1021 583 1094 acutus,
602 1020 704 1103 atque
726 1001 926 1102 eloquentia
945 1001 1026 1076 satis
1045 1000 1193 1077 floridus
1213 1058 1223 1092 ,
1248 1003 1362 1077 taliter

345 1143 552 1225 responsum
576 1120 894 1223 conpositissirnum
917 1119 1034 1196 dedit.
1058 1118 1094 1197 0
1121 1122 1175 1196 vir
1199 1122 1290 1197 bone
1319 1158 1361 1205 ae

345 1243 524 1316 mitissime
552 1241 641 1315 civis,
665 1294 681 1330 ,1
707 1239 785 1314 noli
809 1241 948 1317 turbare
974 1238 1092 1317 sedata
1118 1239 1360 1319 Romanorum
1418 1319 1421 1323 ,

346 1362 500 1464 scripta,
521 1384 615 1462 quus
629 1361 673 1436 ab
691 1360 764 1462 ipsa
782 1360 962 1439 latinitatis
983 1360 1233 1453 constitutione
1252 1364 1360 1440 inlae-

345 1510 381 1555 sa
401 1500 438 1558 et
456 1483 667 1557 inconcussa
686 1509 784 1557 nunc
804 1509 914 1583 usque
934 1481 1267 1580 perduraruntflas
1287 1503 1359 1561 ete·

342 1605 417 1678 nirn
435 1604 621 1678 verborum
640 1604 766 1678 fortnas
785 1603 862 1678 suis
877 1602 977 1676 lineis
997 1631 1131 1705 suoque
1159 1603 1282 1685 ordine
1303 1635 1358 1681 ro·

235 1752 239 1765 ·
341 1752 445 1799 mana
470 1725 751 1828 eloquentissima
779 1753 995 1825 conposuere
1014 1725 1165 1826 scripta,
1185 1743 1225 1801 ut
1244 1728 1356 1802 forma

339 1844 593 1946 frequentativa
612 1847 718 1921 certis
737 1845 848 1921 verbio
877 1845 1042 1922 accedat:
1070 1844 1099 1921 si
1126 1847 1219 1923 enim
1245 1851 1356 1923 omni-

339 1963 405 2039 bus
423 1967 536 2040 verbis
556 1966 712 2042 eamdem
732 1966 877 2039 sormam
903 1963 1068 2038 accedere
1094 1964 1242 2041 fidenter
1267 1995 1356 2042 asse·

336 2085 451 2159 rueris
469 2142 480 2175 ‚
500 2112 640 2159 necesse
659 2085 802 2158 habebis
828 2082 983 2184 exempla
1009 2084 1163 2184 prolerre
1184 2141 1194 2174 ‚
1222 2085 1353 2184 quibus

336 2206 527 2280 sententiae
549 2222 629 2279 tuae
648 2204 873 2279 manifestum
892 2203 1053 2278 ostendas
1072 2203 1351 2303 probamentum

336 2323 440 2421 Nulli
459 2323 590 2397 etenim
609 2315 659 2396 sas
679 2340 751 2413 eat,
771 2343 908 2423 praeter
929 2323 1053 2397 usitata
1072 2323 1351 2425 verba‚1aliquid

333 2442 451 2543 eloqui
469 2442 544 2516 sine
565 2442 731 2543 exemplo.
754 2440 845 2538 Quis
865 2442 961 2516 enim
982 2441 1049 2515 sibi
1067 2441 1159 2515 viam
1184 2443 1349 2518 orationis

333 2564 464 2663 pandat
486 2567 551 2663 (a),
566 2590 673 2663 quam
684 2563 776 2638 nulli
795 2563 893 2665 prius
912 2563 1072 2637 attrivere
1088 2570 1349 2662 praecessores?

331 2680 424 2780 Ergo
444 2682 539 2785 qnod
558 2681 648 2755 dicis
668 2682 734 2756 tria
754 2709 828 2755 esse
848 2682 1125 2782 frequentativae
1144 2683 1276 2757 lormae
1296 2686 1348 2759 in·

333 2820 511 2878 crementa
530 2860 540 2892 ,
560 2819 596 2875 et
616 2800 812 2877 inchoativa
831 2801 914 2874 bina
933 2857 942 2889 ,
964 2800 1077 2901 planis
1097 2800 1271 2878 maiorum
1289 2831 1347 2903 ap

328 2923 473 3022 probato
493 2922 680 3024 exemplis,
696 2940 740 2998 ut
758 2924 788 2996 si
809 2922 1048 3023 approbaveris
1062 2981 1072 3014 ,
1084 2922 1266 3024 duplicem
1284 2953 1346 3000 no·

326 3042 382 3116 bis
402 3045 546 3139 gratiam
566 3045 722 3117 conferas
744 3072 753 3118 t
781 3059 814 3116 te
842 3042 937 3116 enim
955 3040 1105 3117 veritatis
1134 3042 1345 3119 adsertorem

326 3162 533 3235 monstrabis
552 3219 562 3251 ‚
584 3180 619 3236 et
638 3189 702 3236 nos
721 3163 848 3236 horum
873 3220 883 3252 ,
908 3191 997 3263 quae
1026 3163 1170 3240 fortasse
1201 3165 1344 3264 penitus

325 3280 584 3379 ignoravimus,
605 3282 898 3385 expertosllacies.
1027 3297 1030 3300 ’

332 3453 336 3461 -
408 3403 463 3477 ι3.
488 3400 561 3475 Cui
579 3401 736 3502 Regulus
756 3404 869 3477 multa
889 3431 931 3476 ex
950 3419 1110 3479 veterum
1133 3405 1341 3479 auctoritate

323 3521 537 3623 protendens
558 3579 567 3611 ,
587 3523 756 3623 quaedam
776 3549 818 3596 ex
838 3523 879 3596 iis
897 3551 987 3623 quae
1007 3522 1144 3597 dixerat
1163 3525 1339 3600 verissima

322 3666 395 3711 esse
420 3640 577 3739 probavit
600 3672 609 3717 ε
635 3641 806 3715 nonnulla
834 3669 955 3716 eorum
982 3641 1120 3745 penitus
1146 3660 1235 3718 stare
1263 3673 1337 3720 nou

320 3785 418 3858 posse
441 3815 451 3848 ‚
473 3760 659 3835 fortissima
678 3760 916 3835 destructione
939 3761 1118 3837 convictus
1139 3780 1201 3839 eat.
1221 3761 1274 3836 Ειι
1294 3765 1337 3839 iis

320 3892 460 3968 autem,
480 3906 569 3980 quae
588 3907 667 3955 vera
687 3910 760 3956 esse
778 3881 867 3956 nulli
887 3882 1073 3973 dubitant,
1094 3882 1242 3986 exempli
1263 3911 1337 3982 gra-

384 4026 422 4090 (s)
441 4031 496 4077 Cod.
506 4037 620 4090 pinguae·
