3382 5206
356 527 428 601 rrfi
721 554 865 601 rrrrunr
892 557 944 602 ιιι.

319 661 422 749 rion,
441 664 617 773 taminon,
629 661 899 763 raphaluthfr),
920 680 954 737 et
967 665 1105 753 cetera,
1125 666 1255 766 quibus
1266 684 1339 740 orn·

319 780 378 857 nis
409 782 555 855 humani
585 782 726 881 generis
755 782 825 855 virn
855 783 1040 880 gubernari
1070 801 1205 883 putant.
1243 785 1341 861 Haec

319 900 400 976 ideo
418 902 574 1000 patitur,
594 903 677 1002 quia
696 902 734 975 in
753 902 867 1002 prima
887 919 994 976 nocte
1014 930 1083 1002 qua
1103 922 1244 977 uxorata
1265 922 1338 994 est,

319 1019 506 1107 monmah,
537 994 586 1120 (ai
612 1019 777 1116 belgnlith
798 1038 1059 1109 cucurrerunt,
1085 1020 1121 1092 id
1145 1038 1199 1095 est
1220 1022 1340 1094 stellae

319 1137 421 1215 duae.
442 1137 596 1239 Physica
617 1140 667 1241 (b)
688 1140 754 1217 hoc
776 1156 830 1213 eet
844 1138 1137 1240 rationabiliefc),
1157 1168 1264 1241 super
1281 1168 1340 1214 na·

322 1274 401 1332 turs
421 1285 543 1334 rerum
560 1259 701 1357 attingit
717 1259 1004 1359 disputationem

405 1401 461 1453 ro.
487 1375 580 1450 Illud
604 1405 747 1478 quoquo
778 1377 875 1450 omni
904 1377 1055 1478 sapienti
1081 1377 1266 1454 sciendum
1291 1393 1340 1449 at-

253 1468 262 1495 i
321 1523 393 1598 qno
413 1495 644 1573 scrutandum
664 1512 742 1586 ost,
761 1496 937 1596 qnornodo
959 1514 994 1571 et
1012 1496 1163 1597 qualiter
1184 1525 1260 1570 sese
1273 1496 1343 1595 pla·

322 1631 400 1692 stus
426 1616 529 1688 homo
562 1616 711 1710 habeat3
740 1616 804 1716 qui
834 1616 946 1715 primo
975 1615 1129 1716 plasturn
1161 1645 1203 1690 ex
1230 1617 1341 1704 limo,

320 1734 451 1810 deinde
470 1736 588 1808 offlam
609 1762 650 1807 ex
672 1735 938 1834 superioribus3
958 1751 993 1809 et
1009 1735 1097 1809 haec
1119 1736 1343 1809 ineffabiliter

323 1853 521 1931 cuniuncta
550 1853 680 1940 habet,
709 1853 873 1928 dissimili
902 1870 1029 1932 natura
1059 1854 1097 1926 in
1127 1854 1342 1955 semetipso
1405 1916 1407 1931 ι

323 1972 521 2070 perfruens.
542 1969 704 2047 Plastum
721 1970 865 2071 quidem
882 1971 984 2072 quasi
1010 1973 1048 2044 in
1079 1971 1222 2047 materia
1248 1972 1344 2048 vilio·

321 2117 361 2164 rs
382 2107 626 2190 compactum,
647 2106 768 2191 utpote
789 2118 830 2163 ex
859 2089 1006 2191 liquidis
1031 2108 1068 2165 et
1092 2091 1224 2181 aridis,
1250 2092 1345 2189 frigi-

323 2209 378 2283 dis
387 2209 492 2286 rebus
504 2236 698 2298 conexum,
717 2209 898 2289 infibulati
912 2209 977 2284 sibi
989 2211 1088 2301 effla,
1108 2239 1199 2311 quae
1213 2228 1264 2284 est
1274 2211 1347 2283 ani·

323 2356 402 2419 ma,
421 2330 526 2408 horno
550 2329 600 2430 (d)
632 2328 831 2428 deputatur.
860 2313 932 2410 S'ed
959 2331 1042 2431 quia
1067 2331 1183 2405 anima
1210 2331 1346 2406 adhoc

324 2468 465 2525 tantum
484 2451 630 2552 imperat
652 2450 814 2550 corpori,
835 2452 1040 2541 utanimet,
1054 2453 1148 2527 sicut
1168 2470 1204 2526 et
1228 2453 1347 2526 omnia

326 2572 543 2667 animantia3
564 2590 645 2671 ergo
664 2573 733 2644 nisi
753 2573 839 2645 haec
861 2572 978 2644 omnia
998 2589 1154 2645 mentem
1183 2589 1217 2644 ct
1246 2572 1347 2645 ratio·

327 2718 410 2766 nem
441 2691 624 2785 hahuerit,
655 2691 744 2764 nihil
769 2691 812 2763 ab
831 2691 1069 2765 animantibus
1088 2691 1218 2764 differt
1239 2690 1350 2764 Mens

304 2808 426 2881 'enirn
444 2808 490 2882 de
510 2808 691 2881 metiendo
710 2809 825 2897 diota,
856 2809 998 2908 quando
1028 2808 1251 2886 subtiliorum
1272 2838 1351 2883 sen·

326 2953 435 3004 suum
453 2953 655 2999 mensuram
674 2926 787 3026 aperit
811 2926 969 3021 animae,
995 2927 1032 2998 in
1057 2954 1128 3026 qua
1157 2927 1348 3026 capacitate

328 3028 388 3121 tali
425 3046 576 3147 quadam
601 3048 703 3121 'facta
743 3047 904 3145 superior
930 3046 1018 3122 ratio
1045 3047 1162 3120 infusa
1192 3050 1350 3148 perfecte

328 3193 406 3240 eam
423 3195 545 3267 sapere
565 3165 656 3239 facit.
677 3163 819 3265 Triplex
839 3165 984 3266 quidem
1007 3165 1045 3237 in
1071 3167 1216 3241 homine
1239 3184 1349 3241 status

329 3301 391 3361 est,
411 3282 543 3357 Anima
561 3283 707 3384 quidem
731 3283 902 3363 naturalia
929 3283 1035 3384 sapit,
1063 3284 1100 3356 in
1126 3313 1196 3386 qua
1224 3302 1276 3358 est
1300 3285 1352 3356 in-

328 3404 498 3503 genium,
525 3402 568 3474 de
597 3403 741 3501 ingenio
768 3404 860 3477 vitae
889 3403 1050 3476 creatoris
1078 3404 1146 3476 sibi
1176 3405 1349 3481 insertum

327 3550 371 3599 ac
391 3523 623 3602 nominatum
641 3521 754 3597 Mens
780 3538 901 3599 autem
926 3522 1069 3595 moralia
1094 3522 1292 3620 intellegit,
1314 3523 1358 3607 in,

330 3670 401 3744 qua
421 3659 475 3724 est
495 3641 684 3731 memoria,
704 3670 773 3747 qua
792 3641 866 3722 visa
884 3641 939 3716 vel
957 3642 1077 3718 audita
1097 3643 1271 3718 tenaciter
1283 3669 1355 3716 me-

411 3822 449 3885 (ι)
465 3823 520 3871 cod·
536 3837 649 3868 nicaeum.
697 3819 737 3888 (l)
754 3822 808 3871 cod·
824 3832 850 3867 ee
865 3829 952 3882 picam.
994 3820 1034 3888 (e)
1050 3828 1124 3889 liliano
1146 3822 1274 3869 ratisratis·
1292 3829 1348 3869 Num

336 3901 531 3948 namncticae
545 3902 624 3960 logico
656 3897 698 3968 (d)
723 3902 779 3947 eod.
806 3907 908 3946 mamert.

412 4039 454 4115 (ι)
473 4040 659 4099 Gnosticorum
677 4041 743 4098 hoec
762 4041 803 4098 rel
821 4040 977 4113 astrologiae
995 4040 1196 4115 superstitiosae
1215 4024 1342 4096 vidontoi

346 4130 482 4191 vocabula.
