3382 5206
719 590 765 635 Μ
793 552 942 636 militib·

324 693 460 768 pactibus.
479 705 506 748 ct
526 692 558 746 ab
579 708 614 746 ·e·
629 703 750 763 correpta
768 711 820 745 no-

330 784 402 836 mina
420 782 511 835 iacere
529 783 752 834 demonstrantur.
782 779 824 831 Sic

327 882 451 926 etcetera
463 867 588 925 nomina.
606 884 676 936 quae
706 865 825 919 ablativo

331 977 394 1012 casu
413 957 513 1010 numeri
533 952 674 1022 singularis
694 971 732 1004 ιιι·
751 951 827 1004 litte·

328 1064 359 1099 ra
384 1046 573 1100 terminantur.
591 1052 619 1094 et
651 1040 756 1094 dativus
784 1038 826 1091 vel

331 1134 462 1188 ablativos
479 1148 573 1185 casuus
591 1129 692 1183 numeri
712 1126 824 1200 pluralis

330 1216 632 1275 cruciaminibus
656 1233 726 1287 quae
751 1212 828 1266 abla-

329 1313 387 1366 tivo
413 1326 476 1364 casu
504 1309 605 1363 numeri
623 1305 765 1373 singularis
790 1320 826 1356 ·e·

332 1401 423 1455 littera
441 1397 636 1452 terminantur.
660 1393 759 1447 similes
777 1391 828 1443 ba·

330 1486 391 1541 bere
409 1485 609 1557 repperiuntur.
630 1480 657 1534 in
667 1480 757 1533 eodem
776 1477 827 1530 da-

337 1577 394 1630 tito
413 1594 475 1628 casu
495 1572 598 1627 numeri
616 1571 728 1644 pluralis
739 1580 767 1622 et
781 1585 827 1639 per

333 1664 364 1715 ·i·
382 1675 411 1716 et
428 1680 473 1734 per
493 1680 531 1714 ·u·
551 1661 669 1714 litteram
687 1669 750 1711 ante
763 1655 827 1708 ulti-

332 1753 451 1806 ultimam
471 1746 598 1819 syllabam
612 1747 694 1800 scribi
712 1763 828 1818 pronun·

331 1841 442 1894 tlmtur.

366 1930 433 1981 Item
444 1926 474 1979 in
483 1924 636 1998 supradicta
651 1922 733 1976 forma
747 1937 828 1991 quae·

331 2013 399 2066 ritur
424 2014 524 2070 vitus.
556 2030 615 2065 cum
641 2010 763 2064 dativum
787 2008 829 2063 vel

332 2100 479 2154 ablativum
499 2118 586 2153 casum
607 2098 710 2152 numeri
738 2097 830 2167 plura·

332 2189 366 2244 lis
396 2190 494 2243 similes
529 2205 588 2239 cum
622 2186 675 2240 illis
712 2182 831 2239 nomini·

331 2278 398 2337 bus.
416 2294 485 2348 quae
507 2275 625 2329 ablativo
650 2293 714 2328 casu
736 2291 829 2327 nume

332 2370 356 2423 ri
386 2367 527 2437 singularis
557 2382 591 2418 ·e·
623 2366 714 2419 littera
740 2383 828 2419 corre·

332 2468 380 2530 pta
393 2457 591 2513 terminantur.
610 2453 707 2507 babere
734 2469 827 2523 reppe-

335 2546 438 2602 riatur.
466 2543 573 2614 quade
601 2560 680 2595 causa
700 2542 727 2594 in
747 2541 829 2594 isdem

335 2634 497 2705 supradictis
515 2631 619 2685 casibus
636 2642 698 2684 ante
711 2630 829 2683 ultimam

337 2721 464 2792 syllabam
484 2740 535 2773 non
563 2731 590 2774 et
617 2738 663 2790 per
683 2719 713 2770 ·i·
732 2731 759 2771 et
782 2736 831 2789 per

336 2830 375 2863 ·u·
404 2811 519 2864 litteram
550 2810 736 2881 pronuntietur
761 2809 830 2862 scri-

334 2896 384 2953 bit
402 2900 452 2952 bac
471 2900 504 2951 de
512 2916 591 2951 causa
601 2934 608 2955 ,
619 2898 744 2967 quoniam
758 2897 830 2949 ritus

335 3006 387 3040 raon
404 2987 502 3041 similes
521 2986 714 3055 suprascriptos
735 3001 829 3036 casuue

338 3076 433 3130 babere
446 3094 505 3127 cum
522 3075 572 3128 illis
583 3073 747 3131 nominibus.
761 3090 830 3144 quae

335 3164 451 3218 ablativo
470 3182 532 3216 casu
558 3165 658 3217 numeri
686 3165 829 3233 singularis

337 3269 372 3304 ·c·
392 3253 480 3305 littera
511 3251 613 3305 scilicet
639 3264 758 3324 correpta
779 3264 828 3306 ter·

335 3342 486 3399 minantur.
511 3339 717 3410 pronuntiatum
744 3342 832 3411 siqui-

337 3429 396 3479 dem
416 3426 451 3479 ab
469 3427 520 3479 hac
538 3431 612 3482 vitu.
632 3428 673 3480 his
685 3429 725 3480 vel
741 3428 775 3480 ab
792 3428 834 3481 his

338 3518 439 3570 vitibus
449 3535 537 3588 presso
553 3528 662 3569 accentu
677 3517 833 3588 pronuntia-

338 3616 398 3657 tur:
422 3616 450 3657 at
479 3623 540 3658 vero
562 3603 595 3656 ab
625 3605 676 3656 bac
702 3604 774 3659 vite,
793 3603 835 3655 bis

336 3692 375 3744 vel
394 3692 429 3744 ab
447 3693 489 3744 bis
508 3692 625 3747 vitibus,
647 3703 725 3745 acuto
745 3708 835 3743 accen·

335 3794 364 3833 tu
391 3793 529 3835 tenuatur:
555 3792 582 3833 et
602 3782 661 3833 ideo
679 3781 752 3835 ritus
785 3782 832 3833 da·

339 3872 395 3926 tivo
425 3872 465 3924 vel
490 3872 607 3927 ablativo
637 3890 698 3924 casu
732 3873 833 3925 numeri

1281 563 1349 639 235

874 691 983 762 pluralis
1011 703 1072 746 ante
1097 691 1217 744 ultimam
1236 691 1364 761 syllabam

878 798 925 850 per
945 780 975 831 ·i·
996 791 1100 833 tautum
1122 778 1237 833 litteram
1262 797 1375 849 pronun·

879 876 971 920 tratur.

914 953 980 1006 ltem
1000 954 1027 1006 in
1047 955 1095 1007 bac
1115 953 1197 1006 torma
1226 962 1276 1021 qua
1299 951 1375 1004 dixi-

877 1057 953 1097 mus,
973 1038 1091 1094 ablativo
1113 1058 1176 1092 casu
1196 1039 1298 1092 numeri
1316 1041 1375 1092 ain·

877 1131 977 1199 gularis
1005 1131 1112 1184 uomina
1138 1151 1176 1182 ·u·
1201 1131 1293 1184 littera
1321 1140 1374 1183 ter·

878 1223 988 1281 minari.
1007 1224 1145 1294 quaeeritnr
1155 1259 1162 1280 .
1173 1240 1228 1292 qua
1241 1222 1275 1274 de
1292 1238 1373 1274 causa

879 1315 970 1368 eadem
988 1312 1094 1366 nomina
1110 1314 1138 1367 in
1153 1312 1316 1366 nominativo
1331 1326 1374 1362 ac·

878 1402 999 1456 cusatiro
1015 1411 1043 1454 et
1061 1400 1183 1455 vocativo
1202 1414 1265 1450 caru
1283 1414 1373 1450 name·

879 1490 904 1542 ri
920 1488 1030 1561 pluralis
1048 1499 1107 1559 pust
1130 1484 1250 1540 ultimam
1278 1500 1373 1537 consu-

880 1590 988 1632 nantem
1005 1596 1058 1632 nnn
1076 1594 1121 1648 per
1139 1576 1206 1627 duas
1224 1570 1315 1642 σαψ]
1327 1588 1373 1641 per

881 1682 961 1718 unam
989 1682 1027 1715 «ιιι
1058 1663 1174 1716 litteram
1192 1661 1374 1733 repperiantur

879 1747 977 1807 scribi?
987 1751 1037 1803 bac
1045 1748 1306 1818 decauaa.quoniam
1321 1758 1374 1798 on·

879 1839 925 1893 nit
944 1838 1051 1893 nomina
1068 1837 1169 1905 generis
1186 1833 1325 1888 masculini
1336 1832 1372 1885 si·

881 1946 913 1983 ve
931 1926 1050 1983 seminini
1075 1925 1239 1980 nominativo
1266 1939 1375 1975 accusa·

853 2075 856 2081 ,
881 2018 938 2072 tivo
955 2015 1077 2070 vocativo
1105 2032 1167 2067 cusu
1191 2011 1292 2066 numeri
1313 2010 1373 2081 plu·

881 2105 943 2158 ralis
964 2122 1022 2157 cum
1041 2103 1158 2157 ablativo
1183 2119 1247 2156 casu
1273 2097 1374 2154 numeri

882 2194 1022 2265 singularis
1050 2194 1107 2266 pari
1134 2210 1241 2246 numero
1259 2189 1376 2260 syllaba·

884 2303 940 2337 rum
959 2286 1111 2338 confirmata
1123 2292 1185 2335 sunt
1197 2278 1375 2351 pronuntiari.

884 2376 960 2428 Nunc
977 2373 1057 2426 etiam
1076 2369 1126 2422 boc
1147 2366 1376 2437 monemus.quud

875 2462 947 2523 ,baec
965 2460 1071 2515 nomina
1092 2460 1119 2511 in
1133 2455 1296 2527 supradictis
1309 2457 1376 2507 casi-

882 2550 933 2603 bus
953 2561 1014 2601 ante
1033 2548 1152 2601 ultimum
1171 2545 1273 2597 scilicet
1296 2541 1377 2610 sylla·

884 2635 945 2688 bam
955 2636 1011 2690 sive
1022 2653 1067 2706 per
1081 2651 1158 2685 unam
1172 2633 1227 2685 sive
1246 2646 1290 2701 per
1311 2629 1377 2680 duas

884 2745 921 2776 ·u·
935 2725 1037 2778 litteras
1054 2723 1219 2777 scribuntur,
1240 2720 1267 2771 in
1287 2717 1376 2770 metris

882 2814 924 2868 rei
943 2813 1083 2867 structuris
1103 2829 1156 2864 una
1174 2811 1273 2862 virtute
1291 2805 1377 2877 accipi

882 2912 1047 2955 censeantur.
1058 2903 1097 2953 De
1116 2899 1232 2952 ablativo
1251 2914 1313 2950 casu
1329 2914 1375 2948 nu·

883 2996 947 3049 meri
965 2993 1125 3061 singularis,
1152 2993 1200 3063 qui
1221 3011 1258 3043 ·n·
1288 2991 1377 3043 littera

885 3082 1055 3138 terminatur,
1067 3091 1198 3150 quaritum
1214 3078 1282 3131 ratio
1292 3093 1377 3148 posce·

883 3171 943 3229 bat.
964 3168 1146 3225 tractavimus.

1055 3255 1101 3314 65.
1122 3275 1157 3311 na
1173 3274 1214 3310 aa·

922 3349 972 3399 ull·
991 3347 1082 3400 littera
1101 3344 1235 3396 ablativus
1243 3359 1318 3393 casus
1329 3358 1378 3392 nn-
1436 3334 1439 3341 ’

887 3436 951 3487 meri
962 3432 1103 3501 singularis
1121 3431 1276 3484 terminatus
1297 3446 1377 3479 unum

887 3525 937 3575 boc
964 3539 1045 3587 gentis
1064 3520 1185 3573 continet
1209 3528 1328 3570 tantum.
1349 3514 1376 3566 it

888 3622 929 3664 est
947 3628 1031 3663 omne.

413 4043 452 4102 (a)
470 4049 505 4089 lta
518 4042 569 4090 eorl.
582 4057 633 4088 eum
649 4052 674 4095 t,
686 4046 727 4104 qui
739 4053 773 4089 eat
790 4046 931 4090 archaismus
943 4047 1023 4091 sbrius
1032 4048 1055 4117 ia
1064 4044 1142 4090 cedias
1154 4045 1270 4090 cismai·
1279 4042 1306 4088 ἀι
1320 4060 1368 4105 rep.
