3382 5206
353 512 403 607 34
457 462 460 468 λ
732 538 883 591 crurum
903 540 937 587 ιι.

323 675 365 722 re,
383 665 566 746 negantur.
588 646 649 720 Est
670 663 704 720 et
731 646 797 722 alia
824 675 926 721 causa
950 630 962 736 ‚⁴
989 675 1060 747 qua
1085 649 1171 722 llaec
1200 650 1344 723 nomina

322 767 462 843 adiecta
482 768 600 869 potius
619 795 727 869 quam
744 769 970 868 praenomina
992 788 1203 844 censeantur
1226 827 1236 858 ,
1261 768 1345 870 quia

323 888 485 963 neutrale
505 915 636 961 nomen
656 888 694 962 in
710 915 751 960 ·e·
768 888 971 976 liabent‚ut
990 887 1059 961 tale
1078 888 1259 989 qualeDe
1276 889 1346 962 liiio
1448 960 1450 965 ι

227 1080 228 1085 ,
324 1009 588 1110 pronominibus
607 1008 663 1082 vel
682 1008 890 1083 nominibus
906 1008 985 1082 talia
1005 1008 1100 1083 dicta
1119 1010 1199 1084 sint.

399 1135 455 1204 rc.
474 1126 555 1202 Alia
573 1144 658 1204 eunt
678 1127 903 1228 pronomina,
921 1155 1012 1227 quae
1033 1129 1207 1225 geminata
1218 1155 1344 1202 vocan-

322 1261 417 1336 tur,
449 1262 489 1320 ut
519 1247 670 1348 quisque
690 1243 851 1346 quaeqda
869 1245 1054 1345 quodquid
1075 1276 1084 1321 ι
1109 1246 1206 1322 unde
1239 1264 1273 1319 et
1304 1246 1343 1318 in

321 1365 471 1440 ablativo
492 1394 576 1441 casu
594 1365 764 1440 hahemus
782 1392 802 1439 a
822 1388 894 1464 quo
913 1363 969 1438 vel
988 1393 1008 1436 a
1027 1364 1144 1465 qui‹,a
1162 1393 1230 1464 qua
1249 1362 1306 1437 rel
1324 1393 1344 1437 a

323 1485 391 1586 qui
412 1540 422 1572 ‚
448 1484 619 1584 aquibus
638 1482 694 1556 vel
713 1512 733 1555 a
752 1482 844 1583 quia.
863 1480 1058 1582 Aliquibus
1084 1500 1202 1556 tamen
1228 1481 1345 1555 visum

322 1619 377 1693 est
395 1615 420 1667 ‘=‘
434 1602 503 1704 qui
515 1651 540 1690 ι,
559 1601 627 1675 alia
644 1600 884 1679 declinatione
897 1601 1023 1701 potiri,
1035 1619 1078 1677 ut
1097 1602 1211 1677 tribus
1224 1618 1343 1676 tamen

319 1723 457 1799 vicibus
477 1721 685 1802 flecteretur
707 1720 925 1795 nominativo
957 1721 1144 1821 utriusque
1169 1721 1310 1801 numeri
1334 1776 1343 1808 ‚

321 1860 358 1921 ot
374 1841 521 1919 ablativo
544 1840 693 1916 totidem
712 1840 898 1940 utriusque
912 1842 1061 1918 numeri.
1072 1840 1249 1915 Nonnulli
1261 1868 1343 1915 con·

323 1960 580 2064 tendunt“qui
590 2018 615 2052 ‚,
624 1961 721 2034 omni
732 1962 854 2058 generi
865 1962 1048 2063 quoaptari
1061 1963 1106 2062 (a)
1117 1990 1215 2062 posse
1224 1991 1234 2056 ;
1243 1963 1344 2062 quip

321 2110 366 2184 pe
388 2109 472 2157 cum
483 2082 523 2157 in
536 2081 684 2157 ulrlativo
704 2080 898 2159 dicamusa
914 2082 1085 2183 quirino,
1104 2084 1202 2182 aqui
1221 2082 1346 2156 mulie·

320 2232 383 2292 re,
404 2202 506 2303 aqui
525 2216 631 2302 opere
645 2232 654 2278 t
666 2202 738 2274 sive
758 2202 885 2277 horum
905 2202 1082 2277 sententia
1100 2220 1192 2276 stare
1213 2201 1340 2289 debet,

322 2322 460 2424 “'qui,‚
472 2315 690 2423 peromnem
701 2349 894 2397 numerum
905 2350 1117 2422 omnemque
1131 2350 1250 2397 casum
1271 2349 1342 2394 mo-

320 2459 466 2544 noptota
485 2442 637 2542 quadam
656 2441 894 2517 declinatione
914 2444 1056 2516 fruetur
1074 2472 1083 2518 z
1110 2460 1152 2516 ut
1177 2442 1241 2540 qui
1260 2441 1313 2514 vir
1332 2496 1341 2527 ,

320 2564 384 2665 qui
403 2563 502 2650 viri,
529 2562 594 2662 qui
611 2562 684 2634 viro
708 2619 718 2650 ‚
745 2562 809 2662 qui
829 2562 945 2635 virum
966 2592 976 2656 ;
1004 2562 1066 2662 qui
1087 2561 1216 2634 mulier
1239 2616 1249 2647 ,
1275 2560 1339 2659 qui

321 2685 504 2774 mulieris,
527 2701 563 2758 et
582 2684 644 2784 qui
664 2684 854 2773 mulieres,
875 2684 939 2784 qui
951 2685 1151 2758 'mulierum
1170 2713 1181 2778 3
1200 2683 1261 2782 qui
1283 2711 1343 2755 no-

322 2833 406 2880 men
429 2805 523 2906 ‚qui
543 2805 696 2879 nominis
719 2863 729 2895 ,
755 2806 820 2905 qui
838 2805 981 2877 nomina
1005 2862 1014 2893 ,
1040 2805 1104 2903 qui
1123 2803 1309 2876 nominum
1332 2859 1342 2889 ‚

326 2943 363 2999 et
383 2941 500 2999 cetera
520 2923 735 2998 huiusmodi
756 2922 913 3019 Quidam
933 2923 1122 3022 separatim
1148 2939 1341 3018 utrumque

323 3071 518 3147 pronomen
539 3045 686 3147 flectere
714 3061 915 3133 conantur,
937 3045 1044 3117 etsie
1063 3042 1216 3117 habent:
1235 3041 1340 3141 quis,

323 3165 457 3266 quuiue
480 3222 490 3255 ,
511 3165 625 3265 quui,
646 3192 778 3265 quem,
797 3192 907 3264 aquo
926 3193 937 3259 3
957 3164 1044 3263 qui,
1065 3188 1244 3262 quorum,
1264 3160 1342 3260 qui·

250 3320 254 3325 ·
324 3285 391 3359 bue
413 3339 424 3374 ‚
444 3311 531 3382 quos
554 3339 564 3371 ‚
584 3312 604 3357 a
624 3284 763 3384 quihus.
784 3281 864 3355 Alia
884 3282 963 3355 vice
983 3282 1046 3381 qui
1070 3337 1079 3369 ,
1099 3281 1206 3382 quius
1223 3337 1233 3367 ,
1253 3309 1344 3379 quu-

323 3409 401 3484 ium
423 3464 433 3496 ,
458 3406 561 3508 aqui
584 3463 594 3496 ‚
623 3424 659 3482 et
679 3425 812 3482 cetera.
833 3406 877 3480 ln
898 3404 1024 3505 plurali
1043 3432 1193 3480 numero
1212 3405 1284 3478 duo
1306 3405 1338 3476 ·i·

324 3543 532 3629 ponuntur,
554 3544 595 3600 ut
613 3528 676 3627 qui
696 3528 824 3628 quium
837 3583 848 3616 ,
860 3527 955 3626 quiis
971 3526 1096 3626 ,quios
1110 3554 1153 3616 ‚a
1171 3524 1261 3625 quis.
1275 3522 1339 3596 Sic

326 3664 363 3720 ct
381 3673 497 3745 quae,
517 3645 648 3735 cuius,
670 3646 731 3720 cui
752 3646 835 3746 (qui
853 3645 925 3719 duo
946 3673 1045 3718 casus
1066 3673 1128 3744 per
1144 3672 1183 3718 ·c·
1198 3661 1340 3743 propter

322 3763 573 3839 discretionem
591 3766 716 3840 harum
740 3763 1021 3839 declinationum
1046 3791 1119 3837 non
1150 3791 1254 3837 secus
1279 3791 1337 3861 po·

323 3887 478 3986 nuntur)
492 3912 619 3986 quam,
639 3914 758 3989 aqua:
778 3904 815 3962 et
833 3885 1014 3997 pluraliter
1032 3912 1145 3987 quae,
1165 3909 1339 3987 quarum,

405 4032 444 4100 (a)
461 4039 498 4082 ιιι
515 4035 564 4081 cod·
