3382 5206
389 646 436 697 22
760 643 911 695 merom
936 646 972 696 rr.

356 755 546 832 indixerim
557 753 780 857 opusculum.
791 753 1046 829 Verumtamen
1057 781 1102 827 ne
1116 754 1153 828 iri
1164 753 1252 831 illud
1265 754 1373 833 Glen·

233 919 243 939 .
355 877 392 975 gi
415 874 571 952 incidam
585 876 667 975 lu),
692 872 786 975 quod
812 873 953 948 cuidam
978 874 1188 948 conflictum
1217 876 1371 974 fugienti

355 999 474 1073 dicere
493 995 644 1071 fidenter
660 1022 768 1069 ausus
788 1011 841 1068 est
866 1007 891 1041 “
913 992 1034 1093 Gurgo
1057 1053 1066 1085 ‚
1095 995 1211 1096 inquit
1233 1053 1242 1087 ‚
1264 998 1369 1095 fugam

353 1115 472 1193 iabrrlo
499 1115 549 1217 lb)
569 1113 700 1212 dignus
718 1130 771 1186 est
792 1169 818 1202 „
845 1140 955 1214 pauca
978 1113 1044 1186 tibi
1063 1129 1128 1187 tuo
1144 1115 1286 1214 negotio
1316 1118 1365 1219 (c)

353 1233 549 1312 necessarie
576 1234 622 1308 de
648 1231 858 1335 pronomine
881 1232 1132 1334 profabulabor.

433 1380 468 1429 n.
492 1351 657 1428 Primum
687 1352 723 1425 in
757 1351 881 1426 ordine
917 1378 1112 1453 pronomen
1143 1353 1285 1427 finitum
1314 1374 1367 1429 est

352 1504 425 1576 ego.
439 1473 536 1551 Sunt
547 1473 649 1548 multi
663 1472 727 1574 qui
741 1473 944 1546 innumeras
955 1473 1125 1547 ventilant
1140 1475 1364 1575 quaestiones

351 1595 582 1672 inscrutando
614 1594 789 1694 quomodo
816 1609 851 1666 et
876 1585 946 1694 qiua
967 1594 1101 1666 ratione
1123 1612 1193 1667 tam
1216 1596 1366 1669 dissimi-

346 1717 442 1795 libus
460 1714 587 1790 litteris
606 1713 698 1786 idem
718 1739 911 1812 pronomen
933 1715 1164 1814 compositum
1177 1716 1244 1804 sit,
1262 1717 1365 1790 utdi-

349 1856 451 1915 catur
470 1863 533 1933 ego
553 1834 645 1910 mei:
663 1831 757 1932 quod
770 1832 860 1933 pleri
881 1833 931 1934 (d)
954 1835 1109 1932 iurgium
1127 1835 1174 1907 ita
1193 1835 1294 1910 docte
1313 1864 1365 1910 se·
1397 1899 1399 1903 .

345 1957 427 2030 dare
445 1953 606 2053 ¹volebant
627 2008 637 2041 ‚
657 1968 699 2025 ut
717 1951 931 2025 affirmarent
952 2009 963 2042 ,
987 1980 1051 2051 ego
1071 1953 1162 2026 inter
1181 1973 1362 2055 monopto

344 2093 380 2150 ta
397 2075 524 2149 debere
544 2099 679 2172 semper
698 2070 852 2146 adscribi
875 2128 885 2161 ‚
906 2073 1003 2145 utin
1022 2072 1119 2146 omni
1137 2102 1286 2148 numero
1306 2103 1361 2171 ge·

344 2222 429 2268 nere
456 2210 492 2268 et
518 2220 599 2267 casu
627 2219 691 2291 ego
720 2190 939 2288 singulariter
963 2191 1151 2283 diceretur.
1170 2191 1361 2267 Terentius

341 2340 405 2412 ego
424 2311 517 2385 inter
535 2309 703 2385 defectiva
726 2308 873 2383 credidit
893 2308 1142 2400 iudicandum,
1162 2328 1203 2384 ut
1224 2312 1360 2388 scilicet

339 2448 485 2533 excepto
499 2430 570 2505 solo
588 2428 804 2504 nominativo
816 2392 956 2503 ndllum
967 2457 1088 2504 casum
1098 2431 1247 2506 haberet.
1261 2431 1357 2507 Utri-

338 2580 408 2655 que
436 2569 554 2627 tamen
583 2549 751 2625 concordi
776 2548 973 2623 hortamine
998 2548 1213 2650 delinitoque
1241 2551 1357 2627 edicto

337 2670 525 2760 dicebant,
554 2697 616 2770 pro
636 2695 724 2766 ego,
744 2667 836 2740 mius
854 2665 1106 2767 accipiendum
1124 2695 1197 2741 esse
1219 2725 1229 2758 ,
1247 2687 1282 2743 et
1303 2670 1355 2745 sic

335 2790 584 2866 declinandum
604 2789 697 2864 mins
720 2787 820 2877 ‚mei
844 2787 899 2861 rel
924 2787 991 2861 mis
1013 2844 1024 2877 ,
1050 2788 1138 2860 milri
1161 2844 1171 2878 ‚
1196 2814 1274 2862 meo
1297 2847 1307 2880 ,
1333 2819 1353 2864 a

335 2936 402 2987 me.
415 2908 554 3006 Quilms
574 2909 753 3007 Galbungi
771 2906 948 2982 auditores
967 2937 987 2980 e
1005 2907 1142 2982 diverso
1153 2910 1353 2984 resistentes

334 3029 528 3108 dicebant:
554 3030 584 3103 si
603 3029 650 3104 ita
670 3045 722 3102 est
743 3086 753 3119 ,
780 3054 844 3102 eur
861 3054 934 3100 non
955 3028 1061 3101 etiam
1084 3024 1213 3127 plurali
1230 3057 1353 3104 numo·

224 3175 229 3181 ·
333 3177 374 3225 ro
390 3149 576 3225 literarum
595 3166 753 3223 servatur
776 3148 887 3238 ordo,
908 3146 970 3221 sed
990 3147 1042 3220 sie
1068 3146 1269 3223 declinetur
1286 3178 1350 3224 nos

331 3269 530 3344 nostrum?
561 3265 733 3368 Alioquin
767 3265 878 3340 multa
909 3265 1100 3339 admodum
1129 3284 1214 3340 sunt
1249 3295 1349 3344 voca·

330 3386 426 3477 bula,
435 3412 530 3492 quae
540 3413 799 3487 quemcumque
811 3385 1006 3459 litterarum
1018 3385 1176 3459 ordinem
1189 3406 1347 3481 servent,

331 3535 434 3582 sensu
448 3526 563 3583 tamen
576 3507 817 3606 sententiaque
831 3504 1075 3578 convenientia
1095 3535 1168 3580 esse
1188 3535 1260 3582 non
1281 3511 1345 3584 du·

328 3627 500 3704 bitantur.
525 3625 644 3700 Simili
670 3654 750 3725 ergo
769 3626 873 3700 modo
892 3625 1152 3700 defendendum
1171 3646 1249 3718 est,
1274 3630 1343 3705 hoc

329 3772 524 3848 pronomen
540 3745 633 3820 trine
647 3744 757 3821 videri
771 3744 1019 3819 declinandum
1031 3745 1123 3819 sicut
1136 3745 1279 3847 plurimi
1294 3778 1345 3822 re·

328 3882 519 3966 oeperunt,
540 3893 603 3964 ego
622 3865 694 3939 mei
712 3863 802 3939 ntihi
808 3893 819 3959 3
838 3880 874 3938 et
895 3864 1075 3965 pluraliter
1095 3892 1161 3940 nos
1179 3884 1343 3942 nostruin

326 3983 438 4058 nobit.

397 4134 437 4198 (e)
452 4137 636 4187 coementem.
668 4137 760 4201 (b)1ta
777 4137 828 4183 eod.
861 4137 899 4201 (e)
917 4138 972 4183 cot.
985 4144 1021 4182 tut
1035 4143 1134 4196 nogotii.
1164 4137 1206 4202 (d)
1222 4145 1260 4186 lta
1278 4142 1330 4187 eod.

325 4230 366 4274 pre
380 4214 506 4279 plertque.
