3382 5206
1248 538 1328 639 479

571 665 867 755 HISPERICA
896 667 1138 781 FAMtNA·

328 862 626 950 LA'rtNtTnTts
650 877 934 949 snusrrnrna
956 881 1047 951 vat
1070 879 1287 962 osennae
1304 880 1357 976 (t)

678 1066 1002 1146 OPUSCULUM
1035 1059 1040 1066 ’

487 1299 540 1347 rx
573 1296 757 1359 snrrouo
790 1294 942 1344 coorcs
976 1292 1196 1344 varscsno.

413 1656 442 1701 1.
469 1533 642 1728 Ampla
668 1625 884 1725 pectoralem
909 1626 1059 1700 suscitat
1085 1625 1209 1721 vernia
1235 1653 1352 1699 caver·

329 1775 430 1838 narn,
442 1762 614 1820 maestum
627 1745 760 1820 extrico
780 1746 948 1846 pulmone
970 1763 1168 1837 tonstrum,
1189 1745 1251 1821 sed
1268 1773 1351 1845 gau·

328 1867 476 1940 dilluam
495 1866 666 1965 pectoreis
686 1882 760 1965 arto
779 1866 971 1966 procellam
991 1866 1174 1964 artheriis3
1194 1893 1276 1941 cum
1295 1866 1348 1938 in·

329 1987 443 2084 signes
467 1985 609 2085 sophiae
628 1984 829 2087 speculator
855 2003 1059 2077 arcatores,
1086 1988 1150 2091 qui
1171 1970 1349 2086 egregiam

330 2103 457 2180 urbani
484 2106 619 2189 tenoris
637 2105 829 2208 propinant
849 2106 1013 2181 saucibus
1038 2107 1230 2209 lynplsam,
1257 2106 1353 2207 vipe-

326 2255 475 2328 ¹reosque
494 2226 712 2303 litteraturae
728 2226 902 2327 plasmant
918 2228 1153 2328 syllogismon
1174 2228 1234 2303 eui
1248 2256 1352 2311 mun·

327 2348 423 2422 dano
456 2347 657 2448 triquadrae
691 2346 828 2447 telluris
857 2348 1154 2423 articorhetorum
1184 2349 1352 2447 florigera

327 2468 443 2542 flectit
469 2469 627 2567 habenas
650 2485 817 2559 caterva,
844 2486 880 2542 et
907 2469 972 2572 qui
997 2488 1130 2544 remota
1156 2469 1244 2544 vasti
1270 2471 1350 2545 lun

327 2587 479 2662 daminis
506 2588 697 2662 deseruere
725 2605 909 2688 competa,
936 2605 1060 2662 utrum
1086 2588 1262 2663 fabulosas
1287 2618 1349 2690 per

328 2737 387 2783 ora
408 2708 624 2810 depromunt
644 2709 774 2808 gazas?
796 2707 898 2783 Num
918 2694 1059 2783 truciila
1078 2709 1349 2784 altereaminum

391 2951 430 3024 (ι)
452 2954 489 3007 De
506 2953 557 3006 lsoc
576 2973 687 3009 arcanae
704 2973 750 3010 scu
770 2954 898 3025 mysticae
917 2955 958 3008 rel
979 2953 1123 3008 inusitatae
1135 2954 1281 3009 latinitatis
1299 2974 1339 3025 ge·

338 3061 398 3095 nere
417 3064 468 3097 sion
487 3045 564 3097 semel
592 3046 711 3115 loquitur
734 3044 865 3114 Virgilius
887 3044 1074 3114 grammaticus
1090 3061 1099 3106 3
1119 3043 1230 3116 eiusque
1247 3045 1340 3098 brevia

336 3132 453 3202 exempla
471 3151 505 3186 ex
525 3133 608 3187 variis
626 3132 781 3187 auctoribus
799 3132 898 3204 profert
917 3131 945 3186 irs
963 3130 1084 3202 epistolis
1101 3143 1184 3203 atque
1201 3132 1229 3186 in
1247 3135 1336 3205 epito-

337 3221 394 3273 mis.
414 3221 483 3274 Mihi
503 3239 565 3275 vero
585 3222 691 3290 Virgilii
711 3223 859 3276 doctrinam
877 3221 927 3274 lroc
946 3219 1033 3292 amplo
1049 3220 1181 3277 eiusmodi
1193 3222 1339 3276 latinitatis

337 3312 481 3381 specimine
498 3314 632 3366 cumulare
650 3315 760 3385 placet;
778 3312 852 3385 quod
870 3310 990 3366 conlerre
1014 3313 1135 3384 proderit
1151 3330 1213 3366 curn
1231 3311 1339 3367 Attonis

338 3399 503 3452 ses-cellensis
523 3399 657 3471 polyptico
670 3400 742 3472 paris
759 3399 840 3455 ferme
857 3400 960 3468 generis
978 3418 994 3453 s
1013 3417 1054 3453 nse
1074 3399 1193 3454 inserto
1205 3398 1340 3453 volumine

337 3485 477 3540 vaticanae
490 3486 651 3556 Scriptorum
664 3498 782 3541 soterum
794 3486 958 3541 collectionis
970 3487 1053 3540 edito·
1067 3487 1148 3540 Porro
1168 3485 1270 3538 latinse
1285 3484 1339 3537 ele-

338 3578 444 3639 gantiae
461 3586 590 3629 amatores
607 3575 657 3630 lsoc
674 3594 738 3630 saue
763 3575 890 3646 scriptum
913 3574 978 3629 diris
1002 3592 1051 3628 suo
1076 3573 1132 3626 inre
1152 3572 1275 3627 omnibns
1297 3574 1342 3627 de·

337 3660 487 3714 vovebunt:
506 3661 554 3732 qui
575 3674 661 3716 tarsen
681 3661 781 3715 latinae
794 3660 900 3726 liuguae
914 3659 1054 3714 historiam
1067 3660 1202 3713 eruditius
1215 3672 1338 3713 scrutan-

340 3760 401 3804 tur.
420 3748 516 3803 editori
536 3748 602 3801 rnihi
621 3760 732 3817 gratiam
751 3747 898 3802 habebunt·
916 3748 1031 3816 Georgio
1048 3760 1120 3801 certe
1136 3747 1262 3801 Wslclsio
1275 3747 1338 3799 lati-

338 3837 433 3912 nitatis
451 3835 662 3909 historiographo
681 3835 837 3909 disputandi
856 3853 926 3890 nora
944 3834 1049 3889 occasio
1068 3834 1131 3888 binc
1149 3844 1208 3888 orta
1227 3832 1337 3888 luisset.

338 3925 362 3977 si
381 3942 435 3978 rens
454 3924 578 3980 novisset·
