3382 5206
353 533 426 634 276
608 552 865 607 omsnarrous
892 553 1091 608 vsrrcasns

319 661 570 736 periatur-Sedhoc
580 660 815 732 monenns.qnod
871 661 980 732 quidm
1001 663 1111 721 volunt.
1133 664 1159 719 ai
1181 667 1284 723 vocato
1307 668 1368 727 loon

318 751 385 807 lraoe
400 750 526 807 anenno
539 767 703 823 supervacua
713 766 769 805 esse
779 749 818 804 in·
871 766 920 805 sno
929 750 1030 821 positas
1042 762 1183 812 mansor.
1195 753 1295 824 integre
1306 772 1369 828 pro-

320 841 466 898 veniatur.
489 839 623 910 siqnidem
646 850 676 893 et
698 847 819 893 auctores
855 888 858 893 .
874 837 1052 900 losantanas
1067 853 1168 915 pota·
1185 844 1279 900 exilio
1297 875 1311 888 ·
1331 843 1368 898 ab

318 931 402 986 isdem
423 927 666 1003 praepositionibus
691 926 751 982 sine
774 928 819 982 di·
867 930 949 1001 ipso.
976 930 1004 982 Sl
1029 948 1092 985 vero
1126 943 1299 988 consonantes
1323 935 1368 988 sel

318 1019 449 1073 scretione
466 1017 508 1070 nti
529 1015 720 1088 repperiantur·
825 1070 829 1089 Ι
871 1016 974 1071 vocales
993 1017 1051 1072 loco
1077 1018 1248 1074 comnnantia
1267 1019 1369 1092 positas

357 1106 411 1158 ·ln·
424 1116 452 1159 et
470 1104 524 1157 ·de·
541 1101 751 1175 praepositiones
770 1100 819 1154 dn·
870 1103 978 1161 eaedem
1009 1105 1217 1178 praepositiones
1245 1122 1366 1177 sequen.

320 1189 750 1266 plicemsignificationernlrabere
762 1207 818 1261 rep-
872 1200 930 1248 tor.
948 1189 1054 1244 eaedem
1072 1191 1283 1264 praepositiones
1300 1210 1368 1247 con·

321 1285 480 1365 py'untur:
491 1280 568 1335 modo
580 1281 651 1336 enim
665 1290 775 1349 argent.
789 1289 820 1332 nt
872 1287 1047 1347 rumpantur.
1067 1288 1097 1332 nt
1117 1289 1234 1350 pura-a
1252 1279 1310 1334 loco
1325 1308 1339 1320 -
1351 1297 1369 1333 a

319 1384 387 1444 puta
410 1370 545 1428 inridens.
564 1369 715 1424 declamans
727 1390 737 1435 5
751 1385 822 1422 nono
872 1363 980 1418 lunone-
996 1364 1130 1418 llonchoe
1139 1366 1369 1436 monemusqaod

281 1460 295 1475 ⁶
323 1456 464 1513 minuunt.
480 1464 512 1508 ut
530 1465 596 1526 pota
616 1453 752 1510 informis.
773 1451 820 1505 da-
873 1453 955 1506 etiam
980 1453 1031 1506 hoc
1052 1465 1223 1526 praeceptam
1241 1471 1370 1527 superra-

323 1544 414 1598 decns·
429 1543 472 1597 Sic
487 1554 516 1598 st
533 1555 620 1598 cetera
637 1541 713 1597 talia·
875 1557 924 1597 coe
943 1540 1097 1596 institutum
1116 1559 1172 1596 csse
1183 1569 1185 1573 v
1198 1542 1370 1604 inveniann.

362 1636 440 1689 ·Con·
464 1645 492 1688 et
528 1634 577 1688 ·in·
613 1630 822 1707 praepositiones
875 1627 1049 1698 siqnidernet
1063 1638 1182 1684 auctores
1200 1629 1282 1685 aden
1295 1647 1372 1702 prae·

323 1719 770 1793 sequentihus·b·amp-litteris.
784 1735 823 1769 ·n·
876 1715 1053 1787 positionibus
1073 1715 1131 1770 aine
1155 1716 1245 1787 aliqua
1272 1715 1372 1770 dacre-

322 1811 447 1866 nltimnm
464 1826 492 1860 rn
507 1827 553 1861 ·m·
575 1807 692 1862 litteram
709 1822 820 1860 conver·
877 1805 950 1860 done
963 1816 1073 1860 utantur
1084 1841 1093 1865 ‚
1106 1817 1138 1861 ιιι
1148 1817 1215 1878 puta
1229 1806 1303 1878 apud
1314 1806 1373 1859 Sal-

323 1908 405 1954 tnnt.
425 1906 455 1949 ut
474 1906 540 1966 puta
558 1893 823 1952 combibomommu·
875 1895 1013 1957 turrium.
1041 1915 1103 1950 narn
1130 1908 1187 1951 tuns
1213 1898 1310 1951 Brutos
1339 1895 1374 1950 ab

333 1996 385 2041 to,
408 1981 524 2052 compleo
543 2016 551 2038 .
576 1979 716 2035 imbutas.
734 1976 822 2030 immt-
875 1982 956 2037 anna
970 1982 1071 2036 aberat.
1088 1983 1130 2036 Sic
1148 1992 1177 2037 et
1190 1995 1278 2038 cetero
1290 1984 1369 2038 talia.

334 2070 535 2140 nis.comparo·
549 2065 591 2118 Sic
609 2074 734 2120 etcetera
745 2061 821 2117 talia.
909 2069 1139 2141 praepositiones.
1158 2081 1189 2125 ot
1208 2070 1371 2142 qamnsdam

367 2158 420 2211 ·ln·
457 2169 486 2210 et
525 2157 579 2209 ‚ad-
616 2155 824 2229 praepositiones
875 2158 979 2230 placet.
993 2156 1149 2215 civitatibus
1169 2159 1235 2213 addi
1253 2178 1306 2215 non
1324 2160 1375 2213 dc·

324 2247 393 2300 lianc
408 2246 501 2301 volunt
520 2245 603 2315 aliqui
617 2243 716 2298 habere
730 2244 824 2296 disere
875 2243 957 2302 henr.
976 2255 1090 2316 utputa
1110 2247 1218 2300 Romam
1235 2262 1286 2304 eo.
1306 2245 1376 2301 Car-

327 2336 447 2393 tionem.
466 2346 497 2386 nt
521 2345 587 2404 pota
607 2332 655 2404 qui
679 2329 778 2386 dixerit
797 2333 825 2384 in
877 2332 1012 2400 tltagirrem
1039 2330 1086 2385 isi.
1110 2332 1188 2387 ltnac
1212 2335 1294 2388 etiam
1319 2334 1373 2387 hoc

326 2424 410 2475 iorum
424 2439 473 2477 eo,
488 2422 515 2473 in
537 2419 622 2490 ipsum
640 2418 723 2473 lorum
735 2418 773 2471 ire
789 2418 827 2470 in·
878 2438 1012 2476 monemus
1027 2420 1101 2490 quod
1127 2421 1178 2476 hoc
1204 2435 1372 2496 praeceptum

328 2511 482 2575 tellegntnr:
504 2509 552 2578 qui
582 2524 644 2560 vero
669 2505 770 2559 dixerit
793 2504 827 2557 nd
878 2525 1039 2580 supervacue
1053 2507 1207 2563 institutum
1224 2527 1282 2564 ease
1301 2510 1370 2565 inve·

326 2598 411 2651 iorum
427 2612 477 2647 eo.
496 2595 530 2646 ad
551 2595 638 2647 locum
658 2591 705 2663 qui
730 2591 822 2662 proxi·
880 2598 985 2654 niator.
998 2595 1131 2667 siquidem
1145 2607 1301 2652 auctoreset
1313 2599 1377 2651 eiri-

326 2693 435 2735 marest
449 2681 520 2736 loro.
534 2681 572 2733 ire
591 2680 764 2751 repperiatur.
778 2679 828 2731 Sed
881 2685 1201 2757 tatibuspraopositiones
1210 2685 1309 2740 addere
1319 2704 1376 2759 rep.
1436 2729 1439 2733 .

327 2773 377 2826 hoc
395 2788 543 2827 monemus,
561 2769 634 2839 quod
647 2769 711 2821 haec
726 2768 827 2821 discre-
880 2773 1038 2843 permotus,
1057 2783 1087 2825 nt
1109 2774 1181 2844 apud
1204 2774 1377 2831 saltuarium.

330 2858 370 2911 tio
397 2873 561 2928 supervacua
578 2870 635 2908 esse
656 2855 807 2908 inveniatur
820 2891 826 2911 ‚
879 2861 981 2916 Marius
992 2862 1025 2913 ad
1037 2861 1147 2937 'l'lralam
1157 2863 1301 2933 proiectus.
1311 2865 1377 2917 item

328 2947 459 3017 siquidem
477 2956 504 2997 et
520 2957 640 2998 auctores
654 2945 733 2997 isdem
748 2962 824 3016 prae·
879 2968 939 3002 nam
954 2960 1010 3001 tum
1034 2949 1130 3004 Brutus
1154 2950 1189 3003 ab
1211 2952 1291 3004 llomn
1315 2949 1378 3003 abe-

327 3035 506 3107 positionibus
532 3036 589 3088 sine
609 3035 768 3088 discretione
787 3036 828 3090 uti
886 3048 935 3090 rat¹

329 3125 521 3195 repperiantur.
917 3127 955 3179 De
966 3127 1164 3198 praepositione
1172 3164 1179 3185 ,
1188 3137 1319 3197 quantum
1334 3144 1378 3178 ro·

365 3213 426 3264 dix·
438 3223 466 3264 et
484 3210 538 3262 ab·
561 3211 787 3281 praepositiones.
800 3223 831 3263 ιιι
886 3214 924 3266 tio
939 3214 1062 3283 poscebat
1077 3250 1084 3271 .
1104 3214 1286 3269 tractavimus.

673 3434 738 3509 DE
767 3436 1035 3513 ADVERBIO.

673 3708 680 3721 ι
885 3684 1005 3753 partibus
1026 3686 1157 3739 orationis
1181 3689 1310 3755 originem
1330 3699 1385 3742 tra·

371 3782 392 3816 r·
406 3705 599 3816 Adverbiom
608 3775 649 3818 est
659 3783 720 3834 pars
735 3766 830 3819 oratio·
883 3770 966 3824 hunt:
987 3772 1056 3829 alio.
1074 3773 1183 3842 quando
1201 3792 1254 3827 non
1268 3774 1302 3827 ab
1321 3777 1383 3830 aliis

328 3852 380 3904 nis·
391 3851 525 3904 Adverbia
535 3852 620 3905 tribus
632 3854 716 3908 modis
730 3855 829 3908 intelle·
884 3856 1006 3928 partibus
1026 3859 1157 3913 orationis
1177 3861 1309 3922 veniunt.
1335 3865 1382 3918 sed

328 3950 444 4007 guntur:
460 3941 694 4010 nno,quandoah
709 3943 827 3997 aliisve·
883 3963 929 4016 per
952 3964 981 3999 se
1009 3958 1114 4001 tantum
1140 3950 1260 4018 intellegi
1285 3971 1382 4025 reppe-

327 4029 427 4086 ninnt.
446 4029 496 4088 line
517 4040 558 4085 est
578 4032 686 4102 quando
711 4051 743 4086 cr
770 4034 829 4087 aliis
884 4035 1386 4110 riuntnr:sertimqoandosinriliano·
