3382 5206
578 559 643 628 sao
880 583 907 629 s.
934 578 1112 631 aruncum
1137 584 1180 631 or
1205 583 1249 631 aa

551 712 598 732 ·-
623 678 711 749 loco
730 680 874 753 amando
897 698 1014 774 quarto
1036 699 1070 752 et
1091 684 1208 773 quinto
1232 678 1380 773 dactylus
1398 716 1445 735 ···
1467 681 1578 750 Chri·

551 799 600 853 κο
623 781 831 854 concelebret
853 788 1027 877 praeconia
1041 781 1153 855 dehita
1177 784 1328 854 muudus.
1342 784 1492 855 -Loco
1508 805 1576 854 ter·

552 887 599 955 tio
619 904 739 982 quarto
758 904 791 957 et
818 891 933 984 quinto
958 889 1105 983 dactylus
1117 924 1165 944 --
1177 908 1306 982 emptus
1329 889 1461 960 Christo
1488 914 1575 961 con·

554 992 724 1066 celebras»
744 1019 825 1066 caue
843 1001 989 1067 carmine
1013 996 1168 1066 muudus·
1187 1033 1234 1052 ·-

621 1115 654 1173 Δ.
668 1106 709 1172 In
723 1128 820 1175 vereu
833 1105 976 1176 sedecim
986 1104 1186 1200 syllabarum
1201 1122 1282 1199 quot
1289 1104 1455 1174 schemata
1470 1110 1573 1174 conti-

551 1204 698 1283 nentur?
712 1211 759 1279 Μ.
773 1208 929 1280 Totidem
940 1212 1063 1303 specics
1078 1210 1179 1281 hahet
1193 1227 1273 1302 quot
1286 1213 1323 1279 iu
1335 1207 1492 1282 tredecim
1504 1213 1573 1278 iam

549 1315 777 1408 patefecimus,
788 1316 824 1385 id
837 1333 884 1386 est
895 1318 1050 1410 quinque.
1062 1329 1096 1386 Δ.
1105 1319 1157 1386 Da
1170 1317 1292 1386 horum
1303 1315 1509 1386 schematum
1521 1342 1572 1384 ar·

549 1438 704 1512 gumenta
725 1445 763 1491 er
781 1421 874 1491 libris
893 1439 1064 1490 auctorum
1089 1421 1226 1515 prolata.
1242 1424 1291 1494 M.
1313 1425 1464 1491 Lucanus
1479 1419 1572 1491 libro

550 1526 622 1593 dll-
630 1561 649 1576 ·
660 1523 838 1593 fractarum
848 1525 958 1596 subito
970 1527 1091 1594 ratium
1102 1529 1231 1618 periere
1244 1527 1349 1596 ruina.
1358 1561 1380 1578 ·
1391 1525 1570 1596 scanditur

548 1634 636 1701 enim
661 1629 784 1717 fracta,
805 1633 974 1718 cumbi,
997 1632 1118 1717 torati,
1135 1634 1289 1724 nuperi,
1308 1657 1423 1718 oraru,
1443 1634 1570 1703 ina.—

548 1736 592 1804 Et
613 1736 796 1806 notandum
822 1735 912 1829 qnod
941 1737 978 1803 hi
1004 1761 1114 1806 versus
1142 1753 1175 1804 et
1205 1740 1305 1808 ceteri
1331 1735 1453 1805 similes
1478 1735 1569 1827 apud

546 1845 699 1912 metricos
720 1839 904 1910 laudabiles
926 1841 1110 1926 habentur,
1124 1843 1185 1908 ubi
1206 1866 1388 1934 numquam
1407 1844 1442 1910 iu
1466 1865 1568 1910 acan·

540 1950 632 2020 aione
657 1952 784 2043 integra
814 1970 890 2040 paro
915 1950 1069 2018 orationis
1096 1949 1222 2041 direpta
1251 1952 1462 2042 repperitur,
1482 1953 1570 2019 eicut

544 2055 579 2122 in
603 2052 676 2123 aliis
697 2054 901 2123 schematum
914 2053 1087 2122 ordinibus
1109 2056 1228 2124 crebro
1245 2057 1425 2124 invenitur.
1445 2056 1567 2126 Paulus

543 2177 697 2254 quaestor
708 2160 744 2227 in
759 2160 942 2254 gratiarm
955 2161 1085 2227 actione
1099 2160 1147 2226 ait
1157 2192 1175 2210 ·
1190 2183 1351 2228 oceanum
1365 2160 1487 2251 rapidis
1503 2160 1568 2228 lin-

543 2273 645 2359 quens
668 2281 885 2357 repetensque
909 2264 1155 2356 quadrigin-
1179 2266 1345 2357 Vergilius
1369 2268 1404 2333 in
1429 2265 1567 2336 bucoli-

541 2370 587 2440 cis
600 2405 648 2425 -
665 2369 792 2463 pergite
812 2368 970 2438 Pierides.
998 2368 1155 2438 Chromis
1183 2387 1216 2439 et
1238 2368 1417 2464 Mnasyllus
1439 2370 1474 2436 in
1502 2396 1566 2437 an-

541 2493 603 2547 tro.
620 2511 671 2534 1-
697 2476 826 2544 Persius
849 2474 988 2544 Flaccus
1014 2474 1101 2544 hiuis
1129 2476 1276 2544 versibus
1303 2477 1422 2543 iunctis
1447 2476 1493 2541 ait
1517 2513 1565 2528 -

538 2608 644 2652 nonne
671 2580 807 2676 quidem
832 2580 897 2651 hoc
918 2579 1032 2650 studeo
1054 2581 1221 2673 populatis
1243 2599 1280 2649 ut
1303 2582 1385 2649 mihi
1408 2582 1504 2673 nugis
1517 2617 1565 2634 -

532 2692 657 2783 'pagina
682 2704 844 2781 turgescat
865 2686 945 2754 dare
963 2687 1092 2778 pondus
1115 2687 1235 2758 idonea
1254 2685 1368 2760 fumo?
1389 2689 1505 2779 Itaque
1523 2688 1565 2754 si·
1633 2726 1636 2731 <

539 2810 596 2861 cut
622 2794 657 2861 in
682 2812 778 2873 ter-su
804 2792 911 2860 -x111·
940 2790 1140 2883 syllabarum
1163 2791 1309 2887 dactylus
1335 2793 1482 2884 quinque
1511 2789 1563 2858 lo·

537 2899 582 2965 cis
611 2898 807 2981 invenitur,
832 2897 879 2963 ita
905 2899 943 2963 iu
966 2895 1031 2964 hoc
1062 2895 1207 2964 sedecim
1232 2894 1435 2990 syllabarum
1460 2920 1564 2986 spon-

536 3006 634 3073 daeus
660 3003 766 3074 isdem
791 3002 874 3074 locis
900 3003 1066 3072 alternare
1091 3007 1319 3098 cognoscitur,
1346 3021 1379 3074 et
1406 3002 1563 3070 dicuntur

534 3111 756 3202 pentaschemi
783 3126 922 3201 propter
946 3111 1114 3200 praedicta
1146 3113 1295 3203 quinque
1320 3108 1496 3179 schemata.
1527 3121 1562 3178 Δ.

534 3214 737 3287 Earumdem
748 3216 950 3286 schematum
972 3218 1097 3307 species
1111 3252 1122 3286 a
1136 3239 1220 3308 quae
1243 3214 1356 3284 ordine
1375 3232 1560 3307 praeposte-

535 3349 572 3393 m
585 3323 718 3416 politicis
741 3322 890 3390 versibus
912 3321 1040 3412 prolata
1064 3326 1181 3393 erunt,
1200 3344 1261 3413 per
1280 3321 1435 3390 ordinem
1447 3320 1562 3412 legiti-

533 3453 586 3497 me
608 3429 780 3522 quinquies
805 3426 969 3520 quadrare
991 3428 1171 3496 absurdum
1193 3451 1260 3496 non
1280 3428 1408 3519 opinor.
1429 3428 1477 3494 Μ.
1494 3429 1558 3496 He

531 3538 637 3605 roicus
651 3558 760 3604 tarsus
778 3535 880 3603 .xv1.
892 3533 1110 3627 syliabarum,
1125 3535 1214 3602 .1111·
1232 3533 1369 3626 dactylis
1389 3551 1558 3602 constans,

532 3644 583 3712 ·V·
603 3644 728 3734 species
747 3641 891 3711 continet
911 3641 968 3709 ita.
989 3639 1078 3710 Loco
1096 3638 1561 3731 .1..11.·111.n·1111·dacty-

530 3750 579 3817 lus
590 3785 637 3803 -
650 3752 717 3818 iam
733 3749 916 3818 veneranda
931 3749 991 3815 Dei
1009 3747 1136 3817 soboles
1155 3771 1252 3815 cruce
1266 3744 1368 3816 salvat
1382 3745 1559 3813 mundum.

529 3891 575 3908 -
600 3853 688 3925 Loco
712 3855 1015 3923 ·1.·11.·111·et·v.
1040 3852 1253 3946 dactylus-
1274 3854 1340 3920 iam
1365 3853 1560 3920 veneranda

526 3961 628 4051 patris
655 3960 782 4032 soboles
810 3959 912 4031 salvat
938 3984 1037 4030 cruce
1062 3959 1236 4027 mundum.
1260 3960 1415 4027 -Loco
1440 3961 1478 4025 t.
1503 3962 1577 4028 ·11.·

525 4059 725 4142 ·1111·et·v·
746 4066 894 4163 dactylus
911 4104 957 4123 -·
971 4072 1013 4138 eu'
1025 4146 1028 4151 ,
1039 4065 1223 4137 veneranda
1246 4066 1306 4135 Dei
1322 4063 1435 4157 proles
1458 4090 1559 4140 cruca
