3382 5206
606 710 836 763 emuutmcs
859 713 905 760 ar
927 708 1092 762 urentes.
1272 687 1334 755 stt

337 827 403 878 tem
436 812 661 900 coniugatione
687 829 754 879 tam
782 812 957 904 praeterito
989 806 1136 900 perlecto
1169 830 1269 900 quam
1304 810 1356 871 in-

338 916 481 1007 persecto
504 917 649 1008 exempla
675 918 918 1011 suffragantur,
940 934 977 982 ut
999 916 1158 983 eruebant
1181 929 1359 996 eruerunt,

339 1021 511 1090 diluebant
539 1023 722 1093 diluerunt,
747 1025 937 1092 obruebant
952 1022 1161 1090 obruerunt,
1183 1020 1359 1088 diruebant

338 1126 534 1195 diruerunt,
560 1125 752 1197 adferebant
775 1127 983 1210 adtulerunt,
1003 1122 1216 1193 conserebant
1241 1141 1357 1193 eontu-

340 1232 460 1300 leruut.
491 1235 668 1324 Partieipia
695 1254 827 1327 quoque
855 1236 954 1300 trium
987 1250 1173 1321 temporum
1203 1231 1246 1296 ab
1276 1233 1360 1298 acti-

338 1341 385 1406 vis
408 1340 573 1406 dumtaxat
589 1357 621 1407 et
640 1343 869 1409 communibus
885 1340 1050 1408 venientia
1069 1361 1135 1404 non
1156 1335 1356 1426 discrepant,

337 1465 373 1511 ut
398 1445 539 1514 dedicati
560 1445 755 1516 dedicandi,
783 1444 975 1536 strangulati
1001 1441 1228 1532 strangulandi
1250 1456 1358 1507 stran-

335 1551 501 1642 gulantes,
517 1553 664 1643 pastinati
679 1553 861 1644 pastinandi
877 1554 1095 1643 pastinantes,
1109 1547 1244 1617 osculati
1268 1573 1359 1616 oscu-

337 1655 427 1722 landi
450 1657 644 1726 osculantes.
668 1659 718 1724 Ita
739 1684 757 1724 a
777 1659 872 1725 tertia
896 1656 947 1726 vel
971 1672 1089 1749 quarta
1114 1657 1238 1746 absque
1259 1679 1360 1744 prae-

337 1764 456 1846 terito,
480 1780 517 1828 ut
540 1780 745 1830 conterentes
774 1761 986 1844 conterendi,
1013 1762 1191 1828 inserentes
1213 1761 1358 1827 inseren-

339 1868 394 1950 di,
419 1867 578 1936 diluentes
600 1868 756 1938 diluendi.
780 1867 873 1935 Arsis
896 1892 973 1934 vero
997 1881 1030 1932 et
1047 1865 1147 1932 thesis
1168 1867 1289 1955 epitriti
1305 1889 1356 1931 se-

341 1969 611 2059 cunditempora
632 1969 725 2037 haud
754 1994 845 2036 secus
875 1969 1032 2034 dirimere
1055 1985 1234 2035 noscuntur
1260 1993 1358 2060 quam

338 2101 446 2165 primi·

707 2293 755 2357 De
777 2291 908 2378 epitrito
932 2290 990 2354 lll.

378 2515 411 2566 Δ.
438 2499 598 2589 Exempla
623 2502 817 2567 nominum,
842 2524 926 2590 quae
951 2499 1081 2588 epitrito
1103 2501 1198 2568 tertio
1223 2498 1356 2591 regula·

226 2682 229 2687 Ι
333 2606 414 2669 riter
436 2602 741 2688 adminiculentur,
766 2607 800 2670 in
824 2603 996 2695 propatulo
1019 2601 1225 2695 promulgata
1254 2628 1356 2694 quae-

332 2733 367 2774 so
392 2707 578 2773 nullatenus
603 2707 803 2777 delitescant.
830 2711 878 2777 M.
898 2708 1080 2778 Divinitas,
1109 2710 1277 2777 vicinitas,
1297 2734 1355 2775 ae·

331 2814 492 2904 qualitas,
508 2815 667 2882 finalitas,
691 2814 851 2900 felicitas,
870 2817 1061 2898 maturitas,
1085 2817 1279 2883 aeternitas,
1302 2818 1356 2880 iu-

331 2924 467 3009 punitas.
496 2923 656 2990 Eusebius
679 2924 714 2987 iu
739 2921 1014 2989 chronicis-ob
1032 2921 1112 3014 asyli
1137 2922 1355 3011 inpunitatem

330 3048 444 3115 magna
477 3027 614 3095 Romulo
644 3026 817 3093 multitudo
846 3026 1057 3117 coniungitur
1071 3049 1082 3103 ς
1095 3025 1330 3095 -crudelitas
1343 3065 1354 3094 ,

330 3128 521 3194 audacitas,
549 3132 740 3197 inmanitas,
761 3129 973 3215 humanitas,
999 3130 1208 3197 obscenitas,
1230 3131 1353 3198 obscu-

328 3235 425 3317 ritas,
453 3234 637 3319 moralitas,
658 3236 852 3325 antiquitas,
880 3235 1052 3320 velocitas,
1079 3236 1269 3319 infirmitas,
1292 3235 1353 3301 de·

330 3336 499 3407 formitas,
523 3339 728 3426 fecunditas,
752 3343 937 3411 urbanitas,
962 3342 1139 3423 adfinitas,
1162 3339 1352 3430 pluralitas,

330 3447 501 3512 vivacitas,
527 3447 729 3514 fraternitas,
753 3451 961 3538 germanitas.
987 3448 1070 3516 Sunt
1093 3436 1261 3536 praeterea
1291 3470 1352 3513 no-

326 3553 423 3617 mina.
442 3552 475 3617 in
498 3550 618 3639 plurali
642 3576 779 3618 numero
803 3552 898 3618 liutius
910 3554 1033 3641 epitriti
1052 3552 1164 3619 formis
1185 3549 1349 3618 famulan-

327 3657 396 3721 tia,
420 3672 455 3721 ut
478 3653 628 3746 fuligines
642 3656 663 3694 ⁴²
680 3693 691 3723 ,
715 3657 922 3745 prurigines,
945 3659 1149 3747 sartagines,
1172 3655 1347 3746 caligines,
1370 3673 1454 3720 ⁸c0t.
1464 3672 1517 3735 sat.

326 3757 528 3849 ferrugines,
550 3758 743 3826 testudines,
768 3759 917 3849 uligines.
941 3762 1070 3830 Verum
1095 3761 1173 3828 haec
1197 3776 1231 3825 et
1258 3783 1352 3848 supe-

325 3862 412 3928 riora
432 3861 640 3952 singulariter
664 3878 886 3952 pentaptotam
906 3882 1088 3954 sequuntur
1112 3862 1292 3956 regulam,
1318 3880 1352 3928 et

325 3965 496 4054 pluraliter
536 3969 716 4056 triptotam.
760 3980 794 4035 Δ.
835 3969 925 4035 Haec
963 3969 1114 4058 exempla
1156 3985 1280 4061 queunt
1316 3970 1352 4033 in

329 4071 506 4138 verborum
529 4069 803 4140 declinationibus
823 4072 964 4162 reperiri
987 4096 1051 4140 nec
1073 4068 1144 4144 ne?
1168 4074 1215 4142 M.
1243 4072 1353 4165 Equi-

326 4174 403 4246 dem
427 4200 504 4248 reor
525 4201 545 4244 a
567 4179 664 4246 tertia
687 4179 914 4269 coniugatione
936 4177 1151 4248 subiunctivo
1174 4194 1209 4246 et
1231 4178 1353 4272 optati-
