3382 5206
600 702 826 756 cnmuarsca
850 706 896 753 rr
919 704 1082 756 uarmca.
1269 688 1332 776 587

330 799 472 895 denique
488 821 554 871 tam
575 804 707 892 propria
726 827 825 893 quam
847 801 1042 893 appellativa
1065 805 1100 871 iu
1116 804 1277 897 singulari
1295 830 1352 872 nu-

328 933 417 978 mero
439 927 626 999 pentaptota
646 927 745 979 sunts
769 909 965 1000 appellativa
995 937 1071 979 vero
1097 909 1271 1002 pluraliter
1299 927 1343 980 te·

328 1032 494 1106 traptotat
523 1017 601 1083 item
634 1035 749 1084 neutra
782 1034 923 1107 utroque
952 1041 1087 1085 numero
1126 1020 1285 1107 triptota;
1315 1035 1350 1085 ut

328 1119 601 1201 fundamentum,
622 1137 879 1204 sacramentnm,
905 1122 1145 1202 iuramentum,
1172 1123 1350 1210 spiramen·

325 1241 404 1290 tum.
439 1222 603 1317 Vergilius
629 1223 664 1288 in
689 1225 790 1293 ·Vlll·
804 1261 850 1276 -
865 1225 1061 1314 spiramenta
1084 1227 1212 1293 animae
1234 1223 1345 1292 letha-

326 1326 349 1392 li
376 1327 511 1394 vulnere
538 1329 705 1416 rupit-3
729 1325 981 1396 salsamentum,
1005 1345 1247 1412 atramentum,
1262 1350 1343 1417 put·-

326 1450 542 1524 gamentum,
578 1433 845 1516 firmamentum,
874 1436 1138 1518 nutrimentum,
1170 1431 1352 1501 fulcimen-

328 1558 420 1607 tum,
450 1557 705 1623 oruamentum,
739 1541 969 1624 ostimentum,
1003 1558 1253 1608 armamentum.
1282 1541 1329 1608 Lo

326 1671 383 1715 cus
411 1671 487 1714 sero
510 1648 705 1738 receptaculi
731 1673 796 1739 qno
819 1665 1019 1714 armamenta
1045 1647 1270 1715 reconduntur
1295 1672 1345 1711 as·

327 1755 576 1820 mamentarium
598 1771 825 1842 nuncupatur,
851 1753 940 1844 qood
963 1753 1005 1818 ad
1028 1752 1210 1822 nauclerios
1233 1777 1344 1842 proro-

327 1878 436 1951 tasqoe
463 1864 615 1950 pertinet·
646 1862 730 1926 Nam
757 1886 846 1926 arma
878 1863 970 1927 unius
1004 1860 1118 1927 militis
1155 1879 1347 1942 armatura,

327 1986 381 2033 aut
406 1971 501 2035 totins
528 1968 755 2057 expeditionis:
785 1985 969 2034 artnentum
1002 1967 1090 2058 quod
1117 1970 1350 2050 armentarius,

326 2098 381 2139 sco
398 2076 558 2142 bobulcus
574 2093 737 2164 procurat.
752 2089 786 2139 Δ.
803 2075 992 2141 Ubera-imis
1008 2093 1277 2164 argumentorum
1299 2075 1346 2140 in·

328 2176 421 2244 diciis
451 2181 530 2244 milri
558 2198 706 2269 patenter
729 2178 902 2245 enucleare
932 2203 1050 2267 precor
1080 2178 1161 2269 quid
1187 2178 1228 2244 sit
1257 2178 1348 2269 quod

327 2282 472 2351 inlustris
497 2286 727 2376 grammaticae
751 2284 828 2349 artis
855 2299 1112 2364 commentator,
1138 2285 1347 2371 praepositio·

326 2416 381 2458 nes
409 2393 518 2483 inquit
546 2410 602 2459 aut
628 2392 729 2460 verba
755 2408 971 2478 corrumpunt
998 2407 1053 2456 aut
1078 2392 1166 2478 ipsae
1196 2413 1348 2456 corrum-

327 2517 457 2584 puntur.
483 2499 528 2564 Μ.
554 2500 642 2564 llaec
665 2497 825 2564 sententia
850 2495 994 2585 triplices
1020 2498 1187 2564 continere
1219 2494 1347 2585 regulas

327 2604 521 2688 dinoscitur,
546 2629 632 2695 quae
655 2621 762 2670 tamen
786 2603 1025 2695 quadripertita
1049 2603 1228 2693 figurarum
1252 2604 1348 2670 ratio·

325 2735 368 2778 ne
394 2711 602 2802 colliguntur.
630 2724 664 2775 Δ.
692 2711 762 2774 Hac
780 2712 1006 2799 ,responsione
1032 2727 1068 2775 ut
1100 2710 1245 2776 arbitror
1281 2734 1347 2775 non

304 2831 378 2882 'cst
404 2816 666 2906 interrogationis
694 2811 797 2899 nodus
815 2830 974 2903 patenter
996 2812 1138 2895 solutus,
1164 2813 1220 2880 scd
1248 2811 1347 2880 veluti

326 2923 490 3012 panucula
514 2921 711 3012 quaestionis
734 2919 888 2986 insoluta.
920 2919 1205 3007 M.·Tripertita,
1229 2937 1264 2983 ut
1295 2918 1350 2982 di-

326 3027 457 3109 ximus,
492 3026 765 3112 praepositionum
802 3022 949 3092 definitio
989 3021 1214 3090 huiuscemodi
1254 3021 1349 3087 dille-

326 3131 430 3196 sentia
467 3127 662 3220 colligitur,
696 3148 751 3195 aut
782 3129 872 3217 ipsae
906 3128 1157 3215 praepositiones
1195 3150 1347 3192 corrum-

326 3249 479 3327 puntur,
502 3252 538 3300 ut
566 3233 713 3316 accedo,
738 3232 901 3315 succedo,
927 3254 1083 3320 oppono,
1110 3253 1262 3320 appon03
1293 3247 1348 3295 aut

324 3354 446 3402 ceteras
460 3340 644 3405 orationum
664 3355 770 3427 partes
785 3335 905 3426 quibus
918 3336 1118 3424 praepositae
1132 3333 1253 3401 fuerint
1268 3357 1348 3400 cor-

325 3461 502 3532 rumpunt,
525 3459 557 3508 et
584 3445 671 3532 ipsae
701 3446 910 3530 incorruptae
941 3456 1155 3530 permanent,
1183 3456 1218 3506 ut
1244 3465 1345 3531 quse-

326 3572 384 3616 ιι),
414 3552 572 3640 exquiro,
599 3552 755 3640 inquiro,
776 3548 937 3638 requiro.
967 3565 999 3613 et
1029 3544 1169 3635 frango,
1199 3547 1349 3613 conlrin·

326 3676 390 3742 go,
411 3652 573 3744 infringo,
595 3676 736 3744 spargo,
765 3651 933 3741 dispergo,
955 3651 1080 3739 sparsi,
1108 3650 1267 3738 dispersi:
1292 3666 1348 3715 aut

326 3775 416 3824 certe
439 3757 632 3825 altrinsecus
667 3774 948 3846 corrumpuntur,
973 3755 1008 3822 id
1035 3770 1082 3822 est
1111 3772 1176 3820 tans
1204 3777 1348 3845 praepo·

324 3864 396 3928 sitio
425 3888 523 3953 quam
558 3882 685 3931 ceterae
722 3865 876 3929 orationis
909 3878 1037 3952 partes,
1064 3883 1148 3950 quae
1175 3860 1346 3949 praeposi·

326 3967 465 4033 tionibus
493 3968 559 4032 ritu
589 3967 713 4058 figurae
742 3968 927 4056 corapositae
953 3966 1188 4049 successerint,
1211 3981 1246 4031 ut
1277 3986 1346 4032 cor·

326 4073 431 4163 ripio,
448 4082 605 4158 co'e'rceo,
624 4075 768 4166 corrigo,
789 4072 950 4162 sinciput,
973 4072 1115 4162 occiput.
