3382 5206
728 589 769 634 or
796 588 983 637 rmrrcmo.
1288 573 1332 647 81

348 699 431 773 finis
451 697 660 771 immineret
681 725 692 791 3
719 697 782 769 sed
804 714 840 770 et
860 699 1026 799 quaestio
1051 730 1144 801 quae
1171 705 1365 802 perdiffici·
1419 702 1421 707 ’

344 819 390 892 tis
410 816 529 892 estad
549 815 763 891 solvendum
783 872 792 906 ,
822 817 918 914 cogit
938 846 1143 893 sermonem
1162 823 1268 921 paulo
1276 825 1365 925 ,lon-

344 939 425 1036 gius
443 936 623 1037 progredi.
635 934 784 1010 Etenim
804 965 888 1010 cum
908 965 928 1010 a
947 938 1150 1039 deponenti
1161 942 1272 1015 verbo
1292 945 1363 1020 tria

342 1055 533 1157 participia
550 1053 675 1128 venire
695 1082 773 1126 non
793 1055 985 1130 dubitetur
1013 1113 1023 1146 ,
1051 1074 1105 1130 est
1130 1060 1283 1134 verbum
1302 1061 1362 1137 de·

343 1180 484 1275 ponciis
496 1201 540 1249 ex
551 1199 626 1276 quo
646 1187 821 1274 quattuor
839 1172 1032 1275 participia
1051 1175 1146 1248 trahi
1164 1176 1358 1274 videntur,

341 1307 385 1364 ut
404 1291 502 1366 orior
523 1321 535 1388 3
562 1319 605 1365 ex
631 1317 704 1392 quo
730 1305 785 1364 est
812 1289 968 1379 oriens,
997 1292 1193 1385 oriturus,
1222 1314 1357 1391 ortus,

340 1409 530 1486 oriundus.
552 1406 755 1505 Quaeritur
783 1409 908 1510 itaque
933 1410 1091 1512 qualiter
1117 1413 1185 1488 hac
1210 1417 1355 1494 ratione

339 1531 396 1603 uti
416 1531 612 1605 debeamus
628 1586 638 1620 ,
653 1557 737 1604 cum
754 1531 907 1603 verbum
924 1531 1105 1630 passivum
1124 1561 1201 1607 non
1222 1536 1295 1627 sit,
1312 1565 1356 1613 ex

339 1676 412 1748 quo
438 1648 613 1724 trahatur.
639 1646 833 1723 Oriundus
858 1645 1004 1721 videtur
1032 1649 1252 1750 quibusdam
1278 1684 1355 1732 non

337 1793 416 1838 esse
436 1765 701 1865 participium,
728 1764 791 1838 sed
811 1790 947 1840 nomen
973 1766 1156 1868 participii
1183 1775 1354 1872 temporis

335 1884 453 1957 futuri
474 1882 589 1957 simile
613 1941 623 1974 ‚
649 1901 692 1958 ut
712 1881 962 1973 furibundus,
981 1884 1250 1981 laetabundus,
1270 1919 1354 1988 gau-

335 2001 524 2075 dibundus
547 2060 557 2092 ,
583 2001 828 2077 nutabundus.
850 1999 924 2074 Sed
944 2003 1035 2076 haec
1055 2003 1270 2102 opinionon
1288 2010 1353 2083 mi-

334 2127 374 2200 hi
398 2125 643 2199 videturesse
664 2122 887 2198 conveniens
909 2153 918 2198 :
945 2150 1030 2196 nam
1055 2127 1289 2229 participium
1317 2161 1352 2207 o·

335 2246 491 2321 riundus
511 2272 620 2319 nemo
639 2241 799 2341 ambigit.
814 2241 889 2317 Sed
909 2271 1018 2343 super
1033 2244 1103 2318 hoc
1117 2245 1351 2349 Galbungum

334 2366 553 2464 interrogavi
573 2364 753 2464 simulque
773 2361 938 2437 Aeneam
965 2420 975 2453 ,
1001 2366 1046 2438 ab
1073 2365 1198 2467 eisque
1224 2372 1349 2447 uniter

335 2485 455 2561 audivi
478 2541 488 2574 ,
515 2484 696 2587 quiahoc
722 2480 955 2582 participium
984 2540 994 2571 ,
1022 2482 1119 2557 sicut
1148 2501 1184 2559 et
1212 2505 1348 2581 ortus,

333 2604 520 2706 praeteriti
540 2601 712 2702 temporis
733 2599 780 2673 sit
802 2630 812 2695 3
839 2599 938 2672 unde
960 2599 1056 2673 etin
1077 2606 1347 2679 annumeratio-

333 2756 381 2803 ne
399 2725 675 2827 participiorum
692 2720 908 2821 interposita
922 2721 1184 2796 coniunctione
1198 2724 1348 2802 distinc-

333 2849 404 2921 tiva
427 2904 437 2935 ,
464 2845 516 2920 sic
535 2844 692 2917 dicimus
715 2896 725 2929 ,
746 2839 868 2912 oriens
892 2895 901 2926 ‚
922 2838 1085 2912 oriturus
1109 2897 1118 2928 ,
1146 2858 1248 2915 ortus
1271 2901 1281 2934 ,
1309 2864 1346 2919 ot

332 2966 534 3041 oriundus:
555 2991 597 3036 ex
616 2989 690 3061 quo
711 2956 962 3046 ostendimus,
982 2958 1072 3033 haec
1099 2960 1174 3036 duo
1200 2965 1345 3063 partici-

330 3086 388 3188 pia
408 3084 519 3158 unius
540 3108 616 3154 esse
640 3075 810 3177 temporis
832 3106 840 3151 :
868 3093 904 3148 et
924 3075 1008 3150 idco
1028 3094 1129 3153 recte
1149 3081 1342 3158 scribimus

332 3203 510 3278 oriundus
532 3217 618 3274 erat.

405 3350 460 3396 ιι.
482 3321 556 3394 Sed
577 3319 643 3392 hac
664 3316 782 3391 soluta
802 3315 1042 3416 quaestione,
1064 3315 1132 3388 alia
1152 3316 1191 3390 in
1214 3321 1342 3396 eodem

330 3442 517 3545 participio
539 3439 697 3540 suppetit
711 3436 895 3538 quaestio,
910 3463 1021 3536 quare
1043 3463 1119 3507 non
1140 3437 1341 3515 scribamus

330 3562 502 3636 oriendus
518 3619 528 3650 ,
550 3588 634 3634 cum
646 3558 693 3631 sit
708 3559 839 3631 oriens.
853 3555 929 3650 Qui
941 3555 1144 3655 prudenter
1155 3558 1264 3632 verba
1278 3588 1342 3634 no-

326 3683 444 3757 verint
471 3681 630 3756 scribere
662 3736 672 3767 ,
700 3675 977 3750 distinctionem
1003 3674 1042 3746 in
1071 3675 1241 3751 omnibus
1269 3708 1341 3754 ser·

324 3820 434 3893 rant,
454 3802 494 3875 in
514 3799 630 3874 modis
652 3815 688 3871 et
707 3795 882 3898 personis.
904 3793 967 3868 Sic
989 3794 1088 3867 enim
1108 3795 1342 3891 declinatur,

325 3927 422 4001 orior
442 3923 548 3998 oriris
569 3921 687 3994 oritur
707 3918 846 3991 orimur
859 3914 1005 3989 crimini
1027 3915 1209 3991 oriuntur.
1224 3917 1288 3994 Sic
1302 3938 1339 3995 et

326 4051 365 4123 in
386 4047 486 4125 omni
504 4045 613 4120 verbo
627 4039 755 4116 tertiae
771 4035 1039 4134 coniugationis
1052 4038 1124 4112 sive
1138 4038 1337 4137 productae

1031 4141 1054 4212 6
