3382 5206
720 609 864 658 mirone
889 607 960 655 vm.
1258 580 1328 656 135

335 746 548 832 sequestrata
569 727 812 824 singularitate
832 783 841 815 ,
869 744 903 799 et
921 725 1124 826 pluralitate
1144 725 1354 815 manifesta,

251 922 256 929 ,
334 857 445 931 multa
472 853 670 929 communia
695 852 838 952 utrique
858 879 1008 925 numero
1028 851 1284 938 inveniuntur,
1310 865 1351 923 ut

335 1008 437 1080 spes,
463 978 575 1052 nubes
592 1034 602 1065 ,
630 976 729 1064 dies,
749 974 888 1064 clades,
915 974 1039 1065 sedes,
1066 975 1210 1063 vultus,
1239 1002 1350 1074 grex,

333 1131 421 1193 sus,
450 1120 486 1176 et
507 1117 628 1178 cetera.
657 1098 706 1172 At
730 1116 850 1188 terra,
878 1099 1008 1199 inqua
1034 1100 1220 1173 hominum
1239 1126 1349 1197 genus

331 1241 411 1314 est,
438 1226 543 1298 turba
563 1202 576 1313 ,⁴
602 1223 714 1296 tribus
735 1279 745 1311 ,
771 1221 922 1321 populus
941 1278 950 1310 ,
977 1220 1105 1319 plebs,
1132 1222 1283 1311 concio,
1310 1220 1350 1293 li-

333 1365 389 1421 cet
412 1347 628 1445 singularem
647 1371 842 1421 numerum
867 1345 1101 1445 praeferunt,
1127 1344 1276 1444 pluralia
1301 1362 1351 1417 ta·

332 1499 411 1545 men
434 1468 700 1544 manifestantur
720 1499 763 1545 ex
784 1497 892 1544 sensu
910 1500 921 1567 3
946 1469 1046 1544 unde
1068 1486 1103 1543 et
1121 1470 1264 1569 pluralis
1284 1498 1351 1544 nu·

332 1594 418 1689 meri
436 1595 550 1667 verbis
570 1595 741 1696 applicari
762 1594 915 1683 debent,
936 1593 1031 1668 sicut
1052 1592 1181 1668 Cicero
1201 1596 1347 1670 effatur:

332 1731 356 1763 “
385 1717 505 1791 audite
526 1719 641 1820 plebs,
655 1736 688 1791 et
707 1718 884 1792 intendite
904 1717 1018 1791 tribus
1037 1775 1061 1807 „
1080 1734 1144 1793 etc.
1168 1715 1264 1792 Cum
1280 1715 1349 1790 Ae·

332 1870 414 1916 neas
433 1842 548 1916 adhuc
570 1869 626 1917 me
655 1842 870 1942 discipulum
893 1841 1012 1915 lucide
1032 1841 1134 1914 vellet
1157 1840 1347 1930 imbuere,

254 2024 263 2073 t
330 1966 626 2065 quandocumque
642 1964 730 2037 mihi
747 1964 890 2052 modos,
912 1964 1078 2063 syllabas,
1094 1962 1221 2064 pedes,
1235 1979 1349 2037 metra

333 2090 536 2180 scribebat,
562 2091 610 2163 ita
634 2089 775 2188 punctis
803 2088 1017 2188 interpositis
1043 2086 1281 2175 informabat,
1307 2105 1351 2161 ut

332 2207 445 2307 primo
469 2207 559 2305 pede
584 2206 715 2306 pagella
736 2205 925 2304 impressa,
952 2231 1064 2278 unum
1088 2222 1265 2304 punctum
1284 2206 1348 2279 im-

331 2328 522 2426 primeret3
547 2343 589 2399 ut
610 2326 685 2415 ita,
704 2324 903 2400 secundum
924 2325 1185 2400 incrementum
1209 2324 1263 2399 vel
1282 2355 1349 2400 nu·

331 2477 467 2524 merum
486 2453 702 2539 modorum,
728 2467 942 2551 punctorum
961 2478 1103 2549 quoque
1123 2451 1277 2525 adiectio
1297 2451 1350 2524 in-

332 2577 505 2674 figeretur.
532 2575 685 2651 Dicebat
713 2575 836 2650 enim:
868 2573 1010 2647 nullum
1038 2575 1133 2649 diem
1160 2590 1272 2649 totum
1299 2592 1348 2648 to·

334 2721 471 2802 tamque
491 2717 632 2774 noctem
651 2727 794 2773 vacuam
813 2727 832 2771 a
854 2699 1044 2798 sapientiae
1067 2698 1198 2772 studiis
1214 2697 1347 2795 exigas3

331 2826 416 2926 quia
442 2826 472 2897 si
492 2854 564 2899 una
584 2824 644 2896 die
663 2825 717 2897 vel
742 2841 845 2897 nocte
874 2823 1061 2896 lectionem
1088 2821 1347 2910 intermiseris,

330 2965 363 3020 ct
389 2948 543 3021 crastino
571 2947 688 3020 statim
706 2945 822 3043 legere
845 2945 1026 3043 coeperis,
1054 2971 1177 3016 sensus
1197 2971 1346 3020 acumen

330 3072 547 3173 aliquantula
573 3071 658 3144 licet
681 3089 779 3169 parte
809 3071 962 3170 reperies
983 3069 1173 3142 deacutum
1200 3088 1266 3144 etc.

405 3196 463 3271 De
486 3225 577 3270 casu.
606 3193 719 3269 Casus
739 3212 823 3270 sunt
844 3226 911 3272 sex.
933 3194 1086 3290 Quare?
1106 3197 1188 3294 quia
1207 3224 1267 3271 ser
1287 3226 1345 3270 ne-

331 3323 423 3419 gotia
442 3321 602 3395 homines
623 3319 774 3409 habent,
794 3321 1002 3409 nominant,
1024 3335 1215 3416 generant,
1238 3319 1345 3408 dant,

329 3465 464 3545 agunt,
490 3462 640 3534 vocant,
668 3449 857 3520 auferunt:
884 3447 979 3519 unde
1006 3447 1043 3518 hi
1071 3475 1213 3548 quoque
1242 3470 1344 3520 casus

328 3575 419 3645 hanc
446 3598 617 3645 summam
646 3571 830 3671 accipiunt
858 3588 924 3644 etc.
952 3568 1008 3643 De
1034 3573 1233 3646 accusativo
1260 3602 1341 3649 casu

327 3714 504 3796 quaerunt
522 3697 606 3798 quid
626 3697 682 3771 sit.
703 3694 872 3797 Plerique
892 3712 1094 3769 nostrorum
1109 3697 1174 3770 hoc
1194 3701 1344 3775 verlmm

325 3824 555 3923 frequentant
574 3823 642 3921 (a),
663 3820 730 3894 hoc
751 3837 801 3893 est
821 3820 1027 3896 accusandi.
1051 3817 1183 3895 Cicero
1205 3824 1340 3900 etenim

391 4087 426 4151 (²)
444 4090 499 4136 00d·
511 4091 670 4150 frequenter.
