3382 5206
604 609 833 663 ontnntrrct
858 612 904 660 nr
929 610 1093 660 nernrct.
1269 598 1329 686 ⁵9¹

332 739 424 788 taceo
444 717 618 797 conticeat
639 732 676 783 ut
698 753 744 769 —
762 717 951 784 conticuere
974 738 1084 787 omnen
1104 717 1290 808 intentique
1303 741 1359 784 ora

330 827 486 894 tenebant
509 847 579 905 -ς
604 824 692 890 unde
716 824 940 892 incohativnm
963 823 1169 899 conticeac03
1193 824 1356 913 genetrice

329 928 513 999 Samuhelia
544 930 812 997 uaticinante-
839 944 871 997 et
897 925 990 1016 impii
1020 927 1053 990 in
1079 926 1223 993 tenebris
1252 930 1357 994 conti·
1395 998 1401 1015 ‚

331 1052 461 1104 cescent
481 1058 551 1114 -ς
580 1053 676 1101 teneo
704 1036 884 1117 contineo,
915 1051 1011 1123 tango
1042 1034 1192 1122 contingo
1220 1082 1230 1116 ,
1267 1031 1358 1101 caleo

329 1139 511 1223 conculco,
535 1139 617 1208 iacio
639 1138 798 1208 conficio,
822 1138 914 1227 capio
939 1138 1109 1227 concipio,
1133 1162 1255 1230 quaero
1276 1163 1356 1208 con·

330 1247 462 1336 quiro,
499 1246 646 1336 quaestio
679 1244 887 1335 conquisitio.
919 1245 1005 1309 Nam
1038 1267 1159 1334 queror
1190 1243 1354 1334 deponens

329 1350 518 1437 corripitur.
553 1348 651 1416 Unde
678 1346 826 1440 querella
861 1349 1067 1439 querimonia
1096 1346 1281 1428 derivatur,
1308 1352 1357 1417 si-

330 1475 384 1522 cut
407 1457 439 1522 in
468 1456 600 1524 historin
621 1456 836 1524 ecclesiastica
858 1474 1062 1526 cautumest
1076 1480 1244 1524 -omnes
1268 1482 1354 1548 que-

332 1562 545 1628 rimoniarum
572 1560 675 1628 libros
698 1563 788 1628 iussit
816 1561 945 1629 incendi
958 1598 1014 1626 -.
1031 1562 1094 1628 Seu
1119 1577 1257 1652 utraque
1279 1586 1353 1628 cor-

328 1685 550 1758 rumpuntur,
576 1669 726 1737 videlicet
754 1686 821 1735 tam
848 1670 1043 1758 praepositio
1076 1693 1177 1759 quam
1201 1669 1349 1735 subiecta

328 1796 402 1862 para
431 1790 466 1839 ut
496 1775 589 1862 rapio
622 1775 789 1863 corripio,
823 1772 943 1840 mando
977 1772 1192 1841 commendo,
1222 1770 1352 1861 plector

332 1877 540 1970 complector.
567 1879 683 1947 Cicero
703 1878 790 1947 libro
814 1878 1080 1946 ·Xlll·-nullo
1103 1880 1201 1948 modo
1224 1904 1353 1971 pureum

326 2003 382 2050 ant
409 1989 565 2052 memoria
594 1987 823 2078 consequitant
847 1988 993 2054 oratione
1017 1984 1178 2075 conplecti
1192 2023 1249 2054 -.
1268 1988 1353 2056 Lae-

326 2091 368 2157 do
399 2091 520 2159 collido
545 2092 685 2161 collisio·
704 2090 802 2163 Unde
826 2102 920 2182 poeta
933 2129 979 2145 -
993 2093 1043 2159 vir
1067 2110 1176 2161 tamen
1193 2093 1288 2183 effugi
1304 2111 1354 2161 to-

328 2199 370 2261 tis
392 2195 503 2264 collisa
526 2197 678 2265 medullis
691 2220 756 2276 -3
786 2223 862 2288 rego
885 2199 1034 2286 corrigo,
1052 2196 1127 2287 lego
1149 2195 1278 2287 colligo.
1296 2199 1355 2264 ln·

326 2303 458 2369 tardum
484 2328 561 2372 vero
583 2303 700 2370 eadem
724 2327 808 2369 con·
835 2304 1028 2392 praepositio
1052 2329 1094 2368 «ιιι
1118 2301 1260 2369 litteram
1288 2327 1356 2370 non

326 2414 529 2499 corrumpit,
551 2410 606 2478 sed
625 2413 758 2476 omnino
780 2411 920 2488 amittit3
947 2413 973 2476 si
998 2435 1133 2501 sequens
1153 2435 1229 2501 pars
1251 2435 1269 2475 a
1293 2434 1351 2476 vo·

325 2515 387 2594 cali
421 2518 579 2601 inchoat,
608 2537 644 2583 ut
666 2533 817 2583 aeternna
851 2536 1070 2598 coaeternus,
1095 2542 1234 2585 coaevus
1262 2542 1354 2585 coae-

326 2640 463 2705 taneus,
489 2625 716 2713 coepiscopus,
743 2647 925 2705 coacervo,
954 2640 1131 2689 coarto-
1157 2642 1188 2690 et
1216 2623 1349 2716 angelus

327 2728 459 2793 Domini
485 2745 632 2793 coartans
655 2753 709 2794 eos
723 2763 778 2792 -.
792 2727 980 2795 Lactantius
994 2725 1036 2790 ad
1050 2729 1293 2795 Demetrinnum
1306 2767 1352 2781 -

327 2849 358 2897 et
380 2830 444 2898 levi
469 2884 479 2908 ,
509 2832 642 2922 inquit,
671 2850 702 2896 ct
727 2855 791 2897 non
819 2850 930 2899 coarto
954 2831 1071 2919 spiritu
1099 2833 1228 2923 quoties
1255 2832 1348 2899 volu·

328 2959 397 3005 mus
421 2935 563 3003 allicitur
591 2960 661 3004 vox.
685 2937 845 3026 Occipi03
872 2937 1048 3002 Terentius
1071 2939 1106 3001 in
1135 2933 1354 3027 Adelphis—

326 3059 415 3108 recte
437 3043 570 3133 aedepol
592 3068 686 3133 spero
710 3043 808 3109 modo
833 3040 962 3109 dolores
986 3060 1094 3110 meatu
1113 3043 1280 3131 occipiunt
1293 3081 1348 3110 -.

328 3147 435 3235 Caput
470 3152 601 3239 occiput
634 3151 795 3239 sinciput,
819 3173 857 3216 cx
885 3149 1014 3216 duobus
1048 3150 1209 3238 corruptis
1239 3147 1274 3214 id
1304 3165 1350 3216 est

327 3257 422 3320 nemis
446 3273 552 3344 caput.

408 3361 445 3423 ln
478 3361 671 3449 praepositio
704 3361 886 3448 corrumpit
917 3359 1041 3426 verba,
1071 3375 1106 3424 ut
1138 3356 1249 3440 facio,
1275 3357 1354 3425 inli-

326 3468 406 3549 cio,
435 3470 528 3557 capio
554 3469 703 3556 incipio,
731 3466 865 3558 gradior
892 3466 1119 3559 congredior:
1143 3469 1269 3555 partior
1296 3468 1352 3532 in-

326 3574 456 3660 pertior.
480 3575 526 3642 Ut
552 3574 682 3641 Tullius
707 3577 824 3641 Cicero
848 3573 998 3639 Lucanus
1022 3572 1111 3640 libro
1136 3571 1193 3639 ·X·
1216 3609 1263 3624 -
1289 3571 1353 3639 At·

326 3704 391 3771 que
417 3681 527 3771 opifex
549 3706 662 3748 rerum
692 3699 781 3748 certo
808 3682 870 3746 snb
896 3683 967 3748 iure
991 3691 1119 3748 coercet
1145 3717 1216 3747 -.
1250 3679 1354 3746 Cohi-

219 3800 223 3809 '
325 3785 413 3851 beo,
441 3809 606 3876 coaequo,
628 3786 774 3853 coalesco
799 3785 849 3851 vcl
879 3785 1033 3852 inolesco.
1058 3783 1352 3876 Vergilius-udo·

326 3916 390 3981 que
420 3890 536 3960 docent
560 3891 739 3960 inolescere
766 3892 864 3960 libro·
887 3929 934 3944 -
962 3892 1033 3984 Ago
1064 3917 1123 3980 per
1144 3890 1352 3984 synalipham

325 4020 429 4088 cogo,
459 4017 493 4066 ut
511 3999 589 4068 nolo
616 3999 728 4067 malo,
759 4001 849 4092 quod
876 4003 909 4065 in
942 4001 1119 4091 praeterito
1151 3997 1350 4067 manifestius

324 4104 429 4196 liquet
461 4107 563 4197 co'e'gi.
595 4111 640 4177 lle
670 4110 867 4200 praepositio
898 4128 954 4176 eut
979 4111 1136 4178 subnexae
1165 4109 1351 4180 orationum
