3382 5206
752 606 793 650 ns
820 605 929 652 vasso.
1271 571 1334 680 67²
1360 630 1366 640 ·

710 713 806 785 dicto
824 711 942 800 modo,
959 712 1019 802 llo,
1035 714 1172 803 flamus,
1189 713 1265 804 llas,
1286 714 1345 786 ssa-

335 838 404 925 tis,
424 837 575 922 dabam,
596 832 791 918 dabamus,
812 830 922 918 flant,
943 830 1046 919 flate,
1067 832 1134 920 ssa,
1155 832 1245 905 ssetis
1260 890 1270 923 ,
1285 834 1346 908 lle-
1374 850 1377 855 ’

335 983 436 1044 mus,
453 956 575 1028 ssatote
587 1009 596 1040 ,
609 953 711 1038 ilem,
727 949 828 1037 dato,
843 950 904 1021 flet
918 950 962 1048 (a)
977 1006 986 1037 ,
1003 949 1094 1024 flabo
1107 952 1177 1051 (b),
1194 953 1342 1045 flavere,

335 1076 430 1148 flare.
442 1072 488 1149 Et
498 1090 541 1146 ut
551 1070 736 1171 spatiosius
749 1085 784 1140 et
796 1067 840 1140 ad
853 1068 920 1141 alia
931 1070 1037 1141 verba
1047 1069 1219 1144 reddatur
1229 1100 1344 1148 exem·

333 1195 433 1293 plum
453 1193 561 1295 (quia
580 1219 671 1292 quae
692 1163 885 1263 sulsrelicta
905 1207 992 1263 sunt
1011 1189 1059 1263 de
1073 1191 1141 1265 hoc
1159 1194 1266 1267 verbo
1285 1223 1345 1295 pa·

334 1331 434 1389 teant
452 1312 654 1411 unicuique
676 1311 747 1408 (c),
770 1337 811 1381 ac
834 1309 1002 1382 versidici
1023 1337 1232 1387 mensurare
1253 1315 1344 1389 vale-

333 1434 443 1532 bunt)
458 1433 567 1505 etiam
581 1429 625 1503 ad
638 1425 881 1526 dissyllabata,
897 1456 990 1526 quae
1004 1428 1056 1501 sic
1070 1450 1343 1511 mensurantur:
1411 1465 1416 1477 ·

333 1549 465 1638 laudo,
484 1548 696 1635 laudamus,
714 1545 896 1634 laudatis,
914 1546 1039 1619 laudas
1057 1604 1066 1635 ,
1087 1547 1341 1643 laudabamus,

333 1665 466 1756 lauda,
486 1666 628 1740 laudavi
649 1722 659 1753 ,
686 1663 869 1752 laudasti,
887 1663 1184 1758 laudaveramus,
1207 1667 1341 1762 lauda,

307 1798 310 1805 ’
332 1786 539 1873 laudemus,
558 1784 722 1871 laudate,
741 1782 888 1871 laudes,
906 1783 1076 1872 laudare,
1096 1785 1340 1879 laudabimus,

331 1905 542 1994 laudabitis,
564 1904 750 1978 laudatum
771 1903 840 1991 iri,
860 1902 1033 1992 laudans,
1055 1905 1342 1998 laudantis,lau·

331 2024 454 2113 danti,
475 2023 713 2097 laudaveritis.
730 2019 834 2095 Scire
854 2022 1024 2096 debemus
1039 2025 1254 2124 trisyllabata
1265 2057 1342 2104 ver·

330 2147 376 2217 ba
398 2173 459 2245 per
478 2145 584 2218 hosce
605 2171 728 2216 versus
745 2171 818 2216 non
840 2159 912 2215 tam
928 2143 1032 2216 sacile
1046 2172 1169 2244 posse,
1189 2147 1260 2222 nisi
1276 2178 1340 2249 per

329 2266 521 2338 scissuram
542 2264 710 2365 pensari:
731 2279 765 2335 et
788 2264 870 2336 ideo
891 2264 978 2362 quia
1003 2265 1084 2337 linis
1108 2267 1273 2366 epistolae
1300 2271 1340 2344 in

330 2385 488 2481 proximo
513 2401 563 2456 est
581 2438 590 2469 ,
606 2383 651 2454 ad
673 2370 969 2482 quadrisyllabata
987 2397 1233 2477 transeamus,
1247 2415 1341 2487 quae

332 2504 384 2576 sie
401 2503 641 2576 declinantur.
656 2499 849 2598 l'ntelleg0,
864 2499 1060 2599 intellegis,
1076 2504 1271 2602 intellegit,
1287 2508 1341 2582 in·

330 2621 532 2718 tellegunt,
556 2619 826 2716 intelleguntur.
851 2616 956 2692 Scire
981 2636 1016 2692 et
1035 2639 1207 2696 annotare
1233 2625 1340 2700 debet

331 2742 579 2841 unusquisque
606 2739 897 2826 versidicorum,
928 2739 1023 2839 quod
1054 2745 1339 2845 unumquodque

329 2861 489 2959 phonum
510 2860 635 2960 procul
653 2858 763 2932 dubio
784 2859 951 2957 longum,
971 2861 1139 2935 brevibus
1159 2863 1197 2936 in
1216 2892 1339 2941 versus

327 2996 440 3051 metro
455 2994 726 3052 annumeretur.
743 2977 876 3067 Nune,
892 2996 932 3051 ut
947 2979 1196 3080 promisimus,
1215 2983 1338 3083 episto·

325 3099 437 3171 larem
456 3124 656 3170 sermonem
678 3097 855 3172 liniamus.

605 3362 751 3408 trustem
770 3363 882 3410 Tsnrta
903 3365 944 3407 DE
965 3365 1075 3411 VERBO.

404 3989 440 4051 (a)
458 3990 512 4033 cod·
522 3993 581 4049 ,βαι-ι
629 3985 668 4051 (lv)
685 3991 822 4050 cumfuse.
869 3987 906 4050 (r)
925 3991 981 4033 eod·
1005 3991 1035 4031 tls
1051 3992 1093 4033 hoc
1110 4009 1165 4035 vora
1187 4005 1273 4051 pescant
1291 4011 1331 4039 m

332 4081 433 4125 ιμηιμιε.

988 4171 1009 4246 5
1036 4177 1055 4218 ἢ
