3382 5206
369 532 419 607 60
737 555 888 606 arrarum
906 559 955 607 ur.

339 690 480 736 causam
500 663 602 736 etiam
622 662 817 765 philosophi
838 665 973 766 antiqui
991 666 1136 739 verbum
1155 690 1196 739 ex
1216 664 1287 739 duo
1306 667 1356 738 vi-

345 785 425 882 ginti
450 787 629 886 speciebus
655 785 692 859 in
719 814 833 860 unum
859 787 1008 861 ordinati
1026 803 1108 860 sunt
1135 788 1197 888 (a).
1231 785 1292 881 Etx
1310 805 1352 860 ut

337 911 402 991 boc
428 906 493 979 tibi
518 907 733 982 manifestius
761 909 928 981 reddatur
953 966 963 998 ‚
984 909 1132 1006 singulas
1159 936 1352 982 annumera

335 1027 477 1125 speeies.
498 1024 613 1100 Habes
640 1056 720 1102 ecee
740 1028 778 1101 in
798 1029 915 1128 primis
936 1029 1137 1129 qualitatem
1155 1030 1269 1113 verbi,
1289 1058 1352 1130 per

332 1148 454 1221 modos
480 1163 515 1218 et
540 1149 694 1237 somnae,
723 1146 779 1220 ·X·
801 1149 932 1247 species
959 1148 1153 1224 habentem.
1174 1149 1279 1222 Modi
1305 1151 1348 1223 si·

333 1266 476 1367 quidem
490 1295 548 1339 sex
568 1268 762 1357 habentur,
778 1285 814 1341 et
834 1270 961 1341 formae
975 1285 1148 1369 quattuor.
1158 1266 1270 1341 Habes
1281 1285 1348 1342 ter-

332 1413 415 1460 nam
442 1387 726 1483 coniugationem
751 1444 761 1476 ‚
790 1388 1002 1488 quinamque
1028 1387 1345 1485 significationem.

333 1504 428 1580 Hine
456 1523 534 1579 octo
561 1507 690 1605 species
710 1506 980 1581 concluduntur.
1001 1505 1072 1579 Per
1092 1506 1267 1606 duplicem
1288 1537 1347 1581 au-

331 1640 403 1697 tem
423 1626 569 1722 liguram
589 1642 626 1697 et
644 1624 783 1697 dualem
803 1651 990 1698 numerum
1009 1625 1239 1725 suprascripta
1254 1652 1346 1698 suur-

222 1804 239 1827 χ
331 1769 390 1815 mu
410 1759 680 1817 consummatur.

411 1887 469 1962 29.
497 1861 629 1934 Verum
649 1888 756 1960 quare
778 1878 916 1961 tempus
936 1861 1029 1961 quod
1050 1879 1189 1934 ternum
1209 1879 1287 1951 est,
1308 1880 1345 1936 et
1400 1959 1402 1964 Α

328 2007 475 2079 persona
502 2010 589 2080 quae
615 2010 723 2081 aeque
751 1999 850 2053 terna
870 2009 944 2053 esse
965 1980 1250 2053 animadvertitur
1270 2039 1279 2070 ‚
1301 2011 1342 2055 ex

328 2098 395 2171 hoc
416 2100 611 2200 excipiatur
631 2128 777 2174 numero
793 2158 802 2190 ‚
818 2103 906 2173 forte
926 2100 1132 2200 requiratur.
1147 2099 1342 2174 Sciendum

327 2219 473 2318 proinde
495 2238 545 2294 est
563 2221 806 2295 historicorum
820 2222 916 2294 hunc
933 2249 1004 2294 esse
1020 2214 1175 2311 morem,
1199 2240 1239 2295 ut
1260 2251 1341 2295 cum

324 2334 450 2438 ¹typum
469 2340 621 2441 aliquem
639 2340 693 2414 vel
713 2368 899 2413 numerum
910 2341 1117 2440 protendere
1128 2342 1338 2433 voluerunt,

326 2483 399 2530 non
411 2477 484 2531 tam
495 2476 601 2531 totam
614 2487 768 2533 summae
778 2459 1031 2559 plenitudinem
1043 2518 1052 2549 ‚
1063 2489 1168 2559 quum
1180 2462 1274 2560 quod
1288 2465 1337 2564 (b)

325 2575 369 2648 ad
395 2594 517 2678 typum
542 2580 715 2678 pertineat
740 2577 953 2678 propositum
979 2597 1219 2652 annumerent.
1241 2578 1338 2675 Quo·

324 2722 405 2768 rum
424 2727 515 2771 unus
535 2699 596 2798 qui
616 2714 711 2787 erat,
732 2715 772 2770 ut
792 2698 980 2785 rebantur,
1002 2699 1209 2798 praecipuus
1227 2696 1338 2772 Clrro-

323 2843 394 2891 mas
421 2817 593 2905 nomine,
620 2817 662 2889 ad
690 2844 754 2888 nos
780 2844 890 2915 usque
908 2833 1114 2914 perventens
1138 2873 1147 2906 ,
1172 2834 1338 2916 quattuor

322 2953 463 3009 tantum
488 2937 620 3008 vocales
647 2935 777 3008 litteras
806 2934 1039 3011 numerandas
1066 2963 1137 3006 esse
1164 2938 1336 3010 censebat.

279 3147 283 3155 Ι
319 3054 431 3129 Cuius
457 3057 507 3128 rei
533 3057 705 3129 rationem
730 3082 813 3128 cum
838 3055 881 3127 ab
908 3084 948 3128 eo
975 3053 1112 3127 Aeneas
1138 3083 1235 3128 meus
1261 3086 1336 3156 per-

320 3177 475 3277 quireret
497 3233 507 3264 ‚
529 3175 712 3276 tranquillo
734 3175 884 3248 reddidit
903 3177 1076 3252 effamine.
1100 3174 1261 3267 Scimus,
1284 3180 1336 3252 in-

320 3295 429 3396 quit,
448 3311 483 3367 et
508 3323 571 3369 nos
592 3295 736 3394 quidem
754 3295 909 3395 quinque
930 3324 1001 3368 esse
1021 3296 1151 3369 litteras
1170 3326 1259 3396 quae
1280 3326 1336 3370 vo-

321 3414 410 3488 cales
436 3414 605 3487 dicuutur
630 3432 862 3490 :nostrorum
888 3433 1002 3488 tamen
1028 3434 1188 3490 veterum
1213 3446 1334 3517 paren-

319 3513 395 3607 tuin
414 3535 518 3607 moris
538 3535 740 3634 antiquioris
756 3538 802 3635 (c)
820 3553 912 3623 erat,
926 3552 965 3607 ut
985 3535 1124 3609 nullum
1145 3565 1333 3609 numerum

283 3674 287 3681 ’
319 3652 446 3751 absque
469 3670 549 3751 typo
570 3670 830 3729 mensurarent:
850 3653 943 3726 unde
964 3654 1044 3753 quia
1065 3683 1147 3727 cum
1167 3655 1274 3754 quino
1295 3659 1332 3730 iu

319 3774 564 3872 supputatione
592 3792 738 3848 numero
765 3775 881 3848 nullus
917 3775 1097 3848 cardinalis
1129 3780 1331 3875 processerit

397 3950 433 4011 (a)
451 3951 483 3997 lta
505 3955 554 3998 cort·
573 3973 612 4015 pru
635 3957 818 3999 mutuamur-unt·
865 3950 905 4018 (b)
922 3958 977 4005 eod.
1001 3959 1064 4018 qum!
1090 3974 1166 4016 quanm
1215 3959 1251 4017 (r)
1267 3962 1324 4010 eod.

321 4033 466 4086 arttt'quurt's.
