3382 5206
658 546 703 593 aa
745 544 918 594 rarorum
945 545 1021 592 rur.
1263 527 1331 626 4⁰7

326 656 404 738 Quis
429 677 542 741 paoem
571 653 721 719 eximiam
747 665 879 716 conatus
901 647 1053 740 frangere
1081 651 1244 740 patrum?

326 763 405 847 Quis
430 759 551 826 frustra
568 762 731 852 egregiam
757 760 931 824 commovit
950 759 983 822 in
1003 782 1093 824 arma
1112 760 1287 850 quietem?

329 870 419 951 Quae
440 869 535 955 pestis
563 867 668 957 tetigit
697 889 828 931 servum
848 880 1042 951 perennata
1069 865 1201 934 fidelem

328 974 373 1038 Ut
398 972 519 1040 domini
549 970 665 1038 faciem
691 971 860 1036 meruisset
880 994 1012 1038 cernere
1030 970 1187 1045 tristem?

329 1080 490 1145 imbricus
509 1082 574 1145 boc
590 1068 725 1168 serpens
747 1076 896 1167 proludit
915 1077 956 1142 ab
982 1101 1038 1145 ore
1065 1103 1252 1164 venenum,

328 1186 420 1251 Idem
444 1189 500 1277 qui
519 1185 685 1277 quondam
710 1185 834 1250 miseris
853 1183 999 1249 edixerat
1021 1184 1136 1273 anguis

330 1293 531 1383 Coniugibus
555 1295 667 1357 mortis
684 1291 838 1359 mortales
856 1307 988 1379 pectore
1016 1307 1139 1356 voces:

330 1399 389 1481 Qni
412 1401 554 1488 geminos
580 1424 673 1466 saevo
696 1397 833 1463 laniavit
858 1395 995 1462 vulnere
1018 1393 1163 1481 fratres,

329 1506 371 1568 Et
393 1506 449 1594 qui
472 1527 641 1594 germanas
663 1501 842 1569 maculavit
872 1503 1028 1590 sanguine
1050 1500 1202 1589 palmas,

331 1611 528 1675 Fraternnm
552 1608 662 1675 soeclus
676 1605 791 1690 letales
814 1608 911 1675 vertit
935 1608 970 1670 in
993 1608 1088 1692 iras,

331 1717 459 1805 Quique
480 1715 608 1803 pietatis
633 1716 760 1780 nescire
775 1714 878 1778 suasit
901 1735 1067 1798 amorem,

332 1825 444 1899 (llinc
466 1838 557 1886 natus
578 1819 725 1887 deierans
746 1819 890 1908 patrium
912 1819 1027 1885 derisit
1045 1819 1230 1907 bonorem)

332 1931 393 2014 Qui
420 1927 556 2017 populns
585 1927 709 1992 dudum
729 1900 847 1991 'docuit
870 1926 1089 1994 conscendere
1116 1932 1257 2015 turrim,

334 2037 375 2099 Et
403 2033 572 2100 dominum
589 2031 689 2098 servis
715 2033 808 2096 iussit
828 2032 952 2098 nescire
980 2049 1158 2104 tonantem.

333 2140 395 2203 llic
418 2137 503 2205 solus
523 2135 643 2203 scindit
666 2126 833 2224 perlectae
858 2133 988 2202 foedera
1013 2141 1129 2226 pacis,

334 2244 375 2307 Et
398 2241 537 2331 populos
562 2241 662 2309 saevis
686 2240 806 2330 gaudet
831 2241 1035 2308 committere
1063 2242 1186 2328 bellis,

334 2350 379 2414 Ut
408 2347 514 2415 nullus
537 2347 669 2413 Christo
701 2345 798 2435 digne
817 2343 994 2411 famuletur
1015 2349 1049 2414 in
1070 2351 1177 2435 orbe,

333 2450 511 2517 blnrtiferis
538 2450 652 2517 suadet
676 2451 784 2517 verbis
806 2472 1002 2540 consurgere
1024 2451 1122 2538 lites,

334 2556 478 2621 Seminat
506 2572 537 2618 et
564 2555 647 2621 rixas
670 2556 727 2620 ubi
754 2556 842 2643 pacis
862 2553 928 2621 sola
954 2556 1114 2623 iubentur

334 2661 503 2742 Foedera,
524 2662 671 2750 perpetui
694 2664 765 2752 quis
788 2661 908 2726 dantur
929 2665 1076 2751 praemia
1098 2655 1201 2756 regni.

335 2765 466 2831 luridus
487 2765 541 2830 bic
567 2789 698 2853 serpens
719 2766 889 2851 temptavit
919 2762 1069 2856 frangere
1090 2791 1227 2855 pacem,

333 2875 403 2956 Qna
424 2896 477 2936 rex
501 2872 648 2961 egregius
676 2868 837 2956 Karalus,
865 2870 994 2961 duxque
1012 2871 1155 2965 inclytus
1180 2900 1244 2941 una
1264 2881 1308 2957 (a)

335 2974 456 3041 llassilo
479 2994 634 3064 perpetue
662 2976 861 3041 tenebantur
881 2977 952 3042 iure
981 2976 1090 3043 beato·

335 3079 565 3168 Adgreditur,
588 3079 671 3145 santa
693 3099 847 3146 cunctum
867 3083 1069 3149 contaminat
1091 3084 1218 3153 orbem.

334 3190 479 3255 Vocibus
501 3187 553 3250 bis
574 3211 670 3275 puras
693 3188 741 3269 (b)
767 3186 910 3276 pulsarit
930 3187 1073 3276 perfidus
1103 3215 1219 3259 aures:

337 3293 447 3361 Dasilo
467 3293 638 3381 peccavit,
660 3291 783 3384 linquit
802 3295 876 3382 quia
901 3294 989 3385 regia
1011 3297 1124 3381 iussa,

337 3405 378 3468 Et
404 3402 466 3467 sibi
486 3401 610 3467 servitii
639 3424 703 3465 non
727 3401 824 3467 solvit
847 3399 978 3468 foedera
1002 3406 1100 3493 pacti.

336 3509 424 3573 llaec
456 3506 542 3570 dicta
573 3507 716 3595 egregias
744 3506 857 3574 Karoli
882 3507 1058 3574 volvuntur
1086 3508 1128 3574 ad
1155 3536 1274 3596 aures,

337 3615 378 3677 Et
405 3636 517 3679 rumor
542 3614 650 3699 coepit
678 3610 781 3678 latum
808 3613 948 3680 volitare
974 3640 1036 3704 per
1053 3617 1195 3702 orbem,

320 3718 550 3808 ‚Pnlsnturque
578 3720 653 3807 ipsis
677 3721 761 3809 regis
788 3723 971 3809 praesentia
995 3723 1130 3805 verbis,

336 3825 373 3888 ln
399 3825 578 3912 primisque
603 3824 671 3913 pias
699 3823 751 3889 his
779 3824 873 3892 dictis
899 3825 1030 3892 abdidit
1058 3851 1178 3905 aures3

420 3990 456 4049 (a)
474 3992 531 4039 Cod.
550 4008 600 4035 vot.
637 3988 680 4052 (b)
697 3991 752 4034 eod.
768 4007 838 4048 pum·
