3382 5206
344 548 410 621 232

318 695 376 741 tur,
391 688 519 751 quantum
531 676 600 727 ratio
610 670 741 744 qrnsccbat.
758 681 810 721 tra·

319 771 457 824 ctavinus.
484 766 522 817 Dr
541 761 658 814 ablativo
680 777 741 812 casa
761 777 813 810 nu-

320 859 385 914 meri
410 852 572 923 singularis.
596 849 644 918 qui
667 868 702 900 ·n·
728 846 816 899 lim-n

322 947 487 1002 terminatur.
501 949 631 1009 quantum
645 935 715 989 ratio
726 949 817 1004 posoe-

323 1040 371 1090 bat
384 1071 392 1093 .
406 1028 587 1087 tractavimus.

452 1116 456 1124 ’
486 1119 532 1174 6⁰·
557 1132 593 1168 ua
623 1134 660 1167 ·r·

359 1212 499 1268 Ablativus
517 1224 593 1260 casua
613 1203 713 1257 numeri
732 1202 818 1268 singu·

323 1300 422 1370 gularis
445 1317 484 1349 ·u·
497 1297 585 1350 littera
606 1300 764 1344 tennmatur
777 1306 818 1353 ge·

325 1382 590 1443 uerahaeccontinct
607 1388 751 1447 quattuor.
766 1393 817 1426 ma·

323 1478 472 1533 mulinum.
488 1471 645 1525 femininum
657 1504 664 1523 ‚
678 1475 799 1519 ueratrum
811 1499 818 1520 ‚

327 1582 412 1621 011111οι

361 1739 408 1796 61.
427 1755 463 1792 na
483 1752 594 1792 acarna
614 1749 781 1787 uiscerum·

331 1862 504 1974 Masculini
515 1912 615 1982 generis
625 1912 742 1965 nomina.
754 1927 824 1979 qnae

331 2005 448 2060 ablativo
467 2021 528 2056 casu
551 2002 652 2054 numeri
681 1999 821 2066 singularis

331 2114 369 2147 ιιι·
379 2094 469 2150 littera
479 2090 654 2144 terminantur
665 2125 672 2142 .
692 2087 757 2139 haec
774 2105 822 2138 no·

330 2180 460 2234 minatirn
481 2194 546 2229 casu
560 2177 663 2228 numeri
681 2174 823 2241 singularis

332 2254 388 2322 tina
404 2267 459 2319 ‘huc
482 2265 592 2318 formula
614 2265 744 2317 finiuntur
766 2274 822 2315 tan·

332 2367 406 2410 turn.
420 2360 450 2402 ut
470 2361 537 2420 puta
549 2347 583 2398 ab
596 2348 646 2402 hoc
662 2350 742 2399 fluctu
756 2384 762 2405 ,
780 2349 823 2400 lric

330 2444 425 2499 fluctus
436 2476 444 2497 .
455 2450 482 2491 et
493 2438 526 2489 ad
542 2438 591 2490 hoc
610 2439 756 2508 exemplum
775 2439 823 2490 de-

331 2531 473 2584 clinantur-
489 2525 597 2578 Numeri
609 2525 766 2593 singularis.
780 2526 823 2577 hic
849 2516 851 2521 ¹

333 2623 445 2675 flnctus,
464 2617 546 2669 huius
565 2615 678 2670 flnctus.
697 2614 759 2666 huic
777 2617 821 2667 lln·

333 2709 408 2766 clai.
430 2708 501 2760 hunc
518 2706 649 2765 fluctum,
666 2721 682 2755 n
702 2704 796 2756 fluctus
813 2740 820 2757 .

332 2797 366 2849 ab
388 2797 438 2848 hoc
452 2796 544 2848 fluctu.
564 2791 671 2844 Nrrnrnri
690 2790 821 2860 pluralia,

331 2884 360 2936 hi
372 2884 486 2935 fluctuus
495 2880 553 2951 (r),
570 2879 663 2930 horum
680 2878 821 2933 fluctuum,

333 2973 376 3025 his
395 2969 544 3024 fluctibus,
569 2969 616 3020 lms
644 2969 783 3020 llnctnus.
808 2985 823 3017 o

334 3062 462 3116 fluctum,
478 3056 511 3109 ab
530 3056 572 3109 his
587 3054 720 3107 fluctibus.
742 3056 823 3106 sicet

334 3149 388 3203 alia
408 3147 509 3216 generis
531 3145 671 3196 masculini
698 3144 824 3199 nomina.

332 3258 401 3310 quae
424 3235 541 3290 ablativo
561 3252 623 3286 casn
645 3235 744 3286 numeri
769 3233 826 3285 sin·

333 3328 432 3398 gularis
454 3344 492 3377 ·u·
517 3325 608 3376 littera
633 3324 828 3378 terminantur,

332 3428 360 3470 ct
371 3412 534 3468 nominativo
545 3430 605 3464 casu
617 3430 668 3463 0ns·
681 3411 776 3462 litteris
787 3409 828 3460 de·

333 3506 471 3558 finiuntur,
480 3501 665 3573 adexemplum
677 3501 771 3554 linctus
785 3518 830 3570 per

332 3611 420 3647 omnes
441 3570 536 3645 ca'suns
555 3592 731 3644 declinantur.
752 3590 829 3641 Nunc

332 3684 360 3735 in
377 3683 427 3734 hac
451 3684 535 3734 lorma
548 3683 650 3749 generis
668 3680 826 3738 masculini,

333 3787 388 3840 qua
409 3770 525 3823 diximus
543 3769 662 3824 ablativo
686 3789 747 3822 casu
776 3790 826 3822 nn-

554 539 847 618 f-'crmarmrrcns
894 562 1094 613 variemus

867 669 928 720 meri
953 668 1093 734 singularis
1113 669 1219 721 nomina
1238 689 1273 721 ·u·
1293 670 1364 723 littr-

869 773 897 807 ra
910 754 1060 811 terminari.
1076 754 1127 807 hoc
1135 774 1282 815 monemus.
1292 755 1364 828 qnod

870 861 900 893 ex
932 860 963 892 ea
991 843 1128 913 plusquam
1149 846 1288 914 quingenti
1312 844 1364 896 tri-

872 931 945 996 ginta
971 932 1112 991 truanni,
1139 933 1189 985 hoc
1216 945 1255 986 est
1284 952 1363 1002 qnam

871 1020 1016 1089 quingenta
1036 1022 1148 1089 triginta
1167 1022 1219 1074 tria
1240 1026 1363 1078 nomina.

873 1110 1046 1180 nonpossint
1067 1111 1196 1164 exhiheri.
1225 1114 1263 1165 Dr
1282 1113 1363 1165 forma

873 1198 974 1264 generis
992 1200 1149 1256 masculini.
1174 1221 1227 1271 qua
1247 1203 1365 1258 ablativo

873 1302 936 1335 casu
949 1287 1049 1338 numeri
1063 1288 1201 1353 singularis
1216 1291 1319 1342 uomina
1329 1310 1364 1341 .ιι.

873 1373 961 1424 littera
976 1375 1168 1433 terminantnr⁸,
1181 1391 1311 1445 qnantum
1325 1399 1364 1431 ra·

874 1461 913 1515 tio
932 1461 1072 1534 poscebat.
1089 1467 1269 1520 tractavimus·

924 1634 968 1689 62.
983 1654 1019 1692 nr
1040 1656 1149 1695 narrar
1170 1661 1313 1701 arianum·

874 1759 1031 1871 Feminini
1049 1821 1150 1885 generis
1159 1825 1282 1879 nomina,
1296 1844 1365 1894 qnae

875 1898 992 1955 ablativo
1012 1921 1073 1956 casu
1096 1910 1197 1961 numeri
1225 1913 1365 1978 ringrrlaris

877 2012 912 2044 .ιι.
931 1994 1020 2048 littera
1036 1999 1210 2054 terminantur
1221 2043 1227 2059 ,
1240 2004 1305 2057 haec
1322 2026 1367 2058 nn-

876 2083 1005 2138 minativn
1025 2103 1087 2137 casu
1104 2093 1205 2143 numeri
1229 2093 1368 2159 singularia

876 2188 927 2220 una
947 2171 998 2223 hac
1021 2172 1103 2226 tonna
1120 2177 1283 2234 deliniuntur
1310 2196 1367 2237 tan·

876 2261 1369 2342 mmmmmmffim

877 2352 981 2422 porticu
993 2391 1000 2410 ,
1011 2354 1075 2408 haec
1086 2358 1218 2426 porticus,
1229 2373 1256 2415 et
1275 2363 1369 2416 adhoc

875 2443 1020 2510 exemplum
1054 2445 1229 2500 declinantur.
1262 2452 1370 2506 Numeri

877 2533 1036 2596 singularis.
1053 2534 1120 2587 haec
1142 2539 1274 2604 porticus.
1290 2541 1371 2595 huius

876 2621 995 2690 porticus
1017 2656 1024 2677 ‚
1056 2623 1120 2676 hnic
1149 2628 1281 2694 porticui.
1302 2631 1371 2683 lianc

876 2708 1029 2776 porticum.
1055 2730 1070 2762 0
1099 2713 1239 2783 partiens,
1269 2715 1303 2767 ab
1322 2717 1372 2771 lrnc

876 2797 991 2865 porticu.
1028 2801 1134 2852 Numeri
1164 2802 1295 2872 pluralis.
1321 2807 1372 2860 hae

875 2885 1026 2952 portianus,
1045 2888 1137 2938 lmrmn
1154 2891 1318 2957 posticulam,
1331 2893 1373 2945 his

874 2972 1022 3040 porticibus
1032 3011 1038 3029 .
1050 2974 1096 3025 lias
1111 2976 1266 3045 portionas.
1283 2999 1298 3032 ο
1313 3000 1375 3051 pnr-

878 3061 985 3118 ticnns‚
1006 3061 1039 3112 ab
1065 3063 1107 3113 liis
1136 3064 1291 3133 porticibus.
1332 3069 1374 3119 Sic

878 3163 905 3204 ct
925 3152 977 3203 alia
991 3153 1093 3218 generis
1104 3153 1226 3206 feminini
1249 3157 1354 3208 nomina
1367 3195 1374 3214 .

879 3256 949 3307 quae
971 3237 1087 3291 ablativo
1106 3259 1167 3292 casu
1187 3243 1288 3294 numeri
1316 3243 1373 3295 sin-

880 3324 977 3389 gularis
988 3344 1026 3376 .u.
1042 3328 1130 3381 littera
1139 3330 1328 3383 terminantur.
1342 3331 1375 3381 arl

881 3417 1025 3488 exemplum
1056 3418 1174 3487 porticus
1207 3437 1253 3490 per
1286 3438 1375 3473 omncs

881 3522 976 3557 casaur
994 3505 1168 3556 declinantur·
1189 3507 1265 3558 Nunc
1282 3508 1375 3560 in-lra'c

882 3592 963 3646 lorrna
975 3591 1076 3659 generis
1089 3591 1223 3650 feminini,
1238 3613 1291 3663 qua
1306 3595 1375 3648 dixi-

881 3698 938 3732 mus
960 3679 1077 3734 ablativo
1105 3698 1168 3732 casu
1196 3682 1297 3734 numeri
1317 3684 1376 3736 siu·

880 3770 976 3837 gularis
1004 3772 1108 3823 nomina
1135 3789 1171 3821 .n.
1203 3770 1293 3825 littera
1319 3783 1375 3825 ter-

404 3938 444 4003 (1)
461 3947 518 3990 ilina
534 3946 637 3992 videmur
655 3964 697 3991 ιιιιιι
714 3958 821 4008 quartum
846 3947 920 3992 rnlum
938 3946 1049 4007 pluralrm
1075 3963 1168 3995 rarum,
1195 3930 1258 4006 quod
1274 3947 1321 3991 diri
1339 3963 1364 4005 p.

346 4033 390 4070 au
401 4053 409 4074 ,
431 4021 473 4067 ul
489 4025 558 4068 aliam
575 4027 691 4084 primum,
710 4030 778 4069 immo
796 4036 818 4069 at
834 4029 959 4085 quintum.
978 4041 1039 4068 nius·
1058 4026 1184 4069 terminari·
