3382 5206
269 3998 277 4028 l

334 569 405 618 200

322 676 409 727 ximus
418 687 619 747 casus.esceple
626 676 776 731 recusative
784 687 810 729 et

322 762 444 815 vocativo
463 763 644 838 casuxnumeri
655 765 795 830 singularis
807 799 814 820 .

323 865 370 919 per
384 847 499 918 syllabas
518 861 649 904 crescunt·
662 851 739 903 Nunc
756 868 815 902 cum

323 953 395 988 arms
419 947 448 990 ct
469 948 555 990 cetere
579 939 645 991 talia
675 938 704 989 in
737 954 816 1004 gene-

305 1023 355 1080 .r'e‘
367 1034 461 1077 neutro
482 1043 498 1076 ι
513 1025 678 1078 nominativo
689 1041 749 1076 casu
765 1041 814 1074 nu-

324 1109 390 1161 meri
408 1109 549 1178 singularis
567 1129 613 1182 per
631 1122 818 1164 celerescesus

325 1196 405 1250 talem
426 1214 518 1251 sonum
548 1197 633 1253 iacere
654 1217 706 1252 non
723 1214 817 1268 reppe-

325 1283 448 1342 rientur.
462 1295 490 1338 et
508 1286 568 1339 ideo
587 1305 645 1337 cum
667 1286 757 1340 eodem
772 1301 816 1351 gc·

324 1389 387 1425 nere
400 1385 495 1428 neutro
505 1376 649 1427 seeundum
660 1375 818 1428 locutionem

323 1476 379 1512 nou
408 1462 551 1514 secundum
584 1480 665 1531 genus
694 1471 815 1514 neutrum

325 1557 431 1617 oportet
457 1549 597 1601 declinari.

359 1637 462 1690 ltcmet
475 1638 527 1690 alia
548 1637 681 1706 ratioque
699 1635 816 1707 proban·

325 1737 369 1781 tur
381 1728 447 1780 hsce
459 1728 550 1781 eedem
560 1728 660 1795 generis
671 1728 814 1779 eommunis

322 1817 439 1874 nomine,
447 1834 516 1885 quae
525 1817 640 1868 diximus
651 1817 815 1869 nominativo

324 1920 387 1956 essu
397 1905 497 1955 numeri
512 1903 653 1969 singularis
673 1921 708 1954 ·e·
723 1903 813 1953 liltore

323 1991 460 2046 terminari
468 2008 527 2041 cum
536 2009 629 2058 genere
644 2002 751 2048 neutro.
763 2010 814 2043 non

322 2080 468 2134 secundum
491 2096 573 2146 genus
593 2092 714 2131 neutrum
731 2079 814 2130 decli-

322 2168 381 2222 nari
391 2191 398 2221 ε
408 2169 509 2222 seilicet
531 2169 657 2236 quoniam
670 2186 813 2237 quaecum-

322 2277 376 2331 que
399 2262 504 2314 nomina
529 2261 629 2327 generis
654 2259 740 2311 rreulri
763 2279 811 2311 nu-

319 2347 450 2401 minativo
472 2366 534 2400 casu
549 2348 650 2400 numeri
669 2347 810 2414 singularis

298 2440 301 2453 “
322 2453 359 2487 οι·
375 2436 465 2490 littera
475 2435 669 2494 terminantur,
685 2435 751 2488 haec
767 2453 811 2488 so-

321 2539 372 2577 nos
390 2523 487 2577 latinos
503 2523 605 2576 efficere
621 2541 674 2576 non
694 2533 812 2593 possunt.

326 2609 390 2667 item
415 2610 569 2681 quaeritur.
594 2628 647 2679 qua
673 2610 707 2663 dc
735 2625 813 2661 causa

317 2698 388 2751 ‘saec
406 2697 600 2769 suprascriptae
613 2697 710 2751 formae
735 2695 815 2749 nomi·

323 2803 357 2837 na
368 2785 470 2853 generis
486 2784 631 2837 communis
646 2801 701 2836 esse
719 2781 815 2833 dicun-

320 2869 440 2927 turibee
448 2873 481 2926 de
492 2890 570 2926 cause
579 2909 586 2930 .
596 2874 720 2943 quoniam
730 2887 815 2940 quec-

321 2981 435 3034 cumque
451 2962 596 3016 masculina
619 2960 746 3016 vocabule
766 2978 815 3012 ne·

319 3054 451 3107 minativc
469 3070 532 3104 casu
555 3051 657 3104 numeri
670 3048 813 3116 singularis

322 3160 361 3194 02·
380 3142 470 3194 littera
498 3137 693 3192 terminentur.
728 3146 755 3187 et
781 3152 814 3186 es

320 3251 368 3287 sua
383 3231 469 3304 specie
490 3228 618 3284 vocabule
635 3226 759 3280 leminins
773 3223 814 3275 le·

320 3341 380 3377 cere
392 3329 517 3392 possunt,
527 3319 592 3381 hpcc
605 3317 695 3370 eadem
707 3314 812 3367 numina

321 3414 423 3484 generis
444 3407 589 3464 communis
612 3423 668 3459 esse
692 3422 811 3476 pronun-

319 3502 432 3557 tiantur.
442 3497 572 3551 Deforme
581 3495 681 3564 generis
698 3510 811 3546 commu·

320 3589 372 3646 nis,
381 3604 435 3658 que
448 3584 565 3638 ablativo
574 3601 635 3635 cusu
647 3582 747 3635 nrrmeri
759 3583 812 3635 sin·

320 3668 535 3744 gular'isnornina
555 3691 591 3723 ιε·
611 3671 701 3725 littera
723 3669 814 3722 termi-

320 3772 419 3816 nentur
428 3771 470 3819 ,et
482 3759 645 3812 nominativo
658 3775 719 3810 casu
731 3773 815 3810 nurne-

320 3850 344 3903 ri
353 3848 493 3916 singularis
504 3847 550 3898 ·is·
570 3847 667 3899 litteris
684 3846 817 3898 definiun-

320 3946 365 3989 tur
375 3971 382 3992 .
393 3947 522 4004 quantum
537 3935 607 3988 telio
619 3933 752 4004 poscebat.
766 3944 816 3983 tru-

321 4026 461 4084 eravimus.
480 4025 518 4077 De
543 4023 660 4077 ablativo
683 4040 744 4074 casu
769 4039 818 4074 nu-

594 567 851 618 assumemus
876 569 1028 619 vsrlcsu
1035 570 1075 619 US

866 678 927 730 meri
953 679 1094 746 singularis
1113 716 1121 737 ‚
1142 680 1190 750 qui
1211 698 1356 749 exgenere

866 767 997 818 communi
1016 783 1053 817 ιι·
1071 767 1160 819 litters
1181 768 1356 823 terminatur.

867 865 996 921 qnantum
1011 856 1080 908 racio
1100 857 1239 927 poscebat,
1254 868 1357 910 tracu-

869 941 976 1003 vimus3
1003 954 1030 996 ct
1048 944 1108 996 ideo
1133 944 1183 996 iem
1205 945 1238 997 de
1257 944 1356 996 ablati-

869 1046 902 1079 vo
931 1045 992 1080 casu
1015 1031 1117 1082 numeri
1143 1032 1283 1098 singularis
1308 1033 1356 1099 qui

871 1133 903 1165 ·c·
922 1116 1012 1170 littera
1039 1121 1214 1176 terminetur,
1242 1121 1357 1190 incipia-

869 1219 934 1254 mus.

1064 1293 1104 1345 Dr
1121 1309 1159 1344 ·s·

905 1378 947 1430 ·E·
968 1378 1056 1431 littera
1071 1380 1204 1434 ablativus
1216 1398 1292 1434 cesus
1304 1400 1357 1434 nu-

869 1465 932 1516 meri
950 1466 1092 1533 singularis
1106 1467 1358 1537 ternrinulusdupli·

868 1570 922 1605 cem
945 1555 1132 1608 declinationis
1157 1557 1276 1609 coriliuet
1302 1555 1357 1607 ior-

868 1658 949 1690 nrunr:
970 1659 1023 1692 unu
1043 1641 1112 1692 enim
1131 1654 1169 1694 est
1187 1659 1256 1711 quae
1271 1640 1304 1692 ab
1321 1658 1361 1700 ·e·‚

867 1729 998 1798 producto
1013 1730 1102 1782 venire
1114 1731 1288 1798 intellegitur,
1303 1732 1356 1782 alia

868 1836 928 1869 vero
948 1835 1018 1887 qrrue
1032 1817 1066 1868 sb
1086 1837 1119 1871 ·e·
1138 1830 1259 1890 correpto
1279 1820 1357 1871 veni-

868 1929 894 1962 re
913 1909 1075 1980 repperitur,
1096 1921 1123 1963 el
1138 1910 1197 1962 irleo
1217 1912 1358 1982 utriusque

868 1999 966 2052 ieiunae
982 1999 1112 2052 rationem
1131 1998 1284 2052 subicimus.

981 2102 1016 2138 ue
1038 2105 1075 2140 ϊ
1104 2105 1256 2164 rsoupcro·

901 2176 942 2227 ·E·
959 2175 1048 2227 littera
1074 2176 1203 2245 procincta
1221 2174 1372 2228 ablativus'

864 2276 939 2311 casus
960 2260 1061 2312 numeri
1091 2258 1232 2327 singularis
1262 2259 1355 2311 termi-

863 2356 943 2398 natus
965 2347 1118 2400 femininum
1138 2364 1219 2413 genus
1239 2349 1358 2399 continet

871 2445 983 2487 lanium.

900 2525 939 2575 De
952 2540 1043 2590 genere
1062 2521 1198 2576 feminino·
1223 2521 1356 2575 chiuiui

865 2610 967 2676 generis
978 2609 1083 2663 nomine
1100 2610 1184 2662 letina
1197 2609 1338 2661 dumtaxat
1349 2645 1356 2664 .

867 2716 937 2766 quae
958 2697 1075 2750 ablativo
1094 2716 1155 2750 casu
1175 2697 1278 2751 numeri
1298 2698 1357 2750 sin·

867 2785 966 2851 guluris
990 2805 1024 2839 -e·
1040 2787 1130 2840 lietera
1149 2787 1278 2857 producta
1303 2797 1359 2840 ter-
1395 2852 1400 2860 ι

867 2873 1024 2930 minentur.
1052 2875 1118 2927 haee
1144 2877 1171 2928 iu
1193 2874 1357 2928 nominativo

867 2977 929 3011 casu
944 2960 1048 3012 numeri
1070 2962 1212 3030 singularis
1236 2979 1289 3013 une
1308 2959 1359 3013 hee

868 3047 950 3103 forma
967 3049 1129 3102 deliniuntur
1140 3058 1246 3103 tantum
1256 3049 1312 3103 ·ics·
1327 3060 1358 3101 ut

863 3147 927 3207 puts
940 3134 973 3186 ab
984 3137 1034 3187 hac
1045 3137 1148 3207 specie.
1162 3138 1227 3191 haec
1238 3137 1357 3209 specim

864 3238 892 3280 et
904 3227 937 3278 sd
949 3227 998 3280 hoe
1015 3228 1162 3298 exemplum
1173 3228 1357 3280 declinentur:

866 3317 967 3368 numeri
987 3317 1148 3383 singularis,
1164 3317 1230 3369 hace
1243 3317 1358 3387 speeies.

865 3405 945 3457 buius
961 3405 1058 3476 speciei
1070 3442 1077 3462 ,
1089 3405 1152 3457 buie
1165 3400 1264 3476 speciei
1274 3441 1281 3462 .
1291 3405 1360 3458 hene

864 3493 995 3560 speciem,
1014 3513 1030 3547 ο
1044 3496 1145 3564 speeies
1159 3530 1166 3549 ‚
1187 3491 1221 3544 ab
1234 3493 1285 3544 hue
1302 3510 1361 3564 spe·

864 3579 918 3630 cic:
933 3580 1033 3632 numeri
1048 3581 1172 3650 pluralis.
1183 3581 1358 3651 haespeeics,

867 3667 961 3719 burum
974 3670 1119 3736 specierum
1132 3704 1139 3724 ‚
1160 3668 1203 3720 bis
1217 3667 1358 3737 specibus.

868 3756 915 3807 bas
940 3757 1058 3824 species.
1079 3775 1095 3809 ο
1115 3757 1232 3826 species,
1258 3757 1292 3809 ab
1316 3758 1359 3809 his

869 3841 1015 3912 speciebus.
1050 3842 1093 3894 Sic
1122 3853 1149 3895 el
1182 3844 1234 3895 ulie
1256 3845 1359 3911 generis

870 3930 989 3983 seminini
1014 3932 1121 3984 nomina
1149 3950 1218 4001 qnae
1243 3933 1362 3986 clrlativo

870 4037 931 4072 casu
946 4020 1047 4073 numeri
1072 4019 1200 4088 singulari
1217 4037 1250 4071 ·e·
1273 4020 1364 4072 littera
