3382 5206
340 562 412 639 ³7⁰

449 681 477 740 p
496 680 532 720 ur
552 679 666 739 nourr.

319 794 682 914 Flgnrueonlouetlonibur
691 837 808 906 recidit,

319 931 401 987 rituti
416 943 445 986 et
457 931 553 984 ceteris
573 927 694 1002 portibus
712 927 808 982 oratio·

319 1019 363 1074 nir
377 1055 385 1077 .
400 1018 512 1090 rimplex
528 1027 556 1072 et
566 1015 720 1088 composite·
738 1013 807 1066 Sim·

320 1106 381 1179 plex
410 1107 494 1172 figure
520 1101 737 1158 coniunctionum
769 1108 810 1153 eet

319 1207 368 1252 et,
385 1193 530 1265 compotita
547 1194 615 1244 etri.
641 1191 718 1243 Nune
745 1187 810 1258 qui-

320 1285 370 1340 bur
398 1286 439 1340 rel
467 1292 534 1354 quot
556 1279 643 1335 modin
657 1280 705 1333 flet
729 1277 810 1347 flign-

321 1388 352 1426 ιι
368 1371 530 1444 composite.
550 1369 601 1422 iem
616 1368 645 1421 io
654 1364 759 1421 nomine
771 1381 810 1418 ra·

321 1459 357 1514 tit
375 1457 558 1515 necavimus·

439 1649 482 1688 to·
501 1646 537 1687 ll!
557 1646 695 1687 &Celllw-

320 1750 394 1864 De
419 1817 529 1861 retentu
567 1806 809 1863 coniunctionum.

320 1897 403 1952 eieuti
414 1907 442 1949 et
453 1906 599 1949 oeternum
619 1895 735 1966 portium
748 1909 810 1947 orr-

321 1985 420 2043 tiouir.
437 1983 465 2036 in
479 1983 631 2038 accentibus
639 1991 810 2054 conpetenter

319 2071 500 2128 tractavimus·
523 2073 590 2126 Sene
615 2082 678 2126 runt
704 2071 812 2139 aliquae

322 2167 540 2223 coniunctiones.
556 2181 626 2234 quoe
648 2173 676 2216 et
702 2160 811 2212 aliarum

320 2255 436 2328 partium
454 2251 583 2307 ourionis
600 2248 717 2301 habeant
733 2246 811 2313 sigui·

320 2343 471 2398 ficetiouee,
485 2352 513 2395 et
526 2341 586 2394 ideo
595 2337 754 2392 subiciemus
764 2353 809 2387 oa-

322 2432 432 2485 ruudem
459 2430 602 2487 rationem.
628 2445 683 2498 quo
706 2424 809 2478 intelle·

321 2532 416 2587 grtur.
434 2516 541 2586 quando
559 2517 614 2570 rint
642 2514 811 2568 coniunctio-

320 2626 366 2662 nes
395 2607 435 2660 vol
466 2606 574 2675 quando
598 2604 658 2657 aliis
690 2603 811 2676 portibus

321 2694 449 2747 orationis
466 2692 638 2746 inveniantur
648 2693 810 2763 respondere.

320 2784 387 2837 Sunt
405 2793 493 2834 eutem
512 2798 618 2833 numero
636 2798 729 2834 novero
752 2781 812 2833 hue.

323 2873 417 2936 Quae.
430 2871 452 2923 si
466 2880 569 2940 postqrr
585 2870 702 2922 litterum
720 2887 753 2920 ·e·
764 2866 815 2921 hu·

321 2957 384 3013 beet
396 2969 522 3014 tentum,
540 2958 591 3009 erit
606 2957 773 3015 coniunctio.
784 2968 816 3010 ut

322 3064 395 3119 que:
410 3047 433 3099 si
449 3045 646 3103 vero-ae·.erit
660 3063 816 3117 pronomen»

323 3143 355 3186 ut
374 3151 460 3204 quoe.
487 3136 541 3188 Ar.
559 3132 582 3187 ei
608 3149 653 3204 per
684 3143 713 3183 ·t·
741 3132 818 3186 litte-

321 3238 377 3272 rum
396 3219 528 3273 scribatur
545 3255 552 3276 ,
571 3230 623 3272 erit
647 3219 818 3275 coniunctio.

321 3318 351 3360 ut
369 3319 428 3368 αις
458 3306 481 3359 ri
509 3324 570 3360 vero
596 3325 642 3377 per
672 3307 738 3362 ·d·.
766 3306 819 3359 erit

320 3396 483 3469 praepositio
501 3431 509 3452 ,
535 3406 566 3448 nt
584 3394 643 3447 md·
664 3394 750 3447 Haud
760 3432 767 3453 .
795 3399 818 3449 si

580 556 836 614 (fflsssslclls
887 557 1082 609 tonitruus

857 663 888 717 iu
907 675 939 716 ·t·
965 661 1082 718 litteram
1103 673 1203 720 exeat.
1220 660 1274 714 erit
1292 677 1355 715 eou-

860 751 977 808 iunctior
995 754 1019 808 ri
1037 769 1100 806 vero
1112 746 1195 804 'laud
1218 769 1278 804 eom
1304 751 1356 805 ud-

860 840 1006 912 rpirutione
1018 840 1162 899 scribatur.
1172 850 1199 894 et
1211 840 1239 892 in
1253 859 1290 891 ·o·
1312 838 1356 909 (r)

860 931 976 984 litterum
995 941 1090 989 exeat,
1106 931 1159 984 erit
1179 927 1344 982 adverbium.

1057 1039 1096 1074 ιι.
1116 1037 1163 1075 ve.

858 1142 861 1147 -
897 1106 926 1159 Si
945 1106 1015 1177 perti
1034 1106 1162 1161 orotionir
1176 1105 1356 1173 subiungatur

864 1193 916 1245 erit
934 1194 1106 1251 coniunctio,
1125 1204 1156 1246 ut
1174 1193 1246 1264 upud
1262 1192 1356 1259 Vergi-

867 1276 961 1332 lium·
978 1282 1100 1351 perluere
1120 1282 1188 1351 lupis
1206 1280 1359 1333 circumda-

865 1380 909 1422 tus
929 1371 1068 1423 ruro-·Si
1078 1389 1139 1425 vero
1148 1391 1196 1424 we·
1215 1373 1286 1444 perti
1300 1392 1360 1428 ora-

865 1457 946 1512 tionis
966 1471 1143 1531 praeponrtor
1153 1498 1160 1518 ,
1170 1463 1223 1516 erit
1233 1463 1357 1517 interier-

865 1545 904 1599 tio
927 1547 968 1600 rel
994 1548 1156 1602 edverbium·
1175 1551 1226 1602 Sed
1248 1552 1359 1621 quondo

864 1636 901 1690 tit
920 1655 970 1690 ονε·
995 1637 1164 1697 interiectio.
1182 1640 1223 1694 vel
1250 1641 1360 1710 quondo

866 1724 1036 1781 adverbium.
1059 1725 1112 1778 iem
1131 1727 1159 1780 in
1174 1727 1359 1781 interiectione

863 1815 931 1871 totis
944 1817 1129 1870 tractavimus.

1059 1920 1099 1960 12.
1114 1922 1164 1960 M·

900 1992 926 2044 Si
945 1991 1142 2062 subiungatur.
1161 1992 1214 2047 erit
1240 1994 1354 2048 coniun-

866 2078 935 2135 ctio.
955 2091 986 2132 ut
1005 2081 1077 2150 apud
1095 2081 1242 2148 Vergilium
1258 2111 1291 2138 -.
1310 2100 1361 2135 me·

866 2182 899 2216 ne
918 2166 1039 2237 incoepto
1056 2155 1185 2223 llesisrere
1206 2168 1327 2228 victum?
1345 2201 1358 2211 -

866 2252 892 2304 Si
908 2272 968 2306 vero
987 2267 1183 2325 praeponatur,
1202 2257 1254 2310 erit
1268 2259 1360 2310 oderr-

862 2339 956 2398 bium,
975 2352 1005 2395 ut
1030 2343 1102 2412 apud
1127 2344 1276 2411 Vergilium
1294 2373 1310 2385 -
1329 2365 1361 2399 ne

864 2428 964 2480 credite
976 2430 1073 2491 Teucri
1087 2431 1223 2500 quidquid
1239 2432 1266 2483 id
1280 2445 1319 2485 est
1330 2463 1360 2485 -.

864 2520 929 2570 ltem
949 2536 1003 2569 ure·
1031 2519 1055 2571 si
1084 2536 1186 2586 gravem
1224 2533 1360 2574 accentum

864 2607 979 2663 habeat.
998 2608 1050 2659 erit
1068 2606 1242 2664 coniunctio.
1263 2621 1296 2662 ut
1310 2629 1362 2679 pu-

866 2707 896 2748 ta
918 2724 931 2735 -
960 2704 1070 2748 tautane
1107 2713 1153 2749 ror
1179 2697 1282 2762 generis
1319 2709 1361 2750 te-

867 2781 929 2836 nuit
953 2781 1053 2835 fiducia
1080 2777 1216 2834 restrii-
1245 2784 1273 2833 Si
1301 2802 1362 2837 rero

870 2889 925 2922 ure·
945 2881 1053 2924 acuturn
1077 2883 1211 2924 occentum
1244 2872 1360 2928 hubent.

869 2961 920 3015 erit
939 2957 1117 3019 adverbium.
1142 2973 1172 3014 ut
1198 2973 1264 3032 putu
1287 2990 1303 3001 -
1329 2981 1362 3014 ne

870 3049 971 3104 credite
984 3050 1081 3104 Teucri
1091 3047 1226 3120 quidquid
1239 3050 1267 3101 id
1281 3061 1362 3102 estu

1032 3204 1072 3262 13·
1084 3225 1204 3276 oroque.

908 3388 998 3440 Sinon
1010 3386 1049 3458 (α)
1062 3386 1209 3439 ablativum
1220 3404 1309 3438 casum
1322 3405 1361 3437 re·

321 3501 379 3537 nne
406 3482 585 3554 adspiratione
616 3481 747 3536 scribetur
765 3519 772 3541 .
792 3495 822 3537 et
874 3478 1021 3552 spondeat,
1047 3477 1098 3530 erit
1129 3475 1304 3532 coniunctio.
1337 3495 1367 3537 ut

387 3673 428 3732 (t)
446 3677 502 3719 llioe
513 3677 583 3717 utinm
592 3676 747 3731 cognoscimur
757 3675 967 3732 pronunciationem
978 3673 1113 3713 Latinorum
1122 3669 1262 3728 diphthongi
1270 3686 1311 3713 arr·
1322 3673 1358 3717 tie

330 3751 414 3810 legitur
431 3752 551 3796 Claudius
567 3762 590 3795 et
608 3751 728 3802 Clodius,
742 3752 858 3797 Plautius
873 3761 899 3794 et
915 3750 1067 3794 Plotruretr·
1080 3751 1191 3796 Nimirum
1205 3766 1254 3792 ntu-
1268 3753 1358 3795 scribu-

329 3833 413 3880 butor.
432 3846 461 3874 ·o·
479 3827 699 3888 pronunciabatur:
723 3832 885 3889 pronuneirtio
911 3837 991 3874 autem
1018 3830 1170 3890 quandoque.
1186 3839 1213 3872 ut
1230 3834 1358 3881 uruveuit.

331 3912 354 3955 iu
370 3910 509 3968 scripturam
526 3910 648 3955 trrurilmt·

386 3983 434 4052 (²)
449 3988 511 4033 tuln
531 4004 554 4033 n·
575 3985 610 4035 tss·
629 4003 682 4033 eum
699 4004 781 4049 praep·
797 3988 839 4030 ad.
