3382 5206
374 540 442 632 422
705 570 864 624 utamur
892 577 995 626 vauro

350 674 438 740 Horo
461 700 610 743 numeros
635 700 772 767 praestat
794 683 901 751 verbis
928 688 1108 753 rationibus
1129 706 1229 781 atque

417 781 522 849 Rebus
539 833 549 866 ‚
569 803 599 851 ct
623 786 683 850 huc
705 813 770 854 uon
795 806 840 855 cst
867 791 955 882 quod
974 811 1069 882 queat
1088 819 1155 862 ecee
1173 797 1257 863 sine.

613 1003 1079 1079 XXll.oco.uer1t1t.

347 1147 442 1325 Qui
462 1221 571 1306 cupiat
590 1216 709 1284 formas
731 1243 809 1310 quas
832 1219 887 1286 <lat
915 1226 1113 1311 geometrica
1134 1247 1258 1311 nosse,

416 1323 473 1393 Vel
496 1350 561 1415 qua
583 1349 732 1392 mensura
757 1329 881 1415 pertica
905 1328 1000 1393 docta
1020 1329 1146 1415 cadat,

344 1432 431 1501 llaec
446 1433 561 1500 subeat
584 1436 660 1499 tecti
680 1433 847 1523 laquearia
872 1434 959 1501 fulva
984 1438 1146 1522 nitentis,

409 1540 480 1623 Quo
500 1536 642 1627 prudeus
662 1556 770 1604 terrae
791 1541 913 1605 mensio
933 1559 1051 1607 tractat
1077 1567 1167 1631 opus·

343 1648 445 1716 Cuius
470 1646 512 1711 ab
539 1644 687 1736 Aegypto
717 1647 822 1733 prima
847 1649 1001 1734 processit
1026 1649 1143 1738 origo,

409 1751 546 1820 Finibus
565 1753 601 1817 iu
619 1751 708 1816 cuius
727 1767 774 1817 cst
800 1749 968 1817 celebrata
993 1755 1098 1819 nimia.

340 1854 450 1924 Attica
469 1879 568 1946 quam
588 1853 728 1920 muitum
756 1854 926 1945 quondam
949 1856 1098 1924 doctrina
1119 1877 1229 1926 secuta
1254 1881 1335 1950 cst,

407 1960 487 2027 inde
509 1961 701 2025 Latinorum
729 1985 790 2026 nec
812 1963 919 2029 minus
939 1980 1032 2029 attcta
1055 1965 1164 2033 modo·

336 2068 441 2151 Quam
466 2067 567 2157 siquis
592 2064 721 2132 studeas
744 2063 855 2132 solerti
883 2065 1059 2136 adtendere
1087 2088 1230 2156 mente,

406 2174 546 2257 Lector,
568 2173 672 2238 habes
696 2174 800 2238 omnis
822 2172 971 2242 utilitatis
997 2201 1083 2266 opes·

337 2276 497 2347 Advertes
517 2296 675 2369 quantum
706 2279 766 2344 tibi
787 2281 890 2367 prosit
909 2278 1016 2348 linea,
1040 2281 1092 2350 vel
1118 2309 1184 2372 quo

404 2389 525 2453 Forma
551 2384 732 2474 figurarum
758 2385 853 2474 plena
876 2410 1007 2455 necesso
1029 2387 1096 2455 fiat.

665 2598 1030 2669 Xfflstuomcu

338 2744 499 2878 Musica
523 2811 603 2902 quid
626 2809 756 2895 valeat,
777 2811 857 2902 quid
878 2814 919 2878 sit
942 2817 1143 2906 quicumque
1166 2821 1338 2909 requiris,

400 2921 492 2985 Hanc
515 2921 635 2984 intrato
662 2918 795 2984 domum
820 2943 903 3008 quac
930 2921 990 2986 tibi
1013 2920 1101 2986 clara
1125 2941 1224 3009 patet.

333 3026 395 3091 Hic
419 3049 496 3089 nam
517 3026 659 3112 reperies
684 3047 749 3114 quo
769 3042 917 3091 constant
938 3043 1052 3090 cuncta
1073 3043 1205 3113 tenore,

399 3133 531 3220 Organa
555 3128 606 3196 vel
637 3128 765 3197 valcant
790 3128 951 3196 artificare
970 3129 1081 3197 melos.

329 3240 422 3305 Hanc
445 3252 574 3302 constat
596 3237 704 3324 primo
723 3235 835 3301 Tuhal
854 3253 986 3303 auctore
1008 3255 1200 3328 repertam,

397 3343 521 3411 Asserit
544 3361 578 3408 ut
599 3343 703 3409 Moses
725 3339 781 3408 ille
805 3343 865 3410 Dci
889 3341 1040 3410 famulus.

328 3451 512 3542 Pythagora
534 3469 566 3518 et
585 3449 669 3516 Lino
687 3472 747 3514 nec
765 3472 830 3515 nou
848 3448 1035 3538 Amphione
1056 3454 1181 3541 graecis

395 3555 541 3622 Auctore
565 3555 731 3618 iuventam
747 3550 834 3618 hanc
856 3553 954 3619 etiam
981 3554 1134 3623 referunt.

325 3663 453 3727 Emicat
474 3661 557 3727 haec
578 3659 666 3725 omni
686 3655 811 3748 fulgens
836 3656 1009 3727 dulcedine
1036 3661 1146 3745 clara,

393 3767 557 3833 Omnibus
579 3782 610 3830 ct
633 3766 728 3831 terris
750 3762 980 3832 concelebrata
1005 3769 1094 3833 nitet.

324 3872 408 3940 Huic
435 3875 519 3961 potis
538 3887 585 3939 est
607 3894 717 3937 saevos
737 3865 833 3939 saciie
854 3871 998 3939 mulcere
1021 3871 1151 3957 leones,

391 3981 434 4046 Et
459 3976 563 4047 lenire
585 3979 681 4068 tigres
700 3976 908 4045 melificando
931 3998 1055 4049 truces.
