3382 5206
607 554 672 620 568
860 578 882 617 .··
912 575 939 623 s.
964 571 1152 625 stanuum.
1170 577 1214 624 na
1229 576 1281 624 :nr

585 675 700 766 quiae,
721 673 904 767 reliquiae,
924 677 1096 761 excubiae,
1112 677 1192 745 baec
1206 692 1379 766 tetraptota
1392 697 1478 746 sunt.
1501 679 1574 749 Sed
1588 701 1624 751 et

581 785 714 849 nomina
734 785 860 873 primae
882 802 915 851 et
928 782 1110 866 secundae,
1124 782 1407 874 quaeadpaeouis
1427 786 1533 873 primi
1555 813 1616 854 re·

580 885 684 978 gulas.
695 887 952 956 subterinserere
976 887 1250 977 explanandarum
1278 912 1390 954 rerum
1417 893 1619 959 necessitate

581 996 747 1062 constricti
759 995 970 1062 conabimur,
979 993 1172 1061 choriambo
1187 997 1249 1061 rite
1262 996 1544 1084 mancipabuntur
1554 1023 1617 1088 per

583 1117 709 1170 eeteros
717 1125 809 1168 casus
816 1104 986 1193 utriusque
996 1104 1137 1185 numeri,
1148 1103 1287 1191 exceptis
1300 1104 1504 1171 nominativo
1515 1130 1618 1173 accu-

579 1207 682 1293 sativo
697 1221 729 1272 et
742 1207 888 1272 vocativo
896 1204 1116 1296 singularibus
1130 1223 1186 1288 ,et
1199 1205 1345 1295 genetivo
1359 1204 1480 1293 plurali
1495 1209 1524 1272 si
1541 1226 1617 1272 ma-

580 1307 707 1375 sculina
719 1305 773 1376 .vel
794 1307 950 1377 feminina
968 1306 1092 1376 suerint
1106 1310 1119 1396 (
1135 1325 1247 1375 neutra
1267 1332 1343 1376 vero
1363 1312 1397 1374 iu
1408 1310 1617 1399 quibusdum

581 1413 708 1482 nasibus
719 1411 926 1503 discrepant)
943 1433 978 1481 ut
988 1416 1126 1490 iustitia,
1139 1413 1261 1510 laetitia
1272 1415 1465 1502 ,spurcitia,
1478 1419 1616 1484 maesti·

579 1520 636 1585 tias
651 1520 800 1585 tristitia,¹
810 1518 988 1597 munditie
1004 1521 1080 1586 item
1096 1541 1298 1608 purpureus,
1309 1516 1498 1601 caeruleus,
1514 1519 1615 1587 disci·

578 1623 698 1714 polus,
722 1626 869 1715 egregius
879 1663 890 1693 s
902 1623 1086 1718 legitimus:
1105 1627 1184 1690 item
1207 1622 1388 1707 auxilium,
1409 1626 1614 1714 augurium,

579 1730 774 1818 discidium,
789 1731 978 1799 concilium.
998 1732 1114 1798 Oritur
1130 1731 1229 1795 etiam
1250 1727 1459 1796 choriambus
1476 1754 1495 1794 a
1516 1755 1613 1820 prae·

580 1834 674 1901 dictis
701 1837 888 1904 nominibus
916 1859 1003 1926 quae
1027 1835 1173 1924 ruperim
1191 1832 1352 1900 edidimus
1378 1856 1453 1899 cum
1480 1833 1524 1900 de
1553 1834 1615 1899 da·

577 1941 665 2034 ctylo
680 1945 860 2011 niteremur
883 1942 1107 2008 comminisci:
1130 1938 1217 2006 illius
1237 1938 1403 2004 dumtaxat
1423 1939 1481 2029 qui
1496 1964 1614 2032 erge

578 2067 617 2112 ro
637 2043 689 2110 rel
711 2045 780 2114 fero
808 2057 1038 2135 conponuntur
1059 2069 1118 2132 per
1142 2042 1293 2134 obliquos
1312 2065 1429 2126 casus,
1452 2059 1489 2107 ut
1506 2042 1611 2132 paulo

577 2168 652 2219 ante
673 2149 939 2243 promulgamus,
957 2168 992 2217 ut
1010 2155 1133 2242 setiger
1145 2152 1301 2241 setigeri,
1319 2174 1371 2219 ros
1388 2151 1494 2231 roris,
1509 2173 1611 2239 squa-

575 2258 680 2346 miger
703 2238 928 2348 squamigeri,
950 2258 997 2321 sic
1013 2253 1162 2346 laniger,
1186 2257 1361 2346 corniger,
1386 2251 1525 2337 lucifer,
1538 2278 1613 2322 um·

574 2360 703 2446 briler,
725 2360 871 2429 furcifer.
886 2375 920 2428 A.
944 2363 1039 2430 Hunc
1054 2360 1172 2451 pedem
1187 2362 1308 2451 quibua
1324 2359 1521 2427 divisionum
1534 2383 1609 2450 spe

575 2470 689 2538 clebus
709 2465 901 2558 partimur?
927 2471 973 2535 Μ.
999 2467 1125 2560 Aequis
1149 2484 1337 2556 temporum
1366 2464 1607 2535 discerniculis.

506 2629 512 2645 ,
584 2588 618 2642 A.
634 2577 683 2642 Du
697 2573 902 2665 exemplare
918 2575 1096 2657 verborum
1115 2573 1259 2663 personis
1273 2572 1459 2639 diremtum.
1479 2573 1528 2637 M.
1544 2574 1609 2640 Se·

575 2681 683 2767 cunda
696 2703 833 2769 masona
851 2678 1023 2770 singularis
1039 2681 1190 2761 numeri,
1206 2697 1239 2745 et
1254 2696 1350 2747 tertia
1367 2675 1504 2768 pluralis
1515 2727 1532 2763 ,-
1549 2677 1603 2746 le-

576 2792 692 2880 gitime
709 2789 880 2874 declarat,
905 2806 950 2855 ut.
966 2789 1191 2881 conglomeras
1217 2788 1489 2879 conglomerant,
1513 2789 1613 2880 inge-

574 2899 677 2964 minas
699 2898 926 2989 ingeminant,
952 2893 1144 2985 praetitnlas
1173 2893 1406 2984 praetitulant,
1439 2893 1611 2962 adceleras

576 3002 787 3089 adcelerant,
810 3011 1043 3070 commemoras
1065 3019 1329 3069 commemorant.
1357 3000 1609 3090 Sic-participia

543 3133 545 3137 ’
571 3105 724 3175 instantis
746 3103 1191 3198 temporisconglomerans,
1205 3104 1428 3195 ingeminans,
1442 3107 1616 3193 praetitu-

576 3205 648 3275 lans
663 3255 684 3292 ,-
703 3226 745 3276 et:
761 3225 884 3277 cetera.

926 3432 976 3499 De
990 3431 1104 3497 ionico
1130 3431 1259 3497 minori.
1286 3454 1290 3461 ⁴

615 3654 651 3710 A.
672 3643 766 3733 Quae
778 3639 912 3709 nomina
928 3664 987 3709 seu
1003 3641 1105 3711 verba
1125 3643 1234 3709 ionico
1251 3643 1369 3710 minori
1388 3643 1609 3731 conpetunt?

573 3746 621 3814 M.
639 3748 751 3815 lonico
764 3746 887 3814 minori
900 3744 1103 3813 hiuscemodi
1118 3744 1295 3835 pauxillula
1310 3745 1477 3812 sufficiant
1491 3773 1609 3816 exem-

570 3854 626 3944 pla
642 3902 653 3936 ,
674 3852 914 3943 ut-rapientes,
935 3850 1133 3943 populares,
1154 3853 1297 3919 seniores
1310 3901 1321 3937 ,
1335 3849 1507 3919 furibundi
1520 3904 1531 3939 ,
1546 3878 1609 3921 ru-

568 3957 731 4028 bicundis
756 3956 959 4043 verecundi,
980 3956 1174 4025 moribundi
1187 3993 1200 4026 s
1212 3957 1458 4024 rudibundiid
1480 3977 1529 4026 est
1547 3983 1605 4028 ru·

572 4061 686 4135 demes
706 4065 918 4153 etzboantes,
940 4065 1016 4135 uam
1030 4062 1163 4132 'ruditus
1183 4067 1319 4156 proprie
1335 4061 1516 4134 asellorum
1540 4069 1611 4134 asi-
