3382 5206
614 584 842 635 osannartca
866 586 911 637 rr
935 586 1100 636 nurntct.
1278 567 1342 633 535

294 658 313 687 ³
387 698 422 755 A.
457 684 615 774 Expositis
641 685 860 774 aenigmatum
884 685 1181 773 propositionibus,
1210 701 1242 752 et
1274 685 1366 774 dige-

341 805 388 857 sta
413 809 593 861 metrorum
618 788 774 858 melodias
798 790 865 855 iam
885 792 1060 880 promissus
1076 812 1189 857 rerum
1211 788 1294 857 urdo
1316 787 1365 858 ef-

340 896 465 988 flagitat
493 915 530 964 ut
550 894 763 964 multiformes
785 894 908 985 pedum
925 894 1053 988 regulas
1074 920 1111 964 ex
1135 894 1272 965 diuersis
1292 920 1365 964 ora-

340 1009 467 1072 tionum
491 1005 641 1095 partibus
668 1004 841 1096 propalare
865 1027 931 1072 non
959 1005 1105 1089 abnuas,
1129 1028 1243 1071 eorum
1265 1029 1364 1095 prae·

339 1112 450 1180 sertim
482 1135 563 1203 quos
595 1111 797 1202 grammatici
822 1112 885 1181 sibi
912 1134 1073 1202 usurpare
1104 1129 1290 1180 nuscuntur.
1316 1114 1368 1179 M·

338 1216 544 1285 Generaliter
570 1219 718 1288 omnium
742 1216 862 1309 pedum
883 1216 1046 1308 catalogus
1061 1233 1112 1287 ter
1135 1216 1364 1310 quadragenus

342 1339 374 1389 et
394 1343 569 1416 quaternus
592 1340 738 1406 constat,
766 1321 831 1390 buc
858 1340 906 1392 est
928 1322 1117 1390 ·CXXllll.
1143 1322 1209 1389 Sed
1236 1349 1274 1392 ex
1301 1323 1365 1390 hae

338 1428 494 1518 perplexa
520 1429 754 1497 numerositate
778 1426 952 1495 ·xxvt11·
972 1425 1070 1515 pedes
1092 1446 1362 1519 sequestrantur,

340 1534 460 1623 quibus
486 1534 614 1601 metrici
645 1541 831 1622 poematum
865 1530 1019 1598 facundia
1052 1529 1125 1600 freti
1159 1531 1364 1623 funguntur,

336 1640 458 1729 quique
493 1654 729 1729 quaternarum
770 1659 953 1706 mensurant
989 1634 1190 1726 syllabarum
1225 1639 1361 1706 minime

339 1742 584 1820 transcendunt.
604 1755 638 1809 A.
660 1740 864 1809 Manifestius
889 1738 951 1811 hoc
975 1756 1008 1808 et
1022 1738 1142 1809 clarius
1162 1739 1362 1830 patefactum

338 1845 451 1914 audire
466 1845 624 1936 gratulor.
641 1847 688 1913 M.
705 1848 753 1915 De
770 1845 907 1911 duarum
923 1863 1038 1912 natura
1054 1842 1256 1937 syllabarum
1272 1846 1361 1913 ·llll·

338 1949 434 2038 pedes
454 1967 675 2041 generantur,
692 1950 734 2016 de
757 1952 860 2019 tribus
883 1947 1020 2041 syllabis
1035 1949 1138 2017 ·Vlll·
1159 1949 1363 2039 procedunt,

316 2042 321 2050 ’
339 2052 380 2122 de
407 2072 561 2144 quattuor
587 2054 692 2125 .XVI.
720 2056 778 2122 Isti
799 2073 874 2122 sunt
896 2052 1080 2145 specialiter
1096 2052 1233 2146 legitimi
1247 2079 1359 2147 gram-

338 2159 531 2227 maticorum
561 2158 685 2249 pedes,
713 2158 754 2229 de
782 2159 901 2250 quibus
923 2174 1059 2226 centena
1085 2176 1267 2226 metrorum
1292 2158 1362 2227 dis·

338 2264 459 2353 eipliua
480 2264 708 2354 pullulaverat.
728 2276 763 2331 A.
777 2266 863 2350 Quot
882 2282 957 2331 sunt
980 2281 1147 2333 oratorum
1163 2264 1281 2354 pedes,
1301 2268 1362 2358 qui

338 2368 521 2435 rhetoricae
549 2371 628 2436 artis
657 2367 769 2459 regula
798 2368 1032 2452 continentur,
1066 2385 1098 2434 et
1118 2392 1231 2459 prusae
1256 2371 1361 2438 urba-

336 2475 428 2541 nitati
444 2471 696 2564 mancipantur?
723 2475 767 2541 M.
791 2477 861 2540 Ter
882 2474 1000 2541 triceni
1021 2491 1053 2541 ct
1078 2491 1129 2542 ter
1153 2474 1247 2557 bini,
1271 2474 1362 2567 qnod

336 2597 383 2646 est
415 2584 590 2672 nonaginta
618 2599 650 2649 et
677 2605 757 2664 aex,
786 2605 867 2671 quos
898 2602 1016 2671 graeca
1045 2578 1253 2650 dissertitudo
1280 2606 1361 2674 syu-

334 2688 443 2775 zugias
468 2689 629 2754 vocitavit.
655 2687 740 2752 Nam
768 2684 808 2754 de
824 2687 972 2778 quinque
985 2686 1119 2778 syllabis
1134 2686 1291 2754 -xxxn-
1306 2712 1360 2778 pe·

336 2791 391 2861 des
416 2792 617 2878 formantur,
645 2793 759 2860 deser
783 2791 916 2884 syllabis
940 2792 1089 2875 ·LXllll·
1108 2794 1283 2885 synzugiae
1309 2817 1361 2861 re·

333 2899 464 2988 ciproca
493 2900 649 2968 varietate
676 2915 860 2966 nascuntur.
889 2909 924 2965 A.
959 2901 1045 2986 Quot
1076 2917 1151 2967 sunt
1174 2896 1360 2966 accidentia

332 3000 480 3090 pedum?
502 3005 549 3071 M.
576 3003 733 3093 Septem,
756 3001 791 3067 id
814 3019 861 3071 est
886 3005 965 3070 arsis
991 3018 1025 3069 et
1048 3001 1172 3087 thesis,
1196 3024 1359 3086 numerus·

334 3106 559 3199 syllabarum,
577 3125 726 3200 tempus,
745 3107 920 3193 resolutio,
940 3106 1062 3199 ligura,
1080 3126 1232 3177 metrum.
1249 3120 1283 3175 Δ.
1304 3109 1355 3177 nn

333 3211 547 3281 differentiam
570 3215 656 3281 iuter
681 3216 767 3282 arsin
794 3232 825 3282 et
854 3215 971 3283 thesin.
994 3214 1042 3280 M.
1070 3211 1162 3283 Arsia
1184 3215 1359 3305 iuterpre-¹

332 3334 420 3384 tatur
444 3319 600 3400 elevatio,
623 3319 722 3386 thesis
746 3320 882 3410 positiot
904 3316 962 3388 sed
984 3320 1064 3387 arsis
1082 3321 1118 3387 in
1139 3321 1247 3410 prima
1273 3343 1353 3410 par-

330 3440 362 3489 te
385 3426 521 3493 nominis
546 3449 602 3493 seu
629 3427 721 3493 verbi
745 3424 894 3515 ponenda
924 3442 991 3509 est,
1016 3425 1115 3494 thesis
1137 3428 1175 3492 iu
1198 3424 1355 3495 secunda.

331 3529 416 3595 Nam
443 3530 505 3599 bae
531 3530 710 3622 particulae
741 3550 879 3623 propter
907 3533 1139 3603 discretionem
1168 3551 1355 3624 temporum

329 3633 527 3722 pedestrium
541 3638 694 3706 inventae
712 3636 908 3718 traduntur3
929 3639 1025 3706 verbi
1045 3640 1152 3731 gratia
1176 3638 1289 3730 polus,
1311 3660 1356 3729 pu

329 3741 408 3807 arsis
433 3756 506 3825 est,
530 3739 580 3807 lus
600 3739 706 3808 thesis.
734 3739 792 3808 Sic
820 3764 957 3828 crocus,
984 3743 1144 3826 thronus,
1166 3761 1282 3828 torus,
1302 3766 1356 3810 ae·

326 3861 396 3928 tas,
424 3864 549 3931 aestas,
572 3863 606 3913 et
630 3847 739 3914 omnia
752 3849 885 3914 numina
912 3846 966 3916 vel
981 3848 1103 3934 verba,
1117 3872 1202 3941 quae
1219 3851 1254 3915 in
1271 3872 1354 3942 pyr-

326 3950 457 4020 rhichio
479 3951 684 4043 spondaeove
706 3952 822 4021 subter
843 3952 1017 4023 adnectere
1038 3953 1267 4044 exemplorum
1287 3952 1358 4023 fur-

324 4055 415 4125 mula
442 4056 632 4149 conpellet,
659 4056 738 4129 huic
768 4055 913 4151 regulae·
933 4057 1078 4153 legitime
1110 4058 1359 4151 mancipantur.
1397 4102 1403 4112 ·
