<?xml version="1.0" encoding="UTF-8"?>
<!DOCTYPE html PUBLIC "-//W3C//DTD XHTML 1.0 Transitional//EN"
    "http://www.w3.org/TR/xhtml1/DTD/xhtml1-transitional.dtd">
<html xmlns="http://www.w3.org/1999/xhtml" xml:lang="en" lang="en">
 <head>
  <title>
</title>
<meta http-equiv="Content-Type" content="text/html;charset=utf-8" />
  <meta name='ocr-system' content='tesseract 3.04.00' />
  <meta name='ocr-capabilities' content='ocr_page ocr_carea ocr_par ocr_line ocrx_word'/>
</head>
<body>
  <div class='ocr_page' id='page_1' title='image "./classicorumauct00vatigoog_0450.png"; bbox 0 0 3382 5206; ppageno 0'>
   <div class='ocr_carea' id='block_1_1' title="bbox 663 610 1352 685">
    <p class='ocr_par' dir='ltr' id='par_1_1' title="bbox 663 610 1352 685">
     <span class='ocr_line' id='line_1_1' title="bbox 663 610 1352 685; baseline -0.003 -2"><span class='ocrx_word' id='word_1_1' title='bbox 663 635 806 683; x_wconf 78' lang='lat' dir='ltr'><strong>carnus</strong></span> <span class='ocrx_word' id='word_1_2' title='bbox 835 637 880 681; x_wconf 80' lang='lat' dir='ltr'><strong>or</strong></span> <span class='ocrx_word' id='word_1_3' title='bbox 908 634 1071 684; x_wconf 86' lang='lat' dir='ltr'><strong>cuursro.</strong></span> <span class='ocrx_word' id='word_1_4' title='bbox 1285 610 1352 685; x_wconf 83' lang='lat'><strong>385</strong></span> 
     </span>
    </p>
   </div>
   <div class='ocr_carea' id='block_1_2' title="bbox 266 739 1337 3678">
    <p class='ocr_par' dir='ltr' id='par_1_2' title="bbox 363 739 1227 830">
     <span class='ocr_line' id='line_1_2' title="bbox 363 739 1227 830; baseline 0.005 -26"><span class='ocrx_word' id='word_1_5' title='bbox 363 739 517 807; x_wconf 81' lang='lat' dir='ltr'><strong>Tradidit</strong></span> <span class='ocrx_word' id='word_1_6' title='bbox 536 741 627 808; x_wconf 86' lang='lat' dir='ltr'><strong>lutnc</strong></span> <span class='ocrx_word' id='word_1_7' title='bbox 645 742 768 825; x_wconf 86' lang='lat' dir='ltr'><strong>ludas,</strong></span> <span class='ocrx_word' id='word_1_8' title='bbox 791 745 878 809; x_wconf 87' lang='lat' dir='ltr'><strong>Iesus</strong></span> <span class='ocrx_word' id='word_1_9' title='bbox 899 739 1106 830; x_wconf 76' lang='lat' dir='ltr'>praedixerat</span> <span class='ocrx_word' id='word_1_10' title='bbox 1129 758 1227 824; x_wconf 85' lang='lat' dir='ltr'><strong>ante,</strong></span> 
     </span>
    </p>

    <p class='ocr_par' dir='ltr' id='par_1_3' title="bbox 284 840 1172 929">
     <span class='ocr_line' id='line_1_3' title="bbox 284 840 1172 929; baseline 0.001 -19"><span class='ocrx_word' id='word_1_11' title='bbox 284 847 335 912; x_wconf 88' lang='lat'><strong>80.</strong></span> <span class='ocrx_word' id='word_1_12' title='bbox 360 840 530 911; x_wconf 79' lang='lat' dir='ltr'><strong>Armatam</strong></span> <span class='ocrx_word' id='word_1_13' title='bbox 550 847 667 913; x_wconf 86' lang='lat' dir='ltr'><strong>misere</strong></span> <span class='ocrx_word' id='word_1_14' title='bbox 692 871 850 929; x_wconf 84' lang='lat' dir='ltr'><strong>manum,</strong></span> <span class='ocrx_word' id='word_1_15' title='bbox 874 871 933 911; x_wconf 84' lang='lat' dir='ltr'><strong>nox</strong></span> <span class='ocrx_word' id='word_1_16' title='bbox 953 863 1022 909; x_wconf 90' lang='lat' dir='ltr'><strong>atra</strong></span> <span class='ocrx_word' id='word_1_17' title='bbox 1046 841 1172 911; x_wconf 84' lang='lat' dir='ltr'><strong>silebat.</strong></span> 
     </span>
    </p>

    <p class='ocr_par' dir='ltr' id='par_1_4' title="bbox 360 946 1192 1148">
     <span class='ocr_line' id='line_1_4' title="bbox 360 946 1192 1035; baseline 0.006 -21"><span class='ocrx_word' id='word_1_18' title='bbox 360 950 446 1035; x_wconf 84' lang='lat' dir='ltr'><strong>Quid</strong></span> <span class='ocrx_word' id='word_1_19' title='bbox 468 949 587 1019; x_wconf 83' lang='lat' dir='ltr'><strong>faceret</strong></span> <span class='ocrx_word' id='word_1_20' title='bbox 607 952 704 1019; x_wconf 82' lang='lat' dir='ltr'><strong>iudex</strong></span> <span class='ocrx_word' id='word_1_21' title='bbox 726 969 815 1018; x_wconf 84' lang='lat' dir='ltr'><strong>tauto</strong></span> <span class='ocrx_word' id='word_1_22' title='bbox 839 951 982 1018; x_wconf 89' lang='lat' dir='ltr'><strong>elamore</strong></span> <span class='ocrx_word' id='word_1_23' title='bbox 1001 946 1192 1019; x_wconf 80' lang='lat' dir='ltr'><strong>malorum?</strong></span> 
     </span>
     <span class='ocr_line' id='line_1_5' title="bbox 363 1056 1157 1148; baseline 0 -25"><span class='ocrx_word' id='word_1_24' title='bbox 363 1056 501 1147; x_wconf 88' lang='lat' dir='ltr'><strong>Cogitur</strong></span> <span class='ocrx_word' id='word_1_25' title='bbox 524 1083 541 1122; x_wconf 91' lang='lat' dir='ltr'><strong>a</strong></span> <span class='ocrx_word' id='word_1_26' title='bbox 561 1058 682 1148; x_wconf 90' lang='lat' dir='ltr'><strong>populo</strong></span> <span class='ocrx_word' id='word_1_27' title='bbox 704 1076 841 1126; x_wconf 90' lang='lat' dir='ltr'><strong>mortem</strong></span> <span class='ocrx_word' id='word_1_28' title='bbox 864 1062 991 1126; x_wconf 89' lang='lat' dir='ltr'><strong>sancire</strong></span> <span class='ocrx_word' id='word_1_29' title='bbox 1012 1059 1157 1136; x_wconf 84' lang='lat' dir='ltr'><strong>Pilatus;</strong></span> 
     </span>
    </p>

    <p class='ocr_par' dir='ltr' id='par_1_5' title="bbox 361 1162 1314 1363">
     <span class='ocr_line' id='line_1_6' title="bbox 362 1162 1294 1259; baseline 0 -27"><span class='ocrx_word' id='word_1_30' title='bbox 362 1167 426 1234; x_wconf 81' lang='lat' dir='ltr'><strong>llex</strong></span> <span class='ocrx_word' id='word_1_31' title='bbox 450 1184 486 1231; x_wconf 92' lang='lat' dir='ltr'><strong>ut</strong></span> <span class='ocrx_word' id='word_1_32' title='bbox 508 1165 628 1252; x_wconf 86' lang='lat' dir='ltr'><strong>vultis,</strong></span> <span class='ocrx_word' id='word_1_33' title='bbox 653 1171 726 1253; x_wconf 84' lang='lat' dir='ltr'><strong>ait,</strong></span> <span class='ocrx_word' id='word_1_34' title='bbox 747 1184 853 1234; x_wconf 87' lang='lat' dir='ltr'><strong>vester</strong></span> <span class='ocrx_word' id='word_1_35' title='bbox 874 1168 992 1259; x_wconf 78' lang='lat' dir='ltr'><strong>figatur</strong></span> <span class='ocrx_word' id='word_1_36' title='bbox 1013 1169 1048 1233; x_wconf 89' lang='lat' dir='ltr'><strong>in</strong></span> <span class='ocrx_word' id='word_1_37' title='bbox 1070 1167 1184 1233; x_wconf 87' lang='lat' dir='ltr'><strong>altum.</strong></span> <span class='ocrx_word' id='word_1_38' title='bbox 1290 1162 1294 1168; x_wconf 41' lang='lat'>⁸</span> 
     </span>
     <span class='ocr_line' id='line_1_7' title="bbox 361 1270 1314 1363; baseline -0.003 -25"><span class='ocrx_word' id='word_1_39' title='bbox 361 1270 519 1339; x_wconf 85' lang='lat' dir='ltr'><strong>Caeditur</strong></span> <span class='ocrx_word' id='word_1_40' title='bbox 538 1273 592 1340; x_wconf 90' lang='lat' dir='ltr'><strong>hie</strong></span> <span class='ocrx_word' id='word_1_41' title='bbox 614 1273 795 1355; x_wconf 79' lang='lat' dir='ltr'><strong>miramo,</strong></span> <span class='ocrx_word' id='word_1_42' title='bbox 817 1291 977 1341; x_wconf 85' lang='lat' dir='ltr'><strong>monstrat</strong></span> <span class='ocrx_word' id='word_1_43' title='bbox 999 1275 1160 1363; x_wconf 85' lang='lat' dir='ltr'><strong>patientia</strong></span> <span class='ocrx_word' id='word_1_44' title='bbox 1182 1293 1314 1338; x_wconf 89' lang='lat' dir='ltr'><strong>numen.</strong></span> 
     </span>
    </p>

    <p class='ocr_par' dir='ltr' id='par_1_6' title="bbox 286 1377 1282 1888">
     <span class='ocr_line' id='line_1_8' title="bbox 286 1377 1231 1470; baseline 0.004 -33"><span class='ocrx_word' id='word_1_45' title='bbox 286 1377 338 1440; x_wconf 84' lang='grc'><strong>85.</strong></span> <span class='ocrx_word' id='word_1_46' title='bbox 361 1379 566 1446; x_wconf 76' lang='lat' dir='ltr'><strong>praeteriens</strong></span> <span class='ocrx_word' id='word_1_47' title='bbox 592 1378 726 1470; x_wconf 90' lang='lat' dir='ltr'><strong>quidam</strong></span> <span class='ocrx_word' id='word_1_48' title='bbox 749 1381 869 1446; x_wconf 87' lang='lat' dir='ltr'><strong>meruit</strong></span> <span class='ocrx_word' id='word_1_49' title='bbox 886 1397 1017 1469; x_wconf 86' lang='lat' dir='ltr'><strong>portare</strong></span> <span class='ocrx_word' id='word_1_50' title='bbox 1041 1396 1231 1469; x_wconf 79' lang='lat' dir='ltr'><strong>tropaeum,</strong></span> 
     </span>
     <span class='ocr_line' id='line_1_9' title="bbox 361 1481 1221 1574; baseline 0.001 -29"><span class='ocrx_word' id='word_1_51' title='bbox 361 1481 489 1549; x_wconf 88' lang='lat' dir='ltr'><strong>Nomen</strong></span> <span class='ocrx_word' id='word_1_52' title='bbox 513 1481 591 1548; x_wconf 88' lang='lat' dir='ltr'><strong>huic</strong></span> <span class='ocrx_word' id='word_1_53' title='bbox 614 1482 773 1567; x_wconf 86' lang='lat' dir='ltr'><strong>Simeon,</strong></span> <span class='ocrx_word' id='word_1_54' title='bbox 795 1501 826 1549; x_wconf 90' lang='lat' dir='ltr'><strong>et</strong></span> <span class='ocrx_word' id='word_1_55' title='bbox 850 1484 962 1550; x_wconf 83' lang='lat' dir='ltr'><strong>civitas</strong></span> <span class='ocrx_word' id='word_1_56' title='bbox 987 1485 1056 1573; x_wconf 86' lang='lat' dir='ltr'><strong>ipsa</strong></span> <span class='ocrx_word' id='word_1_57' title='bbox 1081 1482 1221 1574; x_wconf 80' lang='lat' dir='ltr'><strong>Cyrene.</strong></span> 
     </span>
     <span class='ocr_line' id='line_1_10' title="bbox 362 1586 1233 1680; baseline -0.001 -30"><span class='ocrx_word' id='word_1_58' title='bbox 362 1587 518 1675; x_wconf 87' lang='lat' dir='ltr'><strong>Expansis</strong></span> <span class='ocrx_word' id='word_1_59' title='bbox 540 1590 690 1655; x_wconf 87' lang='lat' dir='ltr'><strong>manibus</strong></span> <span class='ocrx_word' id='word_1_60' title='bbox 709 1606 813 1655; x_wconf 89' lang='lat' dir='ltr'><strong>totum</strong></span> <span class='ocrx_word' id='word_1_61' title='bbox 837 1586 1088 1680; x_wconf 87' lang='lat' dir='ltr'><strong>conpraendidit</strong></span> <span class='ocrx_word' id='word_1_62' title='bbox 1106 1588 1233 1655; x_wconf 91' lang='lat' dir='ltr'><strong>orbem.</strong></span> 
     </span>
     <span class='ocr_line' id='line_1_11' title="bbox 360 1690 1282 1783; baseline 0 -28"><span class='ocrx_word' id='word_1_63' title='bbox 360 1690 526 1757; x_wconf 87' lang='lat' dir='ltr'><strong>Dividitur</strong></span> <span class='ocrx_word' id='word_1_64' title='bbox 548 1691 684 1774; x_wconf 85' lang='lat' dir='ltr'><strong>velum,</strong></span> <span class='ocrx_word' id='word_1_65' title='bbox 707 1693 854 1782; x_wconf 88' lang='lat' dir='ltr'><strong>trepidus</strong></span> <span class='ocrx_word' id='word_1_66' title='bbox 874 1718 979 1783; x_wconf 84' lang='lat' dir='ltr'><strong>pavor</strong></span> <span class='ocrx_word' id='word_1_67' title='bbox 1001 1692 1119 1759; x_wconf 86' lang='lat' dir='ltr'><strong>incutit</strong></span> <span class='ocrx_word' id='word_1_68' title='bbox 1141 1715 1253 1760; x_wconf 86' lang='lat' dir='ltr'><strong>omnes</strong></span> <span class='ocrx_word' id='word_1_69' title='bbox 1272 1737 1282 1772; x_wconf 86' lang='lat'>‚</span> 
     </span>
     <span class='ocr_line' id='line_1_12' title="bbox 360 1795 1222 1888; baseline -0.002 -26"><span class='ocrx_word' id='word_1_70' title='bbox 360 1795 510 1862; x_wconf 86' lang='lat' dir='ltr'><strong>Vertitur</strong></span> <span class='ocrx_word' id='word_1_71' title='bbox 534 1799 567 1862; x_wconf 92' lang='lat' dir='ltr'><strong>in</strong></span> <span class='ocrx_word' id='word_1_72' title='bbox 591 1798 742 1863; x_wconf 88' lang='lat' dir='ltr'><strong>tenebras</strong></span> <span class='ocrx_word' id='word_1_73' title='bbox 763 1796 835 1880; x_wconf 86' lang='lat' dir='ltr'><strong>sol,</strong></span> <span class='ocrx_word' id='word_1_74' title='bbox 858 1797 895 1864; x_wconf 85' lang='lat' dir='ltr'><strong>fit</strong></span> <span class='ocrx_word' id='word_1_75' title='bbox 910 1797 1064 1888; x_wconf 55' lang='lat' dir='ltr'><strong>,lunaque</strong></span> <span class='ocrx_word' id='word_1_76' title='bbox 1081 1796 1222 1885; x_wconf 82' lang='lat' dir='ltr'><strong>sanguis.</strong></span> 
     </span>
    </p>

    <p class='ocr_par' dir='ltr' id='par_1_7' title="bbox 282 1896 1240 2205">
     <span class='ocr_line' id='line_1_13' title="bbox 282 1896 1240 1993; baseline -0.001 -28"><span class='ocrx_word' id='word_1_77' title='bbox 282 1927 335 1990; x_wconf 81' lang='lat'><strong>90.</strong></span> <span class='ocrx_word' id='word_1_78' title='bbox 361 1896 504 1990; x_wconf 82' lang='lat' dir='ltr'><strong>Angelus</strong></span> <span class='ocrx_word' id='word_1_79' title='bbox 526 1904 653 1989; x_wconf 80' lang='lat' dir='ltr'><strong>expavit</strong></span> <span class='ocrx_word' id='word_1_80' title='bbox 675 1899 798 1968; x_wconf 83' lang='lat' dir='ltr'><strong>lacinus</strong></span> <span class='ocrx_word' id='word_1_81' title='bbox 819 1925 952 1993; x_wconf 91' lang='lat' dir='ltr'><strong>quoque</strong></span> <span class='ocrx_word' id='word_1_82' title='bbox 974 1902 1079 1992; x_wconf 83' lang='lat' dir='ltr'><strong>gentis</strong></span> <span class='ocrx_word' id='word_1_83' title='bbox 1098 1903 1240 1991; x_wconf 79' lang='lat' dir='ltr'><strong>iniquae.</strong></span> 
     </span>
     <span class='ocr_line' id='line_1_14' title="bbox 359 2004 1167 2088; baseline 0.001 -17"><span class='ocrx_word' id='word_1_84' title='bbox 359 2009 435 2072; x_wconf 83' lang='lat' dir='ltr'><strong>Post</strong></span> <span class='ocrx_word' id='word_1_85' title='bbox 461 2008 518 2072; x_wconf 90' lang='lat' dir='ltr'><strong>ubi</strong></span> <span class='ocrx_word' id='word_1_86' title='bbox 539 2027 677 2076; x_wconf 81' lang='lat' dir='ltr'><strong>secretas</strong></span> <span class='ocrx_word' id='word_1_87' title='bbox 697 2004 813 2075; x_wconf 83' lang='lat' dir='ltr'><strong>inferni</strong></span> <span class='ocrx_word' id='word_1_88' title='bbox 837 2011 926 2074; x_wconf 87' lang='lat' dir='ltr'><strong>venit</strong></span> <span class='ocrx_word' id='word_1_89' title='bbox 944 2008 986 2074; x_wconf 88' lang='lat' dir='ltr'><strong>ad</strong></span> <span class='ocrx_word' id='word_1_90' title='bbox 1007 2010 1167 2088; x_wconf 86' lang='lat' dir='ltr'><strong>umbras,</strong></span> 
     </span>
     <span class='ocr_line' id='line_1_15' title="bbox 361 2112 1211 2205; baseline 0.002 -30"><span class='ocrx_word' id='word_1_91' title='bbox 361 2112 541 2201; x_wconf 80' lang='lat' dir='ltr'><strong>Diffugiunt</strong></span> <span class='ocrx_word' id='word_1_92' title='bbox 562 2116 689 2180; x_wconf 86' lang='lat' dir='ltr'><strong>animae</strong></span> <span class='ocrx_word' id='word_1_93' title='bbox 712 2138 829 2205; x_wconf 83' lang='lat' dir='ltr'><strong>magno</strong></span> <span class='ocrx_word' id='word_1_94' title='bbox 847 2113 1023 2203; x_wconf 89' lang='lat' dir='ltr'><strong>splendore</strong></span> <span class='ocrx_word' id='word_1_95' title='bbox 1045 2131 1211 2204; x_wconf 87' lang='lat' dir='ltr'><strong>paventes.</strong></span> 
     </span>
    </p>

    <p class='ocr_par' dir='ltr' id='par_1_8' title="bbox 359 2217 1293 2414">
     <span class='ocr_line' id='line_1_16' title="bbox 361 2217 1293 2312; baseline -0.001 -30"><span class='ocrx_word' id='word_1_96' title='bbox 361 2218 408 2282; x_wconf 90' lang='lat' dir='ltr'><strong>Ut</strong></span> <span class='ocrx_word' id='word_1_97' title='bbox 429 2218 511 2284; x_wconf 87' lang='lat' dir='ltr'><strong>vidit</strong></span> <span class='ocrx_word' id='word_1_98' title='bbox 526 2221 730 2303; x_wconf 87' lang='lat' dir='ltr'><strong>Dominum,</strong></span> <span class='ocrx_word' id='word_1_99' title='bbox 752 2243 889 2310; x_wconf 89' lang='lat' dir='ltr'><strong>regnum</strong></span> <span class='ocrx_word' id='word_1_100' title='bbox 910 2223 966 2312; x_wconf 89' lang='lat' dir='ltr'><strong>qui</strong></span> <span class='ocrx_word' id='word_1_101' title='bbox 988 2221 1099 2287; x_wconf 88' lang='lat' dir='ltr'><strong>mortis</strong></span> <span class='ocrx_word' id='word_1_102' title='bbox 1123 2217 1293 2300; x_wconf 84' lang='lat' dir='ltr'><strong>habebat,</strong></span> 
     </span>
     <span class='ocr_line' id='line_1_17' title="bbox 359 2320 1178 2414; baseline -0.004 -25"><span class='ocrx_word' id='word_1_103' title='bbox 359 2321 582 2412; x_wconf 83' lang='lat' dir='ltr'><strong>Submisitque</strong></span> <span class='ocrx_word' id='word_1_104' title='bbox 603 2340 699 2412; x_wconf 90' lang='lat' dir='ltr'><strong>caput</strong></span> <span class='ocrx_word' id='word_1_105' title='bbox 720 2321 854 2406; x_wconf 85' lang='lat' dir='ltr'><strong>Adam,</strong></span> <span class='ocrx_word' id='word_1_106' title='bbox 876 2348 948 2390; x_wconf 81' lang='lat' dir='ltr'><strong>mox</strong></span> <span class='ocrx_word' id='word_1_107' title='bbox 969 2325 1065 2414; x_wconf 82' lang='lat' dir='ltr'><strong>erigit</strong></span> <span class='ocrx_word' id='word_1_108' title='bbox 1084 2320 1178 2387; x_wconf 88' lang='lat' dir='ltr'><strong>illud.</strong></span> 
     </span>
    </p>

    <p class='ocr_par' dir='ltr' id='par_1_9' title="bbox 283 2422 1337 2939">
     <span class='ocr_line' id='line_1_18' title="bbox 283 2422 1224 2517; baseline 0.004 -31"><span class='ocrx_word' id='word_1_109' title='bbox 283 2422 337 2509; x_wconf 78' lang='lat'><strong>95.</strong></span> <span class='ocrx_word' id='word_1_110' title='bbox 361 2429 475 2491; x_wconf 85' lang='lat' dir='ltr'><strong>Tertia</strong></span> <span class='ocrx_word' id='word_1_111' title='bbox 497 2450 639 2517; x_wconf 85' lang='lat' dir='ltr'><strong>namque</strong></span> <span class='ocrx_word' id='word_1_112' title='bbox 662 2427 715 2495; x_wconf 89' lang='lat' dir='ltr'><strong>die</strong></span> <span class='ocrx_word' id='word_1_113' title='bbox 734 2430 836 2517; x_wconf 80' lang='lat' dir='ltr'><strong>surgit</strong></span> <span class='ocrx_word' id='word_1_114' title='bbox 857 2452 932 2492; x_wconf 87' lang='lat' dir='ltr'><strong>eum</strong></span> <span class='ocrx_word' id='word_1_115' title='bbox 951 2451 1087 2516; x_wconf 86' lang='lat' dir='ltr'><strong>corpore</strong></span> <span class='ocrx_word' id='word_1_116' title='bbox 1109 2427 1224 2491; x_wconf 86' lang='lat' dir='ltr'><strong>vietor.</strong></span> 
     </span>
     <span class='ocr_line' id='line_1_19' title="bbox 362 2531 1214 2621; baseline -0.005 -23"><span class='ocrx_word' id='word_1_117' title='bbox 362 2531 561 2598; x_wconf 84' lang='lat' dir='ltr'><strong>Conscendit</strong></span> <span class='ocrx_word' id='word_1_118' title='bbox 583 2532 712 2615; x_wconf 83' lang='lat' dir='ltr'><strong>eaelos,</strong></span> <span class='ocrx_word' id='word_1_119' title='bbox 734 2533 899 2621; x_wconf 82' lang='lat' dir='ltr'><strong>captivum</strong></span> <span class='ocrx_word' id='word_1_120' title='bbox 923 2531 1011 2599; x_wconf 92' lang='lat' dir='ltr'><strong>bello</strong></span> <span class='ocrx_word' id='word_1_121' title='bbox 1032 2531 1214 2607; x_wconf 82' lang='lat' dir='ltr'><strong>reducens;</strong></span> 
     </span>
     <span class='ocr_line' id='line_1_20' title="bbox 359 2632 1308 2730; baseline -0.012 -24"><span class='ocrx_word' id='word_1_122' title='bbox 359 2639 480 2727; x_wconf 87' lang='lat' dir='ltr'><strong>Sponte</strong></span> <span class='ocrx_word' id='word_1_123' title='bbox 501 2663 594 2704; x_wconf 88' lang='lat' dir='ltr'><strong>suum</strong></span> <span class='ocrx_word' id='word_1_124' title='bbox 611 2663 753 2727; x_wconf 85' lang='lat' dir='ltr'><strong>corpus,</strong></span> <span class='ocrx_word' id='word_1_125' title='bbox 778 2639 868 2729; x_wconf 92' lang='lat' dir='ltr'><strong>quod</strong></span> <span class='ocrx_word' id='word_1_126' title='bbox 889 2634 1058 2730; x_wconf 80' lang='lat' dir='ltr'><strong>liquerat,</strong></span> <span class='ocrx_word' id='word_1_127' title='bbox 1081 2638 1148 2725; x_wconf 89' lang='lat' dir='ltr'><strong>ipse</strong></span> <span class='ocrx_word' id='word_1_128' title='bbox 1174 2632 1308 2721; x_wconf 88' lang='lat' dir='ltr'><strong>recepit.</strong></span> 
     </span>
     <span class='ocr_line' id='line_1_21' title="bbox 362 2738 1227 2826; baseline -0.006 -18"><span class='ocrx_word' id='word_1_129' title='bbox 362 2745 450 2810; x_wconf 85' lang='lat' dir='ltr'><strong>Haeo</strong></span> <span class='ocrx_word' id='word_1_130' title='bbox 469 2743 521 2806; x_wconf 84' lang='lat' dir='ltr'><strong>via</strong></span> <span class='ocrx_word' id='word_1_131' title='bbox 539 2744 651 2807; x_wconf 89' lang='lat' dir='ltr'><strong>mortis</strong></span> <span class='ocrx_word' id='word_1_132' title='bbox 674 2759 769 2826; x_wconf 84' lang='lat' dir='ltr'><strong>erat,</strong></span> <span class='ocrx_word' id='word_1_133' title='bbox 792 2744 905 2810; x_wconf 89' lang='lat' dir='ltr'><strong>eadem</strong></span> <span class='ocrx_word' id='word_1_134' title='bbox 928 2745 977 2808; x_wconf 87' lang='lat' dir='ltr'><strong>via</strong></span> <span class='ocrx_word' id='word_1_135' title='bbox 1001 2741 1083 2807; x_wconf 84' lang='lat' dir='ltr'><strong>sacta</strong></span> <span class='ocrx_word' id='word_1_136' title='bbox 1103 2738 1227 2807; x_wconf 87' lang='lat' dir='ltr'><strong>salutis.</strong></span> 
     </span>
     <span class='ocr_line' id='line_1_22' title="bbox 363 2847 1337 2939; baseline -0.008 -25"><span class='ocrx_word' id='word_1_137' title='bbox 363 2851 459 2914; x_wconf 90' lang='lat' dir='ltr'><strong>Hunc</strong></span> <span class='ocrx_word' id='word_1_138' title='bbox 472 2865 566 2937; x_wconf 87' lang='lat' dir='ltr'><strong>pater</strong></span> <span class='ocrx_word' id='word_1_139' title='bbox 580 2864 612 2914; x_wconf 91' lang='lat' dir='ltr'><strong>et</strong></span> <span class='ocrx_word' id='word_1_140' title='bbox 626 2847 777 2916; x_wconf 89' lang='lat' dir='ltr'><strong>dominus</strong></span> <span class='ocrx_word' id='word_1_141' title='bbox 792 2849 960 2916; x_wconf 84' lang='lat' dir='ltr'><strong>Christum</strong></span> <span class='ocrx_word' id='word_1_142' title='bbox 978 2871 1153 2939; x_wconf 86' lang='lat' dir='ltr'><strong>regemque</strong></span> <span class='ocrx_word' id='word_1_143' title='bbox 1165 2848 1337 2934; x_wconf 91' lang='lat' dir='ltr'><strong>Deumque</strong></span> 
     </span>
    </p>

    <p class='ocr_par' dir='ltr' id='par_1_10' title="bbox 266 2952 1213 3044">
     <span class='ocr_line' id='line_1_23' title="bbox 266 2952 1213 3044; baseline -0.011 -22"><span class='ocrx_word' id='word_1_144' title='bbox 266 2980 337 3022; x_wconf 88' lang='lat'><strong>100.</strong></span> <span class='ocrx_word' id='word_1_145' title='bbox 362 2952 489 3018; x_wconf 86' lang='lat' dir='ltr'><strong>Iudicio</strong></span> <span class='ocrx_word' id='word_1_146' title='bbox 508 2978 672 3044; x_wconf 90' lang='lat' dir='ltr'><strong>regnoque</strong></span> <span class='ocrx_word' id='word_1_147' title='bbox 692 2953 767 3021; x_wconf 89' lang='lat' dir='ltr'><strong>dato</strong></span> <span class='ocrx_word' id='word_1_148' title='bbox 789 2955 941 3022; x_wconf 89' lang='lat' dir='ltr'><strong>missurus</strong></span> <span class='ocrx_word' id='word_1_149' title='bbox 961 2957 996 3021; x_wconf 90' lang='lat' dir='ltr'><strong>in</strong></span> <span class='ocrx_word' id='word_1_150' title='bbox 1019 2955 1136 3019; x_wconf 90' lang='lat' dir='ltr'><strong>orbem</strong></span> <span class='ocrx_word' id='word_1_151' title='bbox 1156 2965 1213 3016; x_wconf 89' lang='lat' dir='ltr'><strong>est.</strong></span> 
     </span>
    </p>

    <p class='ocr_par' dir='ltr' id='par_1_11' title="bbox 268 3059 1315 3678">
     <span class='ocr_line' id='line_1_24' title="bbox 361 3059 1131 3152; baseline -0.004 -27"><span class='ocrx_word' id='word_1_152' title='bbox 361 3061 391 3125; x_wconf 93' lang='grc' dir='ltr'>Ο</span> <span class='ocrx_word' id='word_1_153' title='bbox 411 3059 539 3126; x_wconf 83' lang='lat' dir='ltr'><strong>soboles</strong></span> <span class='ocrx_word' id='word_1_154' title='bbox 562 3085 716 3152; x_wconf 83' lang='lat' dir='ltr'><strong>generosa</strong></span> <span class='ocrx_word' id='word_1_155' title='bbox 734 3066 794 3130; x_wconf 87' lang='lat' dir='ltr'><strong>Dei</strong></span> <span class='ocrx_word' id='word_1_156' title='bbox 811 3112 822 3144; x_wconf 80' lang='lat'>‚</span> <span class='ocrx_word' id='word_1_157' title='bbox 845 3085 864 3129; x_wconf 92' lang='grc' dir='ltr'><strong>ο</strong></span> <span class='ocrx_word' id='word_1_158' title='bbox 886 3062 993 3131; x_wconf 90' lang='lat' dir='ltr'><strong>debite</strong></span> <span class='ocrx_word' id='word_1_159' title='bbox 1011 3059 1106 3126; x_wconf 85' lang='lat' dir='ltr'><strong>eaelo</strong></span> <span class='ocrx_word' id='word_1_160' title='bbox 1122 3062 1131 3121; x_wconf 68' lang='grc' dir='ltr'>ἕ</span> 
     </span>
     <span class='ocr_line' id='line_1_25' title="bbox 363 3158 1315 3252; baseline -0.004 -25"><span class='ocrx_word' id='word_1_161' title='bbox 363 3165 395 3227; x_wconf 93' lang='lat' dir='ltr'>N</span> <span class='ocrx_word' id='word_1_162' title='bbox 398 3186 441 3230; x_wconf 90' lang='lat' dir='ltr'><strong>ou</strong></span> <span class='ocrx_word' id='word_1_163' title='bbox 457 3180 488 3229; x_wconf 90' lang='lat' dir='ltr'><strong>te</strong></span> <span class='ocrx_word' id='word_1_164' title='bbox 503 3166 589 3252; x_wconf 89' lang='lat' dir='ltr'><strong>cepit</strong></span> <span class='ocrx_word' id='word_1_165' title='bbox 606 3164 746 3249; x_wconf 83' lang='lat' dir='ltr'><strong>humus,</strong></span> <span class='ocrx_word' id='word_1_166' title='bbox 770 3166 894 3232; x_wconf 92' lang='lat' dir='ltr'><strong>dudum</strong></span> <span class='ocrx_word' id='word_1_167' title='bbox 912 3166 1025 3233; x_wconf 88' lang='lat' dir='ltr'><strong>domus</strong></span> <span class='ocrx_word' id='word_1_168' title='bbox 1040 3160 1148 3252; x_wconf 85' lang='lat' dir='ltr'><strong>ampla</strong></span> <span class='ocrx_word' id='word_1_169' title='bbox 1168 3158 1315 3226; x_wconf 85' lang='lat' dir='ltr'><strong>vocabat.</strong></span> 
     </span>
     <span class='ocr_line' id='line_1_26' title="bbox 363 3265 1299 3360; baseline -0.007 -23"><span class='ocrx_word' id='word_1_170' title='bbox 363 3274 439 3338; x_wconf 91' lang='lat' dir='ltr'><strong>Non</strong></span> <span class='ocrx_word' id='word_1_171' title='bbox 455 3292 566 3337; x_wconf 89' lang='lat' dir='ltr'><strong>omnes</strong></span> <span class='ocrx_word' id='word_1_172' title='bbox 580 3267 701 3339; x_wconf 88' lang='lat' dir='ltr'><strong>laesere</strong></span> <span class='ocrx_word' id='word_1_173' title='bbox 714 3273 880 3350; x_wconf 69' lang='lat' dir='ltr'><strong>animum</strong></span> <span class='ocrx_word' id='word_1_174' title='bbox 904 3296 960 3336; x_wconf 88' lang='lat' dir='ltr'><strong>sua</strong></span> <span class='ocrx_word' id='word_1_175' title='bbox 976 3294 1143 3360; x_wconf 89' lang='lat' dir='ltr'><strong>quemque</strong></span> <span class='ocrx_word' id='word_1_176' title='bbox 1163 3265 1299 3358; x_wconf 82' lang='lat' dir='ltr'><strong>fatigent</strong></span> 
     </span>
     <span class='ocr_line' id='line_1_27' title="bbox 314 3372 1269 3468; baseline -0.006 -25"><span class='ocrx_word' id='word_1_177' title='bbox 314 3384 319 3395; x_wconf 87' lang='grc'><em>“</em></span> <span class='ocrx_word' id='word_1_178' title='bbox 364 3381 464 3443; x_wconf 80' lang='lat' dir='ltr'><strong>Foeta</strong></span> <span class='ocrx_word' id='word_1_179' title='bbox 481 3427 490 3460; x_wconf 87' lang='lat'>,</span> <span class='ocrx_word' id='word_1_180' title='bbox 513 3375 661 3466; x_wconf 86' lang='lat' dir='ltr'><strong>serosque</strong></span> <span class='ocrx_word' id='word_1_181' title='bbox 676 3381 798 3445; x_wconf 87' lang='lat' dir='ltr'><strong>auimos</strong></span> <span class='ocrx_word' id='word_1_182' title='bbox 822 3378 1020 3468; x_wconf 86' lang='lat' dir='ltr'><strong>adstringant</strong></span> <span class='ocrx_word' id='word_1_183' title='bbox 1035 3373 1163 3442; x_wconf 84' lang='lat' dir='ltr'><strong>vincula</strong></span> <span class='ocrx_word' id='word_1_184' title='bbox 1180 3372 1269 3438; x_wconf 89' lang='lat' dir='ltr'><strong>serri.</strong></span> 
     </span>
     <span class='ocr_line' id='line_1_28' title="bbox 268 3482 1158 3570; baseline 0 -25"><span class='ocrx_word' id='word_1_185' title='bbox 268 3505 339 3568; x_wconf 40' lang='lat'><strong>¹05,</strong></span> <span class='ocrx_word' id='word_1_186' title='bbox 365 3483 430 3548; x_wconf 92' lang='lat' dir='ltr'><strong>Nos</strong></span> <span class='ocrx_word' id='word_1_187' title='bbox 452 3500 503 3546; x_wconf 87' lang='lat' dir='ltr'><strong>tua</strong></span> <span class='ocrx_word' id='word_1_188' title='bbox 522 3485 717 3570; x_wconf 85' lang='lat' dir='ltr'><strong>progenies:</strong></span> <span class='ocrx_word' id='word_1_189' title='bbox 742 3507 819 3548; x_wconf 90' lang='lat' dir='ltr'><strong>nam</strong></span> <span class='ocrx_word' id='word_1_190' title='bbox 846 3500 877 3552; x_wconf 87' lang='lat' dir='ltr'><strong>te</strong></span> <span class='ocrx_word' id='word_1_191' title='bbox 897 3482 1028 3550; x_wconf 84' lang='lat' dir='ltr'><strong>doctore</strong></span> <span class='ocrx_word' id='word_1_192' title='bbox 1051 3482 1158 3547; x_wconf 90' lang='lat' dir='ltr'><strong>renati</strong></span> 
     </span>
     <span class='ocr_line' id='line_1_29' title="bbox 367 3587 1165 3678; baseline -0.003 -25"><span class='ocrx_word' id='word_1_193' title='bbox 367 3588 536 3655; x_wconf 83' lang='lat' dir='ltr'><strong>Curriuurs</strong></span> <span class='ocrx_word' id='word_1_194' title='bbox 562 3590 595 3653; x_wconf 90' lang='lat' dir='ltr'><strong>iu</strong></span> <span class='ocrx_word' id='word_1_195' title='bbox 618 3587 728 3678; x_wconf 84' lang='lat' dir='ltr'><strong>longas</strong></span> <span class='ocrx_word' id='word_1_196' title='bbox 750 3587 888 3663; x_wconf 75' lang='lat' dir='ltr'><strong>titendo</strong></span> <span class='ocrx_word' id='word_1_197' title='bbox 909 3588 1038 3655; x_wconf 90' lang='lat' dir='ltr'><strong>luminis</strong></span> <span class='ocrx_word' id='word_1_198' title='bbox 1059 3588 1165 3654; x_wconf 86' lang='lat' dir='ltr'><strong>horus.</strong></span> 
     </span>
    </p>
   </div>
   <div class='ocr_carea' id='block_1_3' title="bbox 0 0 1696 5206">
    <p class='ocr_par' dir='ltr' id='par_1_12' title="bbox 0 0 1696 5206">
     <span class='ocr_line' id='line_1_30' title="bbox 0 0 1696 5206; baseline 0 0"><span class='ocrx_word' id='word_1_199' title='bbox 0 0 1696 5206; x_wconf 95' lang='lat' dir='ltr'><strong> </strong></span> 
     </span>
    </p>
   </div>
  </div>
 </body>
</html>
