<?xml version="1.0" encoding="UTF-8"?>
<!DOCTYPE html PUBLIC "-//W3C//DTD XHTML 1.0 Transitional//EN"
    "http://www.w3.org/TR/xhtml1/DTD/xhtml1-transitional.dtd">
<html xmlns="http://www.w3.org/1999/xhtml" xml:lang="en" lang="en">
 <head>
  <title>
</title>
<meta http-equiv="Content-Type" content="text/html;charset=utf-8" />
  <meta name='ocr-system' content='tesseract 3.04.00' />
  <meta name='ocr-capabilities' content='ocr_page ocr_carea ocr_par ocr_line ocrx_word'/>
</head>
<body>
  <div class='ocr_page' id='page_1' title='image "./classicorumauct00vatigoog_0046.png"; bbox 0 0 3382 5206; ppageno 0'>
   <div class='ocr_carea' id='block_1_1' title="bbox 771 556 1340 625">
    <p class='ocr_par' dir='ltr' id='par_1_1' title="bbox 771 556 1340 625">
     <span class='ocr_line' id='line_1_1' title="bbox 771 556 1340 625; baseline 0 -19"><span class='ocrx_word' id='word_1_1' title='bbox 771 556 935 606; x_wconf 77' lang='lat' dir='ltr'><em>vamcmo.</em></span> <span class='ocrx_word' id='word_1_2' title='bbox 1055 619 1058 625; x_wconf 18' lang='lat' dir='ltr'>y</span> <span class='ocrx_word' id='word_1_3' title='bbox 1227 561 1340 611; x_wconf 78' lang='lat' dir='ltr'><em>mvn</em></span> 
     </span>
    </p>
   </div>
   <div class='ocr_carea' id='block_1_2' title="bbox 323 675 1360 1282">
    <p class='ocr_par' dir='ltr' id='par_1_2' title="bbox 323 675 1360 1282">
     <span class='ocr_line' id='line_1_2' title="bbox 323 675 1360 780; baseline -0.001 -29"><span class='ocrx_word' id='word_1_4' title='bbox 323 675 506 752; x_wconf 56' lang='lat' dir='ltr'><em>&gt;Parrhasii</em></span> <span class='ocrx_word' id='word_1_5' title='bbox 532 735 541 765; x_wconf 88' lang='lat'>‚</span> <span class='ocrx_word' id='word_1_6' title='bbox 568 676 630 779; x_wconf 90' lang='lat' dir='ltr'><em>qui</em></span> <span class='ocrx_word' id='word_1_7' title='bbox 657 675 819 751; x_wconf 85' lang='lat' dir='ltr'>codicem</span> <span class='ocrx_word' id='word_1_8' title='bbox 843 675 998 777; x_wconf 85' lang='lat' dir='ltr'>possedit</span> <span class='ocrx_word' id='word_1_9' title='bbox 1019 676 1290 780; x_wconf 89' lang='lat' dir='ltr'><em>Seripandoque</em></span> <span class='ocrx_word' id='word_1_10' title='bbox 1312 679 1360 751; x_wconf 87' lang='lat' dir='ltr'><em>le·</em></span> 
     </span>
     <span class='ocr_line' id='line_1_3' title="bbox 339 804 1356 908; baseline 0.002 -28"><span class='ocrx_word' id='word_1_11' title='bbox 339 808 421 905; x_wconf 73' lang='lat' dir='ltr'><em>&#39;gerit</em></span> <span class='ocrx_word' id='word_1_12' title='bbox 445 865 454 898; x_wconf 89' lang='lat'>‚</span> <span class='ocrx_word' id='word_1_13' title='bbox 481 807 587 881; x_wconf 85' lang='lat' dir='ltr'><em>verba</em></span> <span class='ocrx_word' id='word_1_14' title='bbox 617 809 654 880; x_wconf 89' lang='lat' dir='ltr'><em>in</em></span> <span class='ocrx_word' id='word_1_15' title='bbox 676 807 790 880; x_wconf 81' lang='lat' dir='ltr'><em>fronte</em></span> <span class='ocrx_word' id='word_1_16' title='bbox 811 804 947 880; x_wconf 87' lang='lat' dir='ltr'><em>codicis</em></span> <span class='ocrx_word' id='word_1_17' title='bbox 968 808 1081 908; x_wconf 86' lang='lat' dir='ltr'><em>posita</em></span> <span class='ocrx_word' id='word_1_18' title='bbox 1101 808 1228 882; x_wconf 79' lang='lat' dir='ltr'><strong>recitat</strong></span> <span class='ocrx_word' id='word_1_19' title='bbox 1246 808 1356 882; x_wconf 77' lang='lat' dir='ltr'><em>haec:</em></span> 
     </span>
     <span class='ocr_line' id='line_1_4' title="bbox 338 928 1359 1036; baseline -0.003 -30"><span class='ocrx_word' id='word_1_20' title='bbox 338 931 402 1008; x_wconf 82' lang='lat' dir='ltr'><em>boc</em></span> <span class='ocrx_word' id='word_1_21' title='bbox 421 960 514 1036; x_wconf 76' lang='lat' dir='ltr'><em>opus</em></span> <span class='ocrx_word' id='word_1_22' title='bbox 539 959 614 1007; x_wconf 82' lang='lat' dir='ltr'><em>csse</em></span> <span class='ocrx_word' id='word_1_23' title='bbox 640 928 759 1006; x_wconf 83' lang='lat' dir='ltr'><em>Probi</em></span> <span class='ocrx_word' id='word_1_24' title='bbox 776 944 912 1007; x_wconf 75' lang='lat' dir='ltr'><em>comtos</em></span> <span class='ocrx_word' id='word_1_25' title='bbox 931 957 984 1003; x_wconf 83' lang='lat' dir='ltr'><em>cx</em></span> <span class='ocrx_word' id='word_1_26' title='bbox 1003 930 1135 1030; x_wconf 79' lang='lat' dir='ltr'><em>Sergio</em></span> <span class='ocrx_word' id='word_1_27' title='bbox 1152 935 1359 1030; x_wconf 79' lang='lat' dir='ltr'><em>grammati·</em></span> 
     </span>
     <span class='ocr_line' id='line_1_5' title="bbox 337 1053 1358 1160; baseline -0.001 -31"><span class='ocrx_word' id='word_1_28' title='bbox 337 1082 377 1129; x_wconf 86' lang='lat' dir='ltr'><em>co</em></span> <span class='ocrx_word' id='word_1_29' title='bbox 401 1114 416 1142; x_wconf 90' lang='lat'><em>,</em></span> <span class='ocrx_word' id='word_1_30' title='bbox 439 1063 507 1160; x_wconf 79' lang='lat' dir='ltr'><em>qui</em></span> <span class='ocrx_word' id='word_1_31' title='bbox 533 1057 578 1130; x_wconf 87' lang='lat' dir='ltr'><em>de</em></span> <span class='ocrx_word' id='word_1_32' title='bbox 602 1061 783 1129; x_wconf 81' lang='lat' dir='ltr'><em>nominum</em></span> <span class='ocrx_word' id='word_1_33' title='bbox 817 1053 1032 1158; x_wconf 78' lang='lat' dir='ltr'><em>differentiis</em></span> <span class='ocrx_word' id='word_1_34' title='bbox 1065 1081 1175 1154; x_wconf 81' lang='lat' dir='ltr'><em>agens</em></span> <span class='ocrx_word' id='word_1_35' title='bbox 1200 1061 1239 1129; x_wconf 87' lang='lat' dir='ltr'><em>in</em></span> <span class='ocrx_word' id='word_1_36' title='bbox 1265 1081 1358 1130; x_wconf 80' lang='lat' dir='ltr'><em>com</em></span> 
     </span>
     <span class='ocr_line' id='line_1_6' title="bbox 336 1177 1356 1282; baseline -0.001 -30"><span class='ocrx_word' id='word_1_37' title='bbox 336 1185 508 1252; x_wconf 83' lang='lat' dir='ltr'><em>mentario</em></span> <span class='ocrx_word' id='word_1_38' title='bbox 534 1237 551 1266; x_wconf 84' lang='lat'><em>,</em></span> <span class='ocrx_word' id='word_1_39' title='bbox 575 1179 677 1282; x_wconf 80' lang='lat' dir='ltr'><em>quod</em></span> <span class='ocrx_word' id='word_1_40' title='bbox 706 1185 743 1252; x_wconf 84' lang='lat' dir='ltr'><em>in</em></span> <span class='ocrx_word' id='word_1_41' title='bbox 775 1177 965 1251; x_wconf 84' lang='lat' dir='ltr'><em>editionem</em></span> <span class='ocrx_word' id='word_1_42' title='bbox 990 1179 1129 1252; x_wconf 85' lang='lat' dir='ltr'><em>Donati</em></span> <span class='ocrx_word' id='word_1_43' title='bbox 1161 1177 1356 1254; x_wconf 78' lang='lat' dir='ltr'><em>secwrdam</em></span> 
     </span>
    </p>
   </div>
   <div class='ocr_carea' id='block_1_3' title="bbox 336 1300 1479 1407">
    <p class='ocr_par' dir='ltr' id='par_1_3' title="bbox 336 1300 1479 1407">
     <span class='ocr_line' id='line_1_7' title="bbox 336 1300 1479 1407; baseline -0.003 -29"><span class='ocrx_word' id='word_1_44' title='bbox 336 1308 478 1405; x_wconf 78' lang='lat' dir='ltr'><em>scripsit</em></span> <span class='ocrx_word' id='word_1_45' title='bbox 499 1332 510 1375; x_wconf 90' lang='lat'><em>:</em></span> <span class='ocrx_word' id='word_1_46' title='bbox 530 1310 652 1378; x_wconf 84' lang='lat' dir='ltr'><em>senior</em></span> <span class='ocrx_word' id='word_1_47' title='bbox 668 1361 684 1392; x_wconf 86' lang='lat'><em>,</em></span> <span class='ocrx_word' id='word_1_48' title='bbox 710 1308 826 1407; x_wconf 80' lang='lat' dir='ltr'><em>inquit</em></span> <span class='ocrx_word' id='word_1_49' title='bbox 836 1300 859 1389; x_wconf 66' lang='grc' dir='ltr'><em>ἔ,</em></span> <span class='ocrx_word' id='word_1_50' title='bbox 879 1317 919 1375; x_wconf 87' lang='lat' dir='ltr'><em>ut</em></span> <span class='ocrx_word' id='word_1_51' title='bbox 936 1302 1084 1376; x_wconf 80' lang='lat' dir='ltr'><em>Probus</em></span> <span class='ocrx_word' id='word_1_52' title='bbox 1103 1304 1224 1390; x_wconf 87' lang='lat' dir='ltr'><em>dicit,</em></span> <span class='ocrx_word' id='word_1_53' title='bbox 1241 1317 1359 1376; x_wconf 75' lang='lat' dir='ltr'><em>mmen</em></span> <span class='ocrx_word' id='word_1_54' title='bbox 1478 1392 1479 1396; x_wconf 7' lang='grc' dir='ltr'><strong>Ἰ</strong></span> 
     </span>
    </p>
   </div>
   <div class='ocr_carea' id='block_1_4' title="bbox 274 1422 1360 3761">
    <p class='ocr_par' dir='ltr' id='par_1_4' title="bbox 274 1422 1360 3761">
     <span class='ocr_line' id='line_1_8' title="bbox 334 1422 1360 1522; baseline -0.004 -23"><span class='ocrx_word' id='word_1_55' title='bbox 334 1432 475 1522; x_wconf 75' lang='lat' dir='ltr'><em>gesseris</em></span> <span class='ocrx_word' id='word_1_56' title='bbox 493 1431 681 1501; x_wconf 79' lang='lat' dir='ltr'><em>mmcuiini</em></span> <span class='ocrx_word' id='word_1_57' title='bbox 699 1442 759 1500; x_wconf 87' lang='lat' dir='ltr'><em>ert.</em></span> <span class='ocrx_word' id='word_1_58' title='bbox 777 1425 828 1498; x_wconf 90' lang='lat' dir='ltr'><em>Id</em></span> <span class='ocrx_word' id='word_1_59' title='bbox 843 1439 964 1498; x_wconf 85' lang='lat' dir='ltr'><em>autem</em></span> <span class='ocrx_word' id='word_1_60' title='bbox 975 1429 1107 1522; x_wconf 82' lang='lat' dir='ltr'><em>legitur</em></span> <span class='ocrx_word' id='word_1_61' title='bbox 1118 1422 1189 1499; x_wconf 83' lang='lat' dir='ltr'><em>boc</em></span> <span class='ocrx_word' id='word_1_62' title='bbox 1208 1429 1245 1498; x_wconf 78' lang='lat' dir='ltr'><em>in</em></span> <span class='ocrx_word' id='word_1_63' title='bbox 1263 1422 1360 1497; x_wconf 84' lang='lat' dir='ltr'><em>libel·</em></span> 
     </span>
     <span class='ocr_line' id='line_1_9' title="bbox 337 1548 1357 1654; baseline 0 -30"><span class='ocrx_word' id='word_1_64' title='bbox 337 1555 369 1624; x_wconf 86' lang='lat' dir='ltr'><em>lo</em></span> <span class='ocrx_word' id='word_1_65' title='bbox 382 1579 421 1654; x_wconf 86' lang='lat' dir='ltr'><em>p.</em></span> <span class='ocrx_word' id='word_1_66' title='bbox 436 1577 471 1651; x_wconf 88' lang='lat'><em>9.</em></span> <span class='ocrx_word' id='word_1_67' title='bbox 485 1548 832 1626; x_wconf 81' lang='lat' dir='ltr'><em>Proximum&#39;autem</em></span> <span class='ocrx_word' id='word_1_68' title='bbox 854 1550 1124 1650; x_wconf 85' lang='lat' dir='ltr'><em>neapolitanum</em></span> <span class='ocrx_word' id='word_1_69' title='bbox 1145 1549 1304 1624; x_wconf 86' lang='lat' dir='ltr'><em>codicem</em></span> <span class='ocrx_word' id='word_1_70' title='bbox 1322 1577 1357 1625; x_wconf 89' lang='lat' dir='ltr'><em>n.</em></span> 
     </span>
     <span class='ocr_line' id='line_1_10' title="bbox 343 1672 1357 1772; baseline -0.001 -25"><span class='ocrx_word' id='word_1_71' title='bbox 343 1675 397 1753; x_wconf 85' lang='lat'><em>15.</em></span> <span class='ocrx_word' id='word_1_72' title='bbox 410 1675 462 1748; x_wconf 87' lang='lat' dir='ltr'><em>sic</em></span> <span class='ocrx_word' id='word_1_73' title='bbox 475 1673 669 1749; x_wconf 88' lang='lat' dir='ltr'><em>lannellius</em></span> <span class='ocrx_word' id='word_1_74' title='bbox 690 1675 861 1748; x_wconf 80' lang='lat' dir='ltr'><em>describit</em></span> <span class='ocrx_word' id='word_1_75' title='bbox 877 1688 901 1721; x_wconf 89' lang='lat'><strong>“</strong></span> <span class='ocrx_word' id='word_1_76' title='bbox 917 1672 1029 1747; x_wconf 88' lang='lat' dir='ltr'><em>Probi</em></span> <span class='ocrx_word' id='word_1_77' title='bbox 1050 1673 1267 1772; x_wconf 85' lang='lat' dir='ltr'><em>grammatici</em></span> <span class='ocrx_word' id='word_1_78' title='bbox 1281 1700 1357 1763; x_wconf 86' lang='lat' dir='ltr'><em>ars,</em></span> 
     </span>
     <span class='ocr_line' id='line_1_11' title="bbox 339 1798 1357 1901; baseline 0.008 -29"><span class='ocrx_word' id='word_1_79' title='bbox 339 1853 361 1888; x_wconf 88' lang='lat'><em>,‚</em></span> <span class='ocrx_word' id='word_1_80' title='bbox 382 1799 503 1899; x_wconf 88' lang='lat' dir='ltr'><em>etipsa</em></span> <span class='ocrx_word' id='word_1_81' title='bbox 514 1798 558 1872; x_wconf 88' lang='lat' dir='ltr'><em>de</em></span> <span class='ocrx_word' id='word_1_82' title='bbox 571 1799 754 1901; x_wconf 86' lang='lat' dir='ltr'><em>quamodo</em></span> <span class='ocrx_word' id='word_1_83' title='bbox 765 1799 876 1874; x_wconf 80' lang='lat' dir='ltr'><em>locuti</em></span> <span class='ocrx_word' id='word_1_84' title='bbox 889 1799 1088 1877; x_wconf 88' lang='lat' dir='ltr'><em>sumus.Ad</em></span> <span class='ocrx_word' id='word_1_85' title='bbox 1103 1799 1239 1874; x_wconf 82' lang='lat' dir='ltr'><em>calcem</em></span> <span class='ocrx_word' id='word_1_86' title='bbox 1251 1801 1357 1880; x_wconf 82' lang='lat' dir='ltr'><em>haec:</em></span> 
     </span>
     <span class='ocr_line' id='line_1_12' title="bbox 338 1919 1359 2021; baseline 0.002 -28"><span class='ocrx_word' id='word_1_87' title='bbox 338 1977 362 2010; x_wconf 86' lang='lat'><em>‚,</em></span> <span class='ocrx_word' id='word_1_88' title='bbox 379 1949 465 1995; x_wconf 78' lang='lat' dir='ltr'><em>rums</em></span> <span class='ocrx_word' id='word_1_89' title='bbox 475 1948 579 1996; x_wconf 80' lang='lat' dir='ltr'><em>raom.</em></span> <span class='ocrx_word' id='word_1_90' title='bbox 592 1978 616 2011; x_wconf 90' lang='lat'>„</span> <span class='ocrx_word' id='word_1_91' title='bbox 629 1919 753 1996; x_wconf 87' lang='lat' dir='ltr'><em>Priore</em></span> <span class='ocrx_word' id='word_1_92' title='bbox 766 1923 878 2021; x_wconf 82' lang='lat' dir='ltr'><em>igitur</em></span> <span class='ocrx_word' id='word_1_93' title='bbox 891 1921 1016 1998; x_wconf 89' lang='lat' dir='ltr'><em>codice</em></span> <span class='ocrx_word' id='word_1_94' title='bbox 1030 1937 1143 1995; x_wconf 74' lang='lat' dir='ltr'><em>artem</em></span> <span class='ocrx_word' id='word_1_95' title='bbox 1152 1919 1263 1995; x_wconf 87' lang='lat' dir='ltr'><em>Probi</em></span> <span class='ocrx_word' id='word_1_96' title='bbox 1276 1951 1359 1996; x_wconf 89' lang='lat' dir='ltr'><em>con-</em></span> 
     </span>
     <span class='ocr_line' id='line_1_13' title="bbox 335 2041 1354 2146; baseline 0.005 -31"><span class='ocrx_word' id='word_1_97' title='bbox 335 2041 443 2117; x_wconf 86' lang='lat' dir='ltr'><em>tineri</em></span> <span class='ocrx_word' id='word_1_98' title='bbox 462 2042 622 2117; x_wconf 85' lang='lat' dir='ltr'><em>adfirmat</em></span> <span class='ocrx_word' id='word_1_99' title='bbox 641 2042 873 2139; x_wconf 83' lang='lat' dir='ltr'><em>Parrhasius3</em></span> <span class='ocrx_word' id='word_1_100' title='bbox 899 2046 1097 2146; x_wconf 89' lang='lat' dir='ltr'><em>posteriore</em></span> <span class='ocrx_word' id='word_1_101' title='bbox 1118 2061 1263 2134; x_wconf 88' lang='lat' dir='ltr'><em>autem,</em></span> <span class='ocrx_word' id='word_1_102' title='bbox 1291 2063 1354 2120; x_wconf 87' lang='lat' dir='ltr'><em>tes·</em></span> 
     </span>
     <span class='ocr_line' id='line_1_14' title="bbox 335 2168 1356 2272; baseline 0.004 -32"><span class='ocrx_word' id='word_1_103' title='bbox 335 2184 429 2244; x_wconf 84' lang='lat' dir='ltr'><em>tatur</em></span> <span class='ocrx_word' id='word_1_104' title='bbox 454 2169 527 2268; x_wconf 84' lang='lat' dir='ltr'><em>ipse</em></span> <span class='ocrx_word' id='word_1_105' title='bbox 548 2168 674 2242; x_wconf 86' lang='lat' dir='ltr'><em>titulus</em></span> <span class='ocrx_word' id='word_1_106' title='bbox 695 2169 740 2241; x_wconf 88' lang='lat' dir='ltr'><em>ab</em></span> <span class='ocrx_word' id='word_1_107' title='bbox 760 2171 969 2244; x_wconf 84' lang='lat' dir='ltr'><em>amanuensi</em></span> <span class='ocrx_word' id='word_1_108' title='bbox 990 2171 1109 2271; x_wconf 90' lang='lat' dir='ltr'><em>prisco</em></span> <span class='ocrx_word' id='word_1_109' title='bbox 1127 2170 1356 2272; x_wconf 82' lang='lat' dir='ltr'><em>perscriptus.</em></span> 
     </span>
     <span class='ocr_line' id='line_1_15' title="bbox 336 2289 1358 2394; baseline 0.006 -29"><span class='ocrx_word' id='word_1_110' title='bbox 336 2289 428 2392; x_wconf 86' lang='lat' dir='ltr'><em>Ergo</em></span> <span class='ocrx_word' id='word_1_111' title='bbox 453 2294 483 2366; x_wconf 88' lang='lat' dir='ltr'><em>si</em></span> <span class='ocrx_word' id='word_1_112' title='bbox 508 2293 750 2394; x_wconf 85' lang='lat' dir='ltr'><em>neapolitanus</em></span> <span class='ocrx_word' id='word_1_113' title='bbox 778 2313 875 2368; x_wconf 80' lang='lat' dir='ltr'><em>certe</em></span> <span class='ocrx_word' id='word_1_114' title='bbox 903 2295 1151 2394; x_wconf 80' lang='lat' dir='ltr'><em>grammaticus</em></span> <span class='ocrx_word' id='word_1_115' title='bbox 1172 2323 1254 2370; x_wconf 91' lang='lat' dir='ltr'><em>cum</em></span> <span class='ocrx_word' id='word_1_116' title='bbox 1272 2298 1358 2371; x_wconf 84' lang='lat' dir='ltr'><em>vati-</em></span> 
     </span>
     <span class='ocr_line' id='line_1_16' title="bbox 336 2416 1357 2515; baseline 0.003 -25"><span class='ocrx_word' id='word_1_117' title='bbox 336 2444 421 2492; x_wconf 88' lang='lat' dir='ltr'><em>cano</em></span> <span class='ocrx_word' id='word_1_118' title='bbox 447 2417 492 2491; x_wconf 88' lang='lat' dir='ltr'><em>ad</em></span> <span class='ocrx_word' id='word_1_119' title='bbox 518 2416 675 2489; x_wconf 81' lang='lat' dir='ltr'><em>litteram</em></span> <span class='ocrx_word' id='word_1_120' title='bbox 695 2418 879 2490; x_wconf 87' lang='lat' dir='ltr'><em>universus</em></span> <span class='ocrx_word' id='word_1_121' title='bbox 901 2418 1066 2515; x_wconf 85' lang='lat' dir='ltr'><em>congruit</em></span> <span class='ocrx_word' id='word_1_122' title='bbox 1089 2474 1099 2508; x_wconf 90' lang='lat'>,</span> <span class='ocrx_word' id='word_1_123' title='bbox 1126 2417 1289 2498; x_wconf 87' lang='lat' dir='ltr'><em>Probum</em></span> <span class='ocrx_word' id='word_1_124' title='bbox 1309 2437 1357 2493; x_wconf 87' lang='lat' dir='ltr'><em>te·</em></span> 
     </span>
     <span class='ocr_line' id='line_1_17' title="bbox 335 2538 1354 2632; baseline 0.004 -20"><span class='ocrx_word' id='word_1_125' title='bbox 335 2566 469 2615; x_wconf 89' lang='lat' dir='ltr'><em>nemus.</em></span> <span class='ocrx_word' id='word_1_126' title='bbox 490 2539 556 2616; x_wconf 86' lang='grc' dir='ltr'><strong>ΙΙΙ.</strong></span> <span class='ocrx_word' id='word_1_127' title='bbox 567 2538 753 2614; x_wconf 78' lang='lat' dir='ltr'><em>bobiensis</em></span> <span class='ocrx_word' id='word_1_128' title='bbox 776 2540 913 2631; x_wconf 81' lang='lat' dir='ltr'><em>codex,</em></span> <span class='ocrx_word' id='word_1_129' title='bbox 932 2570 1034 2616; x_wconf 89' lang='lat' dir='ltr'><em>nunc</em></span> <span class='ocrx_word' id='word_1_130' title='bbox 1053 2541 1354 2632; x_wconf 84' lang='lat' dir='ltr'><em>vindobonensis,</em></span> 
     </span>
     <span class='ocr_line' id='line_1_18' title="bbox 336 2665 1356 2765; baseline 0.003 -29"><span class='ocrx_word' id='word_1_131' title='bbox 336 2692 378 2737; x_wconf 80' lang='lat' dir='ltr'><em>cx</em></span> <span class='ocrx_word' id='word_1_132' title='bbox 392 2691 467 2765; x_wconf 88' lang='lat' dir='ltr'><em>quo</em></span> <span class='ocrx_word' id='word_1_133' title='bbox 483 2693 598 2765; x_wconf 87' lang='lat' dir='ltr'><em>nuper</em></span> <span class='ocrx_word' id='word_1_134' title='bbox 615 2665 677 2739; x_wconf 82' lang='lat' dir='ltr'><em>vir.</em></span> <span class='ocrx_word' id='word_1_135' title='bbox 689 2665 834 2742; x_wconf 86' lang='lat' dir='ltr'><em>cl.Frid.</em></span> <span class='ocrx_word' id='word_1_136' title='bbox 848 2665 1119 2740; x_wconf 89' lang='lat' dir='ltr'><em>Lindemannus</em></span> <span class='ocrx_word' id='word_1_137' title='bbox 1130 2665 1241 2739; x_wconf 89' lang='lat' dir='ltr'><em>Probi</em></span> <span class='ocrx_word' id='word_1_138' title='bbox 1261 2667 1356 2742; x_wconf 88' lang='lat' dir='ltr'><em>insti-</em></span> 
     </span>
     <span class='ocr_line' id='line_1_19' title="bbox 333 2788 1354 2888; baseline 0.004 -27"><span class='ocrx_word' id='word_1_139' title='bbox 333 2789 491 2863; x_wconf 89' lang='lat' dir='ltr'><em>tutiones</em></span> <span class='ocrx_word' id='word_1_140' title='bbox 506 2788 638 2864; x_wconf 90' lang='lat' dir='ltr'><em>iamdiu</em></span> <span class='ocrx_word' id='word_1_141' title='bbox 652 2791 811 2888; x_wconf 86' lang='lat' dir='ltr'><em>cognitas</em></span> <span class='ocrx_word' id='word_1_142' title='bbox 827 2790 1108 2865; x_wconf 86' lang='lat' dir='ltr'><em>emendatissime</em></span> <span class='ocrx_word' id='word_1_143' title='bbox 1125 2791 1283 2881; x_wconf 83' lang='lat' dir='ltr'><em>recudit,</em></span> <span class='ocrx_word' id='word_1_144' title='bbox 1300 2820 1354 2865; x_wconf 89' lang='lat' dir='ltr'><em>ae·</em></span> 
     </span>
     <span class='ocr_line' id='line_1_20' title="bbox 335 2911 1356 3014; baseline 0.007 -31"><span class='ocrx_word' id='word_1_145' title='bbox 335 2925 402 2984; x_wconf 84' lang='lat' dir='ltr'><em>tate</em></span> <span class='ocrx_word' id='word_1_146' title='bbox 424 2969 435 3002; x_wconf 91' lang='lat'>‚</span> <span class='ocrx_word' id='word_1_147' title='bbox 460 2911 662 2985; x_wconf 86' lang='lat' dir='ltr'><em>litterarum</em></span> <span class='ocrx_word' id='word_1_148' title='bbox 682 2914 819 3003; x_wconf 81' lang='lat' dir='ltr'><em>forma,</em></span> <span class='ocrx_word' id='word_1_149' title='bbox 848 2913 973 2987; x_wconf 88' lang='lat' dir='ltr'><em>ceteris</em></span> <span class='ocrx_word' id='word_1_150' title='bbox 992 2913 1276 3014; x_wconf 84' lang='lat' dir='ltr'><em>palaeographiae</em></span> <span class='ocrx_word' id='word_1_151' title='bbox 1299 2944 1356 2990; x_wconf 89' lang='lat' dir='ltr'><em>co·</em></span> 
     </span>
     <span class='ocr_line' id='line_1_21' title="bbox 332 3031 1354 3135; baseline 0.005 -29"><span class='ocrx_word' id='word_1_152' title='bbox 332 3031 493 3122; x_wconf 88' lang='lat' dir='ltr'><em>loribus,</em></span> <span class='ocrx_word' id='word_1_153' title='bbox 517 3051 703 3133; x_wconf 88' lang='lat' dir='ltr'><em>tantopere</em></span> <span class='ocrx_word' id='word_1_154' title='bbox 723 3036 904 3135; x_wconf 85' lang='lat' dir='ltr'><em>conspirat</em></span> <span class='ocrx_word' id='word_1_155' title='bbox 923 3063 1008 3109; x_wconf 90' lang='lat' dir='ltr'><em>cum</em></span> <span class='ocrx_word' id='word_1_156' title='bbox 1026 3037 1213 3126; x_wconf 84' lang='lat' dir='ltr'><em>vaticano,</em></span> <span class='ocrx_word' id='word_1_157' title='bbox 1233 3055 1275 3111; x_wconf 87' lang='lat' dir='ltr'><em>ut</em></span> <span class='ocrx_word' id='word_1_158' title='bbox 1293 3036 1354 3111; x_wconf 92' lang='lat' dir='ltr'><em>hic</em></span> 
     </span>
     <span class='ocr_line' id='line_1_22' title="bbox 332 3155 1354 3260; baseline 0.007 -31"><span class='ocrx_word' id='word_1_159' title='bbox 332 3157 429 3256; x_wconf 90' lang='lat' dir='ltr'><em>prior</em></span> <span class='ocrx_word' id='word_1_160' title='bbox 448 3184 595 3257; x_wconf 89' lang='lat' dir='ltr'><em>operum</em></span> <span class='ocrx_word' id='word_1_161' title='bbox 615 3155 725 3230; x_wconf 92' lang='lat' dir='ltr'><em>Probi</em></span> <span class='ocrx_word' id='word_1_162' title='bbox 746 3175 865 3234; x_wconf 87' lang='lat' dir='ltr'><em>tomus</em></span> <span class='ocrx_word' id='word_1_163' title='bbox 888 3218 898 3250; x_wconf 89' lang='lat'>,</span> <span class='ocrx_word' id='word_1_164' title='bbox 926 3158 986 3232; x_wconf 90' lang='lat' dir='ltr'><em>ille</em></span> <span class='ocrx_word' id='word_1_165' title='bbox 1005 3161 1180 3260; x_wconf 85' lang='lat' dir='ltr'><em>posterior</em></span> <span class='ocrx_word' id='word_1_166' title='bbox 1201 3189 1278 3235; x_wconf 86' lang='lat' dir='ltr'><em>esse</em></span> <span class='ocrx_word' id='word_1_167' title='bbox 1304 3162 1354 3236; x_wconf 85' lang='lat' dir='ltr'><em>vi·</em></span> 
     </span>
     <span class='ocr_line' id='line_1_23' title="bbox 333 3279 1353 3383; baseline 0.004 -31"><span class='ocrx_word' id='word_1_168' title='bbox 333 3279 468 3354; x_wconf 76' lang='lat' dir='ltr'><em>dentur.</em></span> <span class='ocrx_word' id='word_1_169' title='bbox 480 3280 575 3356; x_wconf 87' lang='lat' dir='ltr'><em>Nam</em></span> <span class='ocrx_word' id='word_1_170' title='bbox 593 3280 704 3355; x_wconf 90' lang='lat' dir='ltr'><em>Probi</em></span> <span class='ocrx_word' id='word_1_171' title='bbox 723 3282 868 3382; x_wconf 90' lang='lat' dir='ltr'><em>quidem</em></span> <span class='ocrx_word' id='word_1_172' title='bbox 887 3283 1098 3383; x_wconf 89' lang='lat' dir='ltr'><em>impressum</em></span> <span class='ocrx_word' id='word_1_173' title='bbox 1117 3311 1204 3383; x_wconf 86' lang='lat' dir='ltr'><em>opus</em></span> <span class='ocrx_word' id='word_1_174' title='bbox 1223 3285 1261 3356; x_wconf 88' lang='lat' dir='ltr'><em>in</em></span> <span class='ocrx_word' id='word_1_175' title='bbox 1283 3310 1353 3357; x_wconf 89' lang='lat' dir='ltr'><em>me-</em></span> 
     </span>
     <span class='ocr_line' id='line_1_24' title="bbox 327 3406 1350 3507; baseline 0.004 -29"><span class='ocrx_word' id='word_1_176' title='bbox 327 3406 426 3480; x_wconf 84' lang='lat' dir='ltr'><em>tricis</em></span> <span class='ocrx_word' id='word_1_177' title='bbox 451 3408 582 3507; x_wconf 81' lang='lat' dir='ltr'><em>regulis</em></span> <span class='ocrx_word' id='word_1_178' title='bbox 607 3409 738 3482; x_wconf 84' lang='lat' dir='ltr'><em>versari</em></span> <span class='ocrx_word' id='word_1_179' title='bbox 757 3427 870 3485; x_wconf 87' lang='lat' dir='ltr'><em>totum</em></span> <span class='ocrx_word' id='word_1_180' title='bbox 889 3410 1048 3485; x_wconf 82' lang='lat' dir='ltr'><em>videmus</em></span> <span class='ocrx_word' id='word_1_181' title='bbox 1072 3440 1081 3505; x_wconf 85' lang='lat'>3</span> <span class='ocrx_word' id='word_1_182' title='bbox 1108 3428 1143 3482; x_wconf 82' lang='lat' dir='ltr'><em>at</em></span> <span class='ocrx_word' id='word_1_183' title='bbox 1168 3411 1350 3484; x_wconf 81' lang='lat' dir='ltr'><em>vaticanus</em></span> 
     </span>
     <span class='ocr_line' id='line_1_25' title="bbox 327 3534 1351 3637; baseline 0.008 -31"><span class='ocrx_word' id='word_1_184' title='bbox 327 3534 575 3631; x_wconf 79' lang='lat' dir='ltr'><em>grammaticus</em></span> <span class='ocrx_word' id='word_1_185' title='bbox 602 3535 646 3608; x_wconf 91' lang='lat' dir='ltr'><em>de</em></span> <span class='ocrx_word' id='word_1_186' title='bbox 672 3564 774 3635; x_wconf 83' lang='lat' dir='ltr'><em>prosa</em></span> <span class='ocrx_word' id='word_1_187' title='bbox 799 3565 937 3637; x_wconf 87' lang='lat' dir='ltr'><em>semper</em></span> <span class='ocrx_word' id='word_1_188' title='bbox 965 3537 1122 3610; x_wconf 87' lang='lat' dir='ltr'><em>oratione</em></span> <span class='ocrx_word' id='word_1_189' title='bbox 1144 3535 1242 3633; x_wconf 85' lang='lat' dir='ltr'><em>agit3</em></span> <span class='ocrx_word' id='word_1_190' title='bbox 1262 3537 1351 3613; x_wconf 89' lang='lat' dir='ltr'><em>illud</em></span> 
     </span>
     <span class='ocr_line' id='line_1_26' title="bbox 274 3658 1350 3761; baseline 0.001 -28"><span class='ocrx_word' id='word_1_191' title='bbox 274 3659 276 3664; x_wconf 60' lang='grc'>’</span> <span class='ocrx_word' id='word_1_192' title='bbox 328 3687 407 3733; x_wconf 82' lang='lat' dir='ltr'><em>vcro</em></span> <span class='ocrx_word' id='word_1_193' title='bbox 427 3659 473 3732; x_wconf 85' lang='lat' dir='ltr'><em>de</em></span> <span class='ocrx_word' id='word_1_194' title='bbox 500 3661 623 3733; x_wconf 85' lang='lat' dir='ltr'><em>metris</em></span> <span class='ocrx_word' id='word_1_195' title='bbox 649 3690 736 3761; x_wconf 89' lang='lat' dir='ltr'><em>opus</em></span> <span class='ocrx_word' id='word_1_196' title='bbox 767 3720 776 3752; x_wconf 93' lang='lat'>‚</span> <span class='ocrx_word' id='word_1_197' title='bbox 803 3692 822 3734; x_wconf 85' lang='lat' dir='ltr'><em>a</em></span> <span class='ocrx_word' id='word_1_198' title='bbox 849 3690 887 3734; x_wconf 88' lang='lat' dir='ltr'><em>se</em></span> <span class='ocrx_word' id='word_1_199' title='bbox 913 3659 1047 3733; x_wconf 91' lang='lat' dir='ltr'><em>deinde</em></span> <span class='ocrx_word' id='word_1_200' title='bbox 1076 3658 1309 3736; x_wconf 88' lang='lat' dir='ltr'><em>scribendum</em></span> <span class='ocrx_word' id='word_1_201' title='bbox 1340 3721 1350 3753; x_wconf 92' lang='lat'>,</span> 
     </span>
    </p>
   </div>
   <div class='ocr_carea' id='block_1_5' title="bbox 326 3787 1353 4007">
    <p class='ocr_par' dir='ltr' id='par_1_5' title="bbox 326 3787 1353 4007">
     <span class='ocr_line' id='line_1_27' title="bbox 328 3787 1353 3894; baseline 0.002 -33"><span class='ocrx_word' id='word_1_202' title='bbox 328 3787 526 3889; x_wconf 87' lang='lat' dir='ltr'><em>saepissime</em></span> <span class='ocrx_word' id='word_1_203' title='bbox 552 3788 735 3894; x_wconf 79' lang='lat' dir='ltr'><em>nominat.</em></span> <span class='ocrx_word' id='word_1_204' title='bbox 763 3789 808 3862; x_wconf 92' lang='lat' dir='ltr'><em>In</em></span> <span class='ocrx_word' id='word_1_205' title='bbox 836 3788 1001 3862; x_wconf 88' lang='lat' dir='ltr'><em>bobiensi</em></span> <span class='ocrx_word' id='word_1_206' title='bbox 1026 3805 1207 3886; x_wconf 87' lang='lat' dir='ltr'><em>praeterea</em></span> <span class='ocrx_word' id='word_1_207' title='bbox 1234 3817 1353 3890; x_wconf 88' lang='lat' dir='ltr'><em>supra·</em></span> 
     </span>
     <span class='ocr_line' id='line_1_28' title="bbox 326 3909 1352 4007; baseline -0.002 -21"><span class='ocrx_word' id='word_1_208' title='bbox 326 3913 418 3988; x_wconf 87' lang='lat' dir='ltr'><em>dicto</em></span> <span class='ocrx_word' id='word_1_209' title='bbox 444 3909 574 3985; x_wconf 87' lang='lat' dir='ltr'><em>codice</em></span> <span class='ocrx_word' id='word_1_210' title='bbox 595 3910 781 3987; x_wconf 81' lang='lat' dir='ltr'><em>inventum</em></span> <span class='ocrx_word' id='word_1_211' title='bbox 800 3913 850 3986; x_wconf 86' lang='lat' dir='ltr'><em>ait</em></span> <span class='ocrx_word' id='word_1_212' title='bbox 871 3913 912 3986; x_wconf 88' lang='lat' dir='ltr'><em>cl.</em></span> <span class='ocrx_word' id='word_1_213' title='bbox 931 3910 1203 3985; x_wconf 89' lang='lat' dir='ltr'><em>Lindemannus</em></span> <span class='ocrx_word' id='word_1_214' title='bbox 1223 3925 1247 3957; x_wconf 90' lang='lat'><strong>“</strong></span> <span class='ocrx_word' id='word_1_215' title='bbox 1263 3915 1352 4007; x_wconf 85' lang='lat' dir='ltr'><em>frag-</em></span> 
     </span>
    </p>
   </div>
   <div class='ocr_carea' id='block_1_6' title="bbox 335 4030 1360 4143">
    <p class='ocr_par' dir='ltr' id='par_1_6' title="bbox 335 4030 1360 4143">
     <span class='ocr_line' id='line_1_29' title="bbox 335 4030 1360 4143; baseline -0.007 -30"><span class='ocrx_word' id='word_1_216' title='bbox 335 4096 357 4127; x_wconf 87' lang='lat'><strong>„</strong></span> <span class='ocrx_word' id='word_1_217' title='bbox 379 4054 547 4115; x_wconf 84' lang='lat' dir='ltr'><em>mentum</em></span> <span class='ocrx_word' id='word_1_218' title='bbox 559 4030 827 4134; x_wconf 83' lang='lat' dir='ltr'><em>grammaticum</em></span> <span class='ocrx_word' id='word_1_219' title='bbox 841 4035 1231 4143; x_wconf 85' lang='lat' dir='ltr'><em>aliquotplagularum,</em></span> <span class='ocrx_word' id='word_1_220' title='bbox 1255 4033 1360 4137; x_wconf 89' lang='lat' dir='ltr'><em>quod</em></span> 
     </span>
    </p>
   </div>
   <div class='ocr_carea' id='block_1_7' title="bbox 0 0 1696 5206">
    <p class='ocr_par' dir='ltr' id='par_1_7' title="bbox 0 0 1696 5206">
     <span class='ocr_line' id='line_1_30' title="bbox 0 0 1696 5206; baseline 0 2"><span class='ocrx_word' id='word_1_221' title='bbox 0 0 1696 5206; x_wconf 95' lang='lat' dir='ltr'><em> </em></span> 
     </span>
    </p>
   </div>
  </div>
 </body>
</html>
