3382 5206
541 584 585 631 au
611 581 784 631 rarorum
810 581 885 629 mr.
1124 554 1189 646 4η

198 692 305 760 Altior
324 710 358 758 ut
382 687 490 758 cuncli
510 695 601 782 regni
625 716 681 757 rex
700 716 782 758 unus
803 689 928 756 bonore

265 801 359 869 More
377 800 441 866 fide
461 798 565 866 forma
588 800 733 882 Caesar,
751 815 786 863 ut
805 813 906 887 opto,
928 796 1028 884 prior.

197 906 259 990 Qui
279 907 341 970 sibi
368 908 546 995 praesentis
570 906 660 995 regni
684 919 884 970 concesserat
915 925 1048 984 arcem,

265 1009 353 1080 Arce
376 1012 443 1103 poli
466 1037 631 1080 summum
653 1011 706 1077 det
724 1011 787 1076 sibi
815 1033 911 1098 posco
932 1008 1041 1075 locum
1058 1010 1100 1073 *.

197 1117 337 1207 Exiguus
363 1121 429 1208 regi
455 1142 592 1208 parvum
620 1142 707 1184 nunc
727 1115 832 1185 reddo
852 1114 1001 1182 libellum

267 1221 451 1289 Colleetum
476 1247 512 1289 ex
535 1223 631 1290 uariis
651 1222 732 1287 llore
755 1236 902 1287 comante
926 1221 1015 1285 rosis.

554 1436 611 1501 lV·
631 1453 674 1502 ao
699 1454 849 1501 eruore.

199 1570 392 1705 Laudibus
415 1641 537 1708 eximiis
562 1642 771 1708 celebrantur
792 1636 920 1704 saecula
946 1638 1079 1726 prisca,

193 1802 196 1807 ⁴
267 1744 438 1834 Omoeque
461 1749 670 1832 praeteritum
699 1742 885 1836 gratificare
912 1741 1004 1810 solet.

200 1849 286 1914 Cum
308 1867 434 1916 moveat
454 1875 603 1939 praeseus
625 1850 773 1918 clamosis
800 1874 857 1917 ora
881 1847 1053 1939 loquellis,

268 1953 434 2048 Adgravct
460 1975 493 2022 et
511 1958 619 2048 plebis
645 1958 744 2026 corda
765 1958 897 2024 molesta
925 1956 1001 2023 dies.

200 2063 348 2130 Credere
368 2088 451 2154 quae
478 2089 546 2131 sese
573 2064 706 2132 incertis
734 2064 938 2151 successibus}
952 2063 1064 2146 ultro,

266 2166 334 2235 Aut
361 2171 458 2235 etiam
482 2170 581 2234 nimia
601 2193 725 2260 speque
746 2166 853 2235 sutura
875 2170 971 2258 capit.

200 2276 270 2341 Hoc
296 2275 441 2344 homines
468 2279 555 2345 inter
582 2277 702 2366 passim
722 2277 880 2366 contingit
901 2275 1018 2340 baberi

266 2385 398 2449 Rumori
428 2402 573 2448 veterum
596 2383 715 2449 cedere
739 2382 824 2448 lama
848 2407 942 2450 nova.

200 2489 303 2556 Nobis
325 2515 342 2556 e
366 2508 479 2556 contra
508 2490 588 2558 ordo
610 2509 656 2558 est
682 2508 897 2558 commutatus
914 2506 946 2558 et
965 2515 1063 2574 usus,

267 2597 385 2663 Priscis
405 2620 555 2686 quaeque
582 2615 689 2664 extant
717 2614 866 2685 tempora
887 2594 1109 2686 praeferimus.

201 2700 239 2766 lu
265 2706 338 2790 quls
365 2701 550 2768 romuleum
577 2727 702 2768 summa
730 2705 850 2769 virtute
870 2704 1032 2794 gubernat

268 2805 448 2894 Imperium
468 2806 618 2875 dominus
642 2806 797 2897 pacificus
820 2807 980 2892 Karolus,

201 2916 262 2982 Cui
287 2917 407 2983 cedunt
427 2941 578 3005 proceres
601 2936 633 2985 et
652 2917 757 3008 gloria
786 2919 869 2985 celso
888 2922 1035 3009 priorum
1055 2965 1066 3000 ‚

270 3022 353 3090 Solis
376 3022 619 3087 obumbrantur
637 3022 744 3088 sidera
770 3048 830 3088 ceu
858 3022 978 3107 radiis,

200 3128 352 3196 Flumina
376 3153 436 3194 ceu
457 3129 558 3211 Nilo,
588 3129 687 3197 colles
707 3131 884 3196 vincuntur
907 3129 1051 3222 Olympo

268 3235 414 3326 Argento
435 3237 586 3303 obrizum
606 3235 678 3324 plus
695 3236 782 3304 velut
802 3261 858 3306 ore
877 3239 972 3305 uitet.

198 3341 277 3422 Sic,
307 3340 476 3432 Auguste,
496 3343 555 3408 tibi
590 3343 767 3408 ecditiam
795 3345 936 3411 maxime
958 3366 1099 3434 regum,

266 3450 368 3513 Fama
395 3448 487 3538 vigor
509 3448 610 3514 virtus
632 3447 735 3541 gloria
758 3473 880 3513 nomeu
907 3448 1024 3516 bonor·

199 3549 337 3640 Singula
359 3577 434 3617 nam
452 3551 587 3642 reliquis
611 3556 769 3618 virtutum
790 3553 875 3619 dona
903 3552 1114 3634 redundant,

268 3658 307 3721 ln
334 3675 366 3722 te
391 3675 508 3723 cuncta
536 3658 624 3726 ridet
648 3660 783 3748 quisquc
806 3658 950 3726 notando
977 3660 1107 3749 probat.

197 3759 280 3826 Suut
301 3785 381 3850 quos
407 3761 510 3828 forma
540 3761 681 3846 decens,
708 3762 787 3831 alios
815 3781 946 3831 ventosa
967 3760 1114 3854 loquella

265 3869 395 3936 Nobilis
419 3888 473 3935 aut
496 3871 625 3961 sanguis
647 3871 800 3939 dextrave
822 3887 927 3939 marte
947 3888 1059 3961 potens
