3382 5206
730 585 775 632 ΒΕ
808 584 962 632 NOMINE·

325 687 362 741 ris
374 684 512 740 masculini
531 684 654 742 nomina,
666 702 735 755 quae
746 685 816 738 abla-

329 778 384 830 tivo
406 793 468 827 casu
495 774 597 826 numeri
620 774 759 839 singularis
783 793 817 826 ·o·

327 863 418 916 littera
433 863 622 917 terminantur.
633 874 660 914 et
675 863 821 914 nominati-

325 967 361 1000 vo
379 966 441 1000 casu
461 948 562 1000 numeri
583 949 726 1014 singularis
754 968 819 1002 eus·

329 1037 427 1090 litteris
448 1037 624 1094 definiuntur,
636 1039 667 1089 arl
676 1041 821 1109 exemplum

327 1123 422 1175 Ilionei
446 1141 492 1192 per
511 1142 600 1176 omnes
628 1142 722 1177 easuus
741 1124 822 1176 deeli-

331 1222 439 1264 nantur.
451 1213 527 1263 Nunc
541 1215 568 1264 in
584 1210 634 1263 liae
643 1214 822 1282 suprascripta

331 1295 414 1349 lotura
433 1298 590 1365 quaeritur,
616 1317 669 1366 qua
688 1299 722 1351 de
743 1317 822 1351 causa

330 1387 468 1439 vocativus
488 1405 565 1440 casus
584 1390 687 1441 numeri
702 1389 821 1456 singula-

328 1474 365 1527 ris
384 1493 430 1544 per
447 1475 514 1528 duas
534 1494 567 1528 ·e·
596 1477 699 1529 litteras
727 1494 821 1547 reppe-

329 1561 417 1613 riatur
429 1562 508 1615 scribi
518 1561 529 1613 l
544 1565 593 1616 hac
604 1565 637 1615 de
648 1581 726 1616 causa
743 1600 749 1621 ‚
760 1582 823 1632 quo·

330 1651 402 1702 niam
423 1670 604 1721 quaecumque
622 1654 726 1706 nomina
748 1670 822 1719 gene·

328 1737 364 1790 ris
381 1739 519 1791 masculini
538 1738 654 1791 ablativo
678 1756 742 1791 casu
770 1758 823 1791 nu·

329 1824 393 1877 meri
413 1825 554 1892 singularis
574 1845 608 1878 ·e·
628 1827 718 1879 littera
736 1837 821 1879 tenur-

330 1927 443 1972 nantur‚
460 1925 488 1968 ct
506 1916 670 1969 nominative
688 1934 749 1968 casu
768 1935 820 1968 nu-

331 2002 393 2054 meri
412 2002 553 2067 singularis
573 2020 640 2055 ·cus·
664 2003 760 2056 litteris
779 2005 821 2056 de·

331 2086 460 2139 finiuntur
471 2125 478 2145 ‚
490 2087 555 2139 hace
574 2099 683 2158 excepto
701 2090 821 2155 genetivo

330 2189 391 2227 casu
411 2176 512 2227 numeri
530 2177 640 2246 pluralis
660 2196 706 2248 per
721 2189 821 2230 ceteros

331 2277 425 2314 casuus
444 2264 502 2333 pari
525 2283 633 2318 numero
663 2265 822 2334 syllabarum

329 2347 491 2401 scribuntur.

344 2440 434 2499 ,item
459 2441 487 2492 iu
512 2442 562 2492 hac
588 2440 741 2511 supradicta
768 2441 822 2496 ler-

330 2540 373 2575 ma
396 2526 447 2578 hec
474 2544 630 2586 monemus.
665 2528 740 2596 quod
767 2529 822 2581 sint

331 2611 421 2682 aliqua
451 2616 557 2667 nomina
590 2634 659 2685 quae
691 2618 821 2670 interdum

331 2713 436 2771 propter
465 2715 548 2756 metra
570 2740 577 2761 .
607 2706 648 2757 vel
677 2712 823 2759 structuras

331 2804 363 2838 ex
381 2787 499 2842 ablativo
517 2809 576 2843 casu
593 2793 693 2843 numeri
712 2794 824 2859 singula-

331 2873 368 2925 ris
385 2894 418 2928 οο.
443 2877 563 2929 ultimum
589 2891 616 2931 et
644 2880 670 2930 in
692 2898 755 2929 uun·
777 2881 824 2931 lit-

332 2971 399 3013 teras
420 2977 572 3018 convertant
590 3000 598 3023 ,
625 2978 654 3019 ut
675 2967 823 3034 genetivum

331 3066 420 3102 casum
439 3055 539 3104 numeri
561 3057 669 3124 pluralis
688 3060 821 3115 cllieiant.

332 3147 364 3189 ut
390 3151 456 3208 puta
486 3141 520 3192 ab
549 3142 598 3194 hoc
627 3146 698 3201 Deo.
727 3147 820 3199 lrnrum

331 3223 421 3276 Deum·
435 3228 483 3279 Sed
497 3241 524 3281 et.
544 3248 612 3299 quac
632 3233 686 3283 siut
698 3234 821 3291 uomina.

332 3320 426 3379 etqua
444 3313 478 3366 de
506 3333 584 3368 causa
611 3337 643 3370 cx
668 3322 821 3389 supradicta

332 3413 393 3447 casu
413 3398 544 3453 interdurn
564 3417 670 3474 propter
684 3419 764 3459 ructra
780 3409 820 3460 vel

331 3495 476 3540 structuras
497 3509 532 3542 ·o·
547 3493 666 3544 ultirnurn
678 3507 704 3546 ct
718 3499 744 3547 in
758 3516 819 3548 ·uru·

330 3574 432 3628 litteras
446 3593 615 3639 convertant,
631 3595 661 3634 ut
675 3589 821 3649 genetivum

330 3678 418 3714 casum
437 3671 538 3721 numeri
558 3672 667 3741 pluralis
692 3676 821 3733 eliciant,

330 3752 380 3805 hnc
392 3754 418 3806 in
433 3759 524 3811 metris
551 3763 589 3813 vel
610 3767 749 3818 structuris
763 3784 822 3819 con-

332 3853 452 3911 petentcr
461 3848 643 3905 tractabimus.

367 3935 431 3987 item
441 3936 467 3987 in
478 3936 527 3988 hac
546 3943 722 4011 suprascripta
738 3942 819 3997 forma

330 4017 380 4075 laec
403 4041 548 4084 monemus.
567 4028 639 4094 quod
667 4029 716 4082 hoc
739 4049 819 4085 unum

1266 581 1337 656 219

872 704 967 739 nomeu
993 701 1099 756 propter
1126 684 1255 740 ratlnncur
1283 704 1363 740 soue-

870 793 925 825 rum
946 774 1128 831 nominativo.
1143 776 1247 832 dativo,
1262 777 1365 828 verati-

872 882 931 917 νο.
970 872 997 913 et
1023 863 1140 914 ablativo
1172 879 1233 913 casu
1264 862 1366 914 numeri

874 949 984 1018 pluralis
1004 948 1041 1000 sic
1057 950 1179 1024 'anerurle
1205 947 1300 1000 debeat
1319 950 1367 1000 ‹le-

874 1038 968 1090 cliuari
990 1039 1016 1089 id
1027 1049 1067 1090 est
1078 1040 1163 1090 Deus:
1184 1039 1285 1090 iaciunt
1295 1042 1364 1089 enirn

873 1127 901 1178 hi
921 1127 985 1185 Dii,
1005 1127 1047 1179 his
1069 1128 1147 1183 Diis,
1171 1147 1187 1179 ο
1208 1127 1268 1182 Dii.
1296 1123 1366 1178 etnb

875 1217 940 1269 Diis·
962 1219 1037 1270 Nunc
1061 1234 1114 1284 qua
1143 1216 1176 1266 de
1203 1233 1282 1266 causa
1312 1214 1362 1266 hnc

873 1303 1081 1374 suprascriptum
1101 1319 1192 1354 nomeu
1208 1310 1313 1370 propter
1325 1317 1363 1349 ra·

874 1390 970 1442 tionem
988 1408 1110 1442 sonorum
1130 1389 1157 1439 in
1178 1385 1365 1457 suprascriptis

873 1478 978 1529 casibus
996 1478 1035 1528 sic
1063 1476 1179 1529 anomale
1198 1474 1364 1528 declinetur,

874 1563 901 1615 in
915 1565 987 1616 sonis
999 1573 1166 1632 conpetenter
1180 1557 1364 1612 tractabimus.

875 1652 939 1703 Item
959 1652 986 1704 iu
1000 1651 1050 1704 hoc
1060 1651 1150 1703 codem
1164 1649 1280 1703 nomine.
1291 1645 1364 1715 quod

873 1741 989 1792 diximus
1017 1738 1133 1791 ablativo
1166 1756 1227 1790 casu
1261 1734 1362 1786 numeri

872 1827 1012 1894 singularis
1030 1845 1064 1878 ⁰0·
1077 1827 1164 1879 littera
1179 1821 1328 1876 terminari,
1338 1828 1365 1871 et

873 1914 1036 1966 nominativo
1055 1931 1116 1965 casu
1145 1911 1247 1963 numeri
1272 1926 1364 1973 singu-

873 2000 936 2052 laris
959 2018 1028 2052 «cus
1045 2000 1143 2052 litteris
1167 1995 1290 2052 definiri,
1316 2009 1364 2045 nce

872 2105 926 2142 nou
943 2099 971 2141 et
988 2089 1165 2143 nominativo.
1186 2085 1299 2140 dativo.
1321 2099 1364 2133 vo·

872 2177 959 2230 cativo
986 2187 1014 2228 ct
1034 2176 1150 2229 ablativo
1171 2191 1233 2225 casu
1261 2168 1362 2223 numeri
1435 2166 1440 2176 '

873 2267 981 2338 pluralis
999 2277 1106 2336 propter
1128 2265 1257 2316 rationem
1281 2280 1360 2314 sono-

873 2376 928 2410 rum
953 2355 1071 2408 anomale
1095 2353 1238 2406 declinari,
1252 2349 1362 2417 quaeri-

874 2460 935 2506 tur,
955 2465 1008 2517 qua
1030 2446 1062 2496 de
1081 2461 1159 2494 causa
1179 2442 1204 2492 iu
1230 2428 1364 2492 isdcnisu·

870 2537 997 2607 pradictis
1007 2533 1110 2586 casilurs
1119 2534 1236 2583 anomale
1245 2544 1288 2598 pcr
1296 2527 1362 2623 duas

875 2629 905 2676 ·i·
926 2626 1030 2677 litteras
1054 2622 1237 2690 repperiantur
1260 2607 1361 2667 scribi?

874 2712 923 2763 hac
949 2711 982 2762 de
1012 2727 1105 2764 causa,
1128 2707 1252 2774 quoniam
1279 2719 1363 2770 quae·

874 2819 985 2869 cumque
1005 2799 1107 2851 nouriua
1123 2812 1223 2856 peneus
1246 2789 1361 2842 musculi·

875 2891 901 2942 ni
923 2889 1041 2940 ablativo
1055 2901 1115 2937 casu
1127 2882 1227 2934 uuureri
1244 2879 1362 2947 singula-

875 2980 912 3030 ris
922 2998 956 3032 ·o·
967 2978 1056 3029 littera
1074 2974 1245 3027 terminantur
1259 2982 1298 3025 ,ct
1317 2987 1363 3020 uo·

875 3067 1002 3119 urinativo
1022 3082 1084 3115 casu
1103 3060 1203 3115 numeri
1223 3055 1363 3123 singularis

874 3171 939 3204 cus·
959 3151 1055 3204 litteris
1085 3149 1265 3201 deliniuntur.
1297 3143 1363 3193 hacc

874 3237 1054 3293 nomiuativn,
1076 3234 1168 3285 dativo
1183 3266 1191 3288 .
1223 3229 1364 3282 vocativo.

872 3336 898 3376 ct
923 3324 1039 3377 ablativo
1056 3341 1117 3373 casu
1146 3319 1247 3372 uurucri
1272 3317 1362 3387 plura·

874 3415 922 3471 tis,
940 3433 998 3466 cunr
1019 3411 1181 3465 nominativo
1195 3425 1256 3458 casu
1277 3421 1365 3456 nume·

874 3506 896 3556 ri
915 3505 1054 3570 singularis
1074 3502 1131 3573 parl
1150 3515 1258 3551 numero
1282 3496 1364 3566 sylla-

873 3591 964 3644 barum
975 3592 1134 3643 scribuntur.

911 3685 987 3734 Nunc
1021 3681 1047 3732 in
1077 3680 1126 3730 irae
1153 3675 1235 3729 forma
1264 3673 1365 3741 generis

874 3768 1011 3822 masculini
1036 3785 1089 3837 qua
1105 3764 1233 3817 ¹'diximus
1264 3759 1362 3812 ablati·

873 3878 906 3911 ro
931 3875 992 3910 casu
1022 3855 1123 3908 numeri
1149 3850 1289 3919 singularis
1314 3866 1364 3900 no-

872 3948 942 3999 rniua
966 3964 1000 3998 ·o·
1022 3945 1111 3998 littera
1137 3940 1299 3995 terminari.
1332 3947 1359 3990 ct

871 4033 1033 4088 nominative
1049 4049 1111 4085 casu
1135 4029 1237 4085 numeri
1269 4027 1362 4094 singu-
