<?xml version="1.0" encoding="UTF-8"?>
<!DOCTYPE html PUBLIC "-//W3C//DTD XHTML 1.0 Transitional//EN"
    "http://www.w3.org/TR/xhtml1/DTD/xhtml1-transitional.dtd">
<html xmlns="http://www.w3.org/1999/xhtml" xml:lang="en" lang="en">
 <head>
  <title>
</title>
<meta http-equiv="Content-Type" content="text/html;charset=utf-8" />
  <meta name='ocr-system' content='tesseract 3.04.00' />
  <meta name='ocr-capabilities' content='ocr_page ocr_carea ocr_par ocr_line ocrx_word'/>
</head>
<body>
  <div class='ocr_page' id='page_1' title='image "./classicorumauct00vatigoog_0168.png"; bbox 0 0 3382 5206; ppageno 0'>
   <div class='ocr_carea' id='block_1_1' title="bbox 352 567 940 621">
    <p class='ocr_par' dir='ltr' id='par_1_1' title="bbox 352 567 940 621">
     <span class='ocr_line' id='line_1_1' title="bbox 352 567 940 621; baseline 0 -6"><span class='ocrx_word' id='word_1_1' title='bbox 352 567 423 616; x_wconf 82' lang='lat'>112</span> <span class='ocrx_word' id='word_1_2' title='bbox 715 567 861 621; x_wconf 62' lang='lat' dir='ltr'>”11¹0ss</span> <span class='ocrx_word' id='word_1_3' title='bbox 888 569 940 619; x_wconf 85' lang='lat' dir='ltr'>ttt.</span> 
     </span>
    </p>
   </div>
   <div class='ocr_carea' id='block_1_2' title="bbox 251 675 1340 3647">
    <p class='ocr_par' dir='ltr' id='par_1_2' title="bbox 321 675 1340 994">
     <span class='ocr_line' id='line_1_2' title="bbox 321 675 1337 785; baseline 0.006 -34"><span class='ocrx_word' id='word_1_4' title='bbox 321 677 430 779; x_wconf 86' lang='lat' dir='ltr'>pedes</span> <span class='ocrx_word' id='word_1_5' title='bbox 448 676 664 779; x_wconf 78' lang='lat' dir='ltr'><strong>repperimus</strong></span> <span class='ocrx_word' id='word_1_6' title='bbox 684 675 831 768; x_wconf 91' lang='lat' dir='ltr'>elevari,</span> <span class='ocrx_word' id='word_1_7' title='bbox 851 703 957 779; x_wconf 90' lang='lat' dir='ltr'>quam</span> <span class='ocrx_word' id='word_1_8' title='bbox 968 676 1120 785; x_wconf 88' lang='lat' dir='ltr'>primos,</span> <span class='ocrx_word' id='word_1_9' title='bbox 1142 707 1250 779; x_wconf 83' lang='lat' dir='ltr'>urgeo</span> <span class='ocrx_word' id='word_1_10' title='bbox 1266 685 1337 784; x_wconf 77' lang='lat' dir='ltr'>(a),</span> 
     </span>
     <span class='ocr_line' id='line_1_3' title="bbox 325 796 684 890; baseline -0.003 -18"><span class='ocrx_word' id='word_1_11' title='bbox 325 825 419 890; x_wconf 86' lang='lat' dir='ltr'>ama,</span> <span class='ocrx_word' id='word_1_12' title='bbox 439 798 572 887; x_wconf 89' lang='lat' dir='ltr'>doceo,</span> <span class='ocrx_word' id='word_1_13' title='bbox 592 796 684 871; x_wconf 90' lang='lat' dir='ltr'>audi.</span> 
     </span>
     <span class='ocr_line' id='line_1_4' title="bbox 404 915 1340 994; baseline 0.001 -1"><span class='ocrx_word' id='word_1_14' title='bbox 404 915 437 993; x_wconf 90' lang='grc'>5.</span> <span class='ocrx_word' id='word_1_15' title='bbox 464 916 621 991; x_wconf 83' lang='lat' dir='ltr'>Maxime</span> <span class='ocrx_word' id='word_1_16' title='bbox 641 931 759 989; x_wconf 89' lang='lat' dir='ltr'>autem</span> <span class='ocrx_word' id='word_1_17' title='bbox 784 915 870 990; x_wconf 89' lang='lat' dir='ltr'>haec</span> <span class='ocrx_word' id='word_1_18' title='bbox 898 915 1079 989; x_wconf 89' lang='lat' dir='ltr'>diversitas</span> <span class='ocrx_word' id='word_1_19' title='bbox 1103 918 1147 990; x_wconf 93' lang='lat' dir='ltr'>ob</span> <span class='ocrx_word' id='word_1_20' title='bbox 1173 919 1340 994; x_wconf 79' lang='lat' dir='ltr'>similium</span> 
     </span>
    </p>

    <p class='ocr_par' dir='ltr' id='par_1_3' title="bbox 319 1037 1336 1140">
     <span class='ocr_line' id='line_1_5' title="bbox 319 1037 1336 1140; baseline 0.002 -27"><span class='ocrx_word' id='word_1_21' title='bbox 319 1041 519 1140; x_wconf 90' lang='lat' dir='ltr'>phonorum</span> <span class='ocrx_word' id='word_1_22' title='bbox 537 1037 783 1112; x_wconf 70' lang='lat' dir='ltr'>discretionem</span> <span class='ocrx_word' id='word_1_23' title='bbox 794 1040 927 1139; x_wconf 79' lang='lat' dir='ltr'>reperta</span> <span class='ocrx_word' id='word_1_24' title='bbox 939 1055 1009 1126; x_wconf 90' lang='lat' dir='ltr'>est,</span> <span class='ocrx_word' id='word_1_25' title='bbox 1028 1066 1073 1111; x_wconf 91' lang='lat' dir='ltr'>ne</span> <span class='ocrx_word' id='word_1_26' title='bbox 1087 1043 1336 1115; x_wconf 85' lang='lat' dir='ltr'>confusibilitas</span> 
     </span>
    </p>

    <p class='ocr_par' dir='ltr' id='par_1_4' title="bbox 251 1154 1339 3149">
     <span class='ocr_line' id='line_1_6' title="bbox 295 1154 1339 1260; baseline 0.004 -29"><span class='ocrx_word' id='word_1_27' title='bbox 295 1159 439 1260; x_wconf 77' lang='lat' dir='ltr'>aliqua</span> <span class='ocrx_word' id='word_1_28' title='bbox 471 1173 643 1232; x_wconf 86' lang='lat' dir='ltr'>nascatur.</span> <span class='ocrx_word' id='word_1_29' title='bbox 679 1154 843 1229; x_wconf 82' lang='lat' dir='ltr'>Dicimus</span> <span class='ocrx_word' id='word_1_30' title='bbox 877 1157 973 1229; x_wconf 90' lang='lat' dir='ltr'>enim</span> <span class='ocrx_word' id='word_1_31' title='bbox 1003 1159 1256 1233; x_wconf 82' lang='lat' dir='ltr'>nominativum</span> <span class='ocrx_word' id='word_1_32' title='bbox 1285 1191 1339 1236; x_wconf 91' lang='lat' dir='ltr'>ca-</span> 
     </span>
     <span class='ocr_line' id='line_1_7' title="bbox 251 1274 1335 1373; baseline 0 -22"><span class='ocrx_word' id='word_1_33' title='bbox 251 1284 254 1296; x_wconf 93' lang='lat'>&#39;</span> <span class='ocrx_word' id='word_1_34' title='bbox 320 1303 401 1351; x_wconf 85' lang='lat' dir='ltr'>sum</span> <span class='ocrx_word' id='word_1_35' title='bbox 421 1277 538 1363; x_wconf 86' lang='lat' dir='ltr'>sedes,</span> <span class='ocrx_word' id='word_1_36' title='bbox 558 1276 691 1349; x_wconf 91' lang='lat' dir='ltr'>elevato</span> <span class='ocrx_word' id='word_1_37' title='bbox 710 1275 842 1373; x_wconf 90' lang='lat' dir='ltr'>primo:</span> <span class='ocrx_word' id='word_1_38' title='bbox 863 1275 894 1347; x_wconf 88' lang='lat' dir='ltr'>si</span> <span class='ocrx_word' id='word_1_39' title='bbox 911 1274 1057 1348; x_wconf 90' lang='lat' dir='ltr'>verbum</span> <span class='ocrx_word' id='word_1_40' title='bbox 1067 1275 1130 1365; x_wconf 90' lang='lat' dir='ltr'>sit,</span> <span class='ocrx_word' id='word_1_41' title='bbox 1149 1305 1247 1351; x_wconf 88' lang='lat' dir='ltr'>versa</span> <span class='ocrx_word' id='word_1_42' title='bbox 1257 1281 1335 1351; x_wconf 90' lang='lat' dir='ltr'>vice</span> 
     </span>
     <span class='ocr_line' id='line_1_8' title="bbox 322 1394 1339 1494; baseline 0.001 -24"><span class='ocrx_word' id='word_1_43' title='bbox 322 1397 517 1471; x_wconf 85' lang='lat' dir='ltr'>secundum</span> <span class='ocrx_word' id='word_1_44' title='bbox 542 1397 692 1470; x_wconf 85' lang='lat' dir='ltr'>levantes</span> <span class='ocrx_word' id='word_1_45' title='bbox 711 1394 837 1494; x_wconf 90' lang='lat' dir='ltr'>pedem</span> <span class='ocrx_word' id='word_1_46' title='bbox 861 1394 1013 1468; x_wconf 88' lang='lat' dir='ltr'>dicimus</span> <span class='ocrx_word' id='word_1_47' title='bbox 1039 1396 1147 1470; x_wconf 88' lang='lat' dir='ltr'>sedes.</span> <span class='ocrx_word' id='word_1_48' title='bbox 1169 1394 1231 1470; x_wconf 84' lang='lat' dir='ltr'>Sic</span> <span class='ocrx_word' id='word_1_49' title='bbox 1254 1425 1339 1471; x_wconf 90' lang='lat' dir='ltr'>cum</span> 
     </span>
     <span class='ocr_line' id='line_1_9' title="bbox 321 1512 1337 1617; baseline -0.001 -30"><span class='ocrx_word' id='word_1_50' title='bbox 321 1513 492 1588; x_wconf 88' lang='lat' dir='ltr'>dicuntur</span> <span class='ocrx_word' id='word_1_51' title='bbox 520 1542 615 1612; x_wconf 84' lang='lat' dir='ltr'>reges</span> <span class='ocrx_word' id='word_1_52' title='bbox 635 1571 645 1605; x_wconf 96' lang='lat'>,</span> <span class='ocrx_word' id='word_1_53' title='bbox 665 1512 800 1613; x_wconf 86' lang='lat' dir='ltr'>primus</span> <span class='ocrx_word' id='word_1_54' title='bbox 828 1513 1001 1610; x_wconf 86' lang='lat' dir='ltr'>erigitur:</span> <span class='ocrx_word' id='word_1_55' title='bbox 1027 1530 1064 1585; x_wconf 87' lang='lat' dir='ltr'>at</span> <span class='ocrx_word' id='word_1_56' title='bbox 1090 1542 1173 1586; x_wconf 90' lang='lat' dir='ltr'>cum</span> <span class='ocrx_word' id='word_1_57' title='bbox 1192 1516 1337 1617; x_wconf 65' lang='lat' dir='ltr'>verbum</span> 
     </span>
     <span class='ocr_line' id='line_1_10' title="bbox 320 1631 1339 1734; baseline -0.005 -25"><span class='ocrx_word' id='word_1_58' title='bbox 320 1662 439 1734; x_wconf 83' lang='lat' dir='ltr'>reges,</span> <span class='ocrx_word' id='word_1_59' title='bbox 467 1633 645 1708; x_wconf 90' lang='lat' dir='ltr'>secundus</span> <span class='ocrx_word' id='word_1_60' title='bbox 666 1661 725 1732; x_wconf 87' lang='lat' dir='ltr'>pes</span> <span class='ocrx_word' id='word_1_61' title='bbox 746 1632 923 1708; x_wconf 89' lang='lat' dir='ltr'>elevatur:</span> <span class='ocrx_word' id='word_1_62' title='bbox 947 1631 1041 1732; x_wconf 91' lang='lat' dir='ltr'>quod</span> <span class='ocrx_word' id='word_1_63' title='bbox 1060 1647 1176 1705; x_wconf 90' lang='lat' dir='ltr'>tamen</span> <span class='ocrx_word' id='word_1_64' title='bbox 1196 1662 1268 1707; x_wconf 91' lang='lat' dir='ltr'>non</span> <span class='ocrx_word' id='word_1_65' title='bbox 1289 1662 1339 1705; x_wconf 90' lang='lat' dir='ltr'>se-</span> 
     </span>
     <span class='ocr_line' id='line_1_11' title="bbox 322 1749 1338 1841; baseline -0.006 -10"><span class='ocrx_word' id='word_1_66' title='bbox 322 1757 483 1831; x_wconf 91' lang='lat' dir='ltr'>cundum</span> <span class='ocrx_word' id='word_1_67' title='bbox 500 1755 672 1827; x_wconf 89' lang='lat' dir='ltr'>rationem</span> <span class='ocrx_word' id='word_1_68' title='bbox 692 1770 909 1841; x_wconf 86' lang='lat' dir='ltr'>metrorum,</span> <span class='ocrx_word' id='word_1_69' title='bbox 929 1749 992 1825; x_wconf 87' lang='lat' dir='ltr'>sed</span> <span class='ocrx_word' id='word_1_70' title='bbox 1002 1754 1200 1827; x_wconf 90' lang='lat' dir='ltr'>secundum</span> <span class='ocrx_word' id='word_1_71' title='bbox 1212 1755 1338 1826; x_wconf 87' lang='lat' dir='ltr'>discre-</span> 
     </span>
     <span class='ocr_line' id='line_1_12' title="bbox 321 1856 1337 1974; baseline -0.002 -25"><span class='ocrx_word' id='word_1_72' title='bbox 321 1877 426 1951; x_wconf 87' lang='lat' dir='ltr'>tionis</span> <span class='ocrx_word' id='word_1_73' title='bbox 463 1856 696 1974; x_wconf 73' lang='lat' dir='ltr'>aptitudinem</span> <span class='ocrx_word' id='word_1_74' title='bbox 731 1873 846 1944; x_wconf 83' lang='lat' dir='ltr'>facere</span> <span class='ocrx_word' id='word_1_75' title='bbox 888 1872 1048 1949; x_wconf 90' lang='lat' dir='ltr'>solemus.</span> <span class='ocrx_word' id='word_1_76' title='bbox 1087 1872 1193 1948; x_wconf 88' lang='lat' dir='ltr'>Sicut</span> <span class='ocrx_word' id='word_1_77' title='bbox 1234 1875 1337 1947; x_wconf 89' lang='lat' dir='ltr'>etiam</span> 
     </span>
     <span class='ocr_line' id='line_1_13' title="bbox 321 1990 1337 2096; baseline -0.004 -28"><span class='ocrx_word' id='word_1_78' title='bbox 321 2023 434 2096; x_wconf 77' lang='lat' dir='ltr'>pone·</span> <span class='ocrx_word' id='word_1_79' title='bbox 456 1992 659 2093; x_wconf 88' lang='lat' dir='ltr'>imperativo</span> <span class='ocrx_word' id='word_1_80' title='bbox 686 1990 789 2063; x_wconf 92' lang='lat' dir='ltr'>modo</span> <span class='ocrx_word' id='word_1_81' title='bbox 814 1991 960 2090; x_wconf 86' lang='lat' dir='ltr'>primam</span> <span class='ocrx_word' id='word_1_82' title='bbox 988 1991 1148 2065; x_wconf 87' lang='lat' dir='ltr'>acuimus</span> <span class='ocrx_word' id='word_1_83' title='bbox 1174 1992 1337 2091; x_wconf 85' lang='lat' dir='ltr'>syllabam</span> 
     </span>
     <span class='ocr_line' id='line_1_14' title="bbox 324 2112 1339 2213; baseline -0.008 -21"><span class='ocrx_word' id='word_1_84' title='bbox 324 2134 360 2192; x_wconf 91' lang='lat' dir='ltr'>et</span> <span class='ocrx_word' id='word_1_85' title='bbox 383 2116 606 2190; x_wconf 87' lang='lat' dir='ltr'>novissimam</span> <span class='ocrx_word' id='word_1_86' title='bbox 632 2114 864 2213; x_wconf 80' lang='lat' dir='ltr'>deprimimus</span> <span class='ocrx_word' id='word_1_87' title='bbox 893 2112 943 2212; x_wconf 76' lang='lat' dir='ltr'>(b)</span> <span class='ocrx_word' id='word_1_88' title='bbox 968 2142 979 2206; x_wconf 92' lang='lat'>;</span> <span class='ocrx_word' id='word_1_89' title='bbox 1006 2129 1043 2184; x_wconf 91' lang='lat' dir='ltr'>at</span> <span class='ocrx_word' id='word_1_90' title='bbox 1069 2141 1087 2184; x_wconf 92' lang='lat' dir='ltr'>e</span> <span class='ocrx_word' id='word_1_91' title='bbox 1114 2114 1248 2186; x_wconf 88' lang='lat' dir='ltr'>diverso</span> <span class='ocrx_word' id='word_1_92' title='bbox 1275 2113 1339 2186; x_wconf 91' lang='lat' dir='ltr'>ubi</span> 
     </span>
     <span class='ocr_line' id='line_1_15' title="bbox 322 2230 1339 2330; baseline -0.007 -21"><span class='ocrx_word' id='word_1_93' title='bbox 322 2234 524 2309; x_wconf 83' lang='lat' dir='ltr'>adverbium</span> <span class='ocrx_word' id='word_1_94' title='bbox 542 2234 581 2304; x_wconf 83' lang='lat' dir='ltr'>fit</span> <span class='ocrx_word' id='word_1_95' title='bbox 599 2247 659 2304; x_wconf 91' lang='lat' dir='ltr'>aut</span> <span class='ocrx_word' id='word_1_96' title='bbox 677 2230 905 2330; x_wconf 85' lang='lat' dir='ltr'>praepositio,</span> <span class='ocrx_word' id='word_1_97' title='bbox 927 2232 1037 2329; x_wconf 88' lang='lat' dir='ltr'>prima</span> <span class='ocrx_word' id='word_1_98' title='bbox 1059 2231 1207 2320; x_wconf 88' lang='lat' dir='ltr'>calcata,</span> <span class='ocrx_word' id='word_1_99' title='bbox 1227 2231 1339 2304; x_wconf 87' lang='lat' dir='ltr'>novis-</span> 
     </span>
     <span class='ocr_line' id='line_1_16' title="bbox 321 2348 1337 2449; baseline -0.005 -23"><span class='ocrx_word' id='word_1_100' title='bbox 321 2354 409 2427; x_wconf 86' lang='lat' dir='ltr'>sima</span> <span class='ocrx_word' id='word_1_101' title='bbox 434 2351 583 2426; x_wconf 87' lang='lat' dir='ltr'>acuitur.</span> <span class='ocrx_word' id='word_1_102' title='bbox 616 2348 723 2422; x_wconf 89' lang='lat' dir='ltr'>Sicut</span> <span class='ocrx_word' id='word_1_103' title='bbox 743 2349 848 2421; x_wconf 90' lang='lat' dir='ltr'>etiam</span> <span class='ocrx_word' id='word_1_104' title='bbox 876 2349 1070 2421; x_wconf 88' lang='lat' dir='ltr'>carminum</span> <span class='ocrx_word' id='word_1_105' title='bbox 1089 2378 1212 2447; x_wconf 83' lang='lat' dir='ltr'>genera</span> <span class='ocrx_word' id='word_1_106' title='bbox 1234 2378 1337 2449; x_wconf 88' lang='lat' dir='ltr'>quae·</span> 
     </span>
     <span class='ocr_line' id='line_1_17' title="bbox 320 2466 1338 2571; baseline -0.005 -26"><span class='ocrx_word' id='word_1_107' title='bbox 320 2473 428 2560; x_wconf 93' lang='lat' dir='ltr'>dam,</span> <span class='ocrx_word' id='word_1_108' title='bbox 449 2498 538 2571; x_wconf 90' lang='lat' dir='ltr'>quae</span> <span class='ocrx_word' id='word_1_109' title='bbox 565 2493 777 2569; x_wconf 85' lang='lat' dir='ltr'>quamquam</span> <span class='ocrx_word' id='word_1_110' title='bbox 804 2466 1076 2539; x_wconf 83' lang='lat' dir='ltr'>extraordinaria</span> <span class='ocrx_word' id='word_1_111' title='bbox 1101 2495 1173 2540; x_wconf 88' lang='lat' dir='ltr'>esse</span> <span class='ocrx_word' id='word_1_112' title='bbox 1198 2468 1338 2540; x_wconf 75' lang='lat' dir='ltr'>videam</span> 
     </span>
     <span class='ocr_line' id='line_1_18' title="bbox 323 2587 1337 2687; baseline -0.006 -22"><span class='ocrx_word' id='word_1_113' title='bbox 323 2611 406 2679; x_wconf 90' lang='lat' dir='ltr'>tur,</span> <span class='ocrx_word' id='word_1_114' title='bbox 439 2605 557 2662; x_wconf 91' lang='lat' dir='ltr'>tamen</span> <span class='ocrx_word' id='word_1_115' title='bbox 584 2588 819 2660; x_wconf 79' lang='lat' dir='ltr'>arhctoriltue</span> <span class='ocrx_word' id='word_1_116' title='bbox 853 2615 892 2659; x_wconf 90' lang='lat' dir='ltr'>ac</span> <span class='ocrx_word' id='word_1_117' title='bbox 919 2587 1080 2687; x_wconf 85' lang='lat' dir='ltr'>leporicis</span> <span class='ocrx_word' id='word_1_118' title='bbox 1104 2645 1113 2676; x_wconf 89' lang='lat'>,</span> <span class='ocrx_word' id='word_1_119' title='bbox 1141 2589 1337 2661; x_wconf 90' lang='lat' dir='ltr'>secuudum</span> 
     </span>
     <span class='ocr_line' id='line_1_19' title="bbox 326 2708 1337 2808; baseline -0.006 -22"><span class='ocrx_word' id='word_1_120' title='bbox 326 2714 478 2786; x_wconf 89' lang='lat' dir='ltr'>illectam</span> <span class='ocrx_word' id='word_1_121' title='bbox 507 2709 721 2783; x_wconf 89' lang='lat' dir='ltr'>voluntatem</span> <span class='ocrx_word' id='word_1_122' title='bbox 752 2708 898 2808; x_wconf 87' lang='lat' dir='ltr'>saepiter</span> <span class='ocrx_word' id='word_1_123' title='bbox 929 2726 1145 2807; x_wconf 87' lang='lat' dir='ltr'>usurpantur</span> <span class='ocrx_word' id='word_1_124' title='bbox 1165 2741 1174 2784; x_wconf 94' lang='lat'><strong>:</strong></span> <span class='ocrx_word' id='word_1_125' title='bbox 1196 2726 1235 2781; x_wconf 92' lang='lat' dir='ltr'>ut</span> <span class='ocrx_word' id='word_1_126' title='bbox 1255 2727 1337 2781; x_wconf 90' lang='lat' dir='ltr'>suut</span> 
     </span>
     <span class='ocr_line' id='line_1_20' title="bbox 327 2830 1337 2929; baseline -0.005 -22"><span class='ocrx_word' id='word_1_127' title='bbox 327 2847 547 2909; x_wconf 81' lang='lat' dir='ltr'>santamente</span> <span class='ocrx_word' id='word_1_128' title='bbox 575 2847 609 2902; x_wconf 89' lang='lat' dir='ltr'>et</span> <span class='ocrx_word' id='word_1_129' title='bbox 632 2830 859 2918; x_wconf 88' lang='lat' dir='ltr'>cantatcllae,</span> <span class='ocrx_word' id='word_1_130' title='bbox 879 2831 1007 2929; x_wconf 89' lang='lat' dir='ltr'>quibus</span> <span class='ocrx_word' id='word_1_131' title='bbox 1025 2830 1080 2902; x_wconf 93' lang='lat' dir='ltr'>vel</span> <span class='ocrx_word' id='word_1_132' title='bbox 1100 2831 1248 2903; x_wconf 81' lang='lat' dir='ltr'>maxime</span> <span class='ocrx_word' id='word_1_133' title='bbox 1276 2831 1337 2902; x_wconf 88' lang='lat' dir='ltr'>Sa·</span> 
     </span>
     <span class='ocr_line' id='line_1_21' title="bbox 327 2948 1333 3053; baseline -0.004 -26"><span class='ocrx_word' id='word_1_134' title='bbox 327 2953 444 3053; x_wconf 84' lang='lat' dir='ltr'>gillius</span> <span class='ocrx_word' id='word_1_135' title='bbox 471 2977 653 3049; x_wconf 88' lang='lat' dir='ltr'>germanus</span> <span class='ocrx_word' id='word_1_136' title='bbox 673 2967 708 3021; x_wconf 92' lang='lat' dir='ltr'>et</span> <span class='ocrx_word' id='word_1_137' title='bbox 726 2948 887 3021; x_wconf 89' lang='lat' dir='ltr'>Vitellius</span> <span class='ocrx_word' id='word_1_138' title='bbox 907 2967 1067 3023; x_wconf 91' lang='lat' dir='ltr'>utuntur.</span> <span class='ocrx_word' id='word_1_139' title='bbox 1094 2948 1149 3024; x_wconf 92' lang='lat' dir='ltr'>Ut</span> <span class='ocrx_word' id='word_1_140' title='bbox 1172 2950 1230 3022; x_wconf 90' lang='lat' dir='ltr'>ille</span> <span class='ocrx_word' id='word_1_141' title='bbox 1258 2952 1333 3050; x_wconf 91' lang='lat' dir='ltr'>qui-</span> 
     </span>
     <span class='ocr_line' id='line_1_22' title="bbox 323 3068 991 3149; baseline -0.007 0"><span class='ocrx_word' id='word_1_142' title='bbox 323 3075 404 3149; x_wconf 88' lang='lat' dir='ltr'>dem</span> <span class='ocrx_word' id='word_1_143' title='bbox 431 3073 468 3144; x_wconf 90' lang='lat' dir='ltr'>in</span> <span class='ocrx_word' id='word_1_144' title='bbox 499 3069 617 3142; x_wconf 90' lang='lat' dir='ltr'>libello</span> <span class='ocrx_word' id='word_1_145' title='bbox 641 3068 686 3140; x_wconf 91' lang='lat' dir='ltr'>de</span> <span class='ocrx_word' id='word_1_146' title='bbox 721 3068 808 3140; x_wconf 91' lang='lat' dir='ltr'>mari</span> <span class='ocrx_word' id='word_1_147' title='bbox 829 3085 863 3140; x_wconf 89' lang='lat' dir='ltr'>et</span> <span class='ocrx_word' id='word_1_148' title='bbox 883 3068 991 3145; x_wconf 89' lang='lat' dir='ltr'>luna:</span> 
     </span>
    </p>

    <p class='ocr_par' dir='ltr' id='par_1_5' title="bbox 452 3189 951 3408">
     <span class='ocr_line' id='line_1_23' title="bbox 455 3189 868 3265; baseline -0.01 0"><span class='ocrx_word' id='word_1_149' title='bbox 455 3190 665 3265; x_wconf 86' lang='lat' dir='ltr'>Cucurrunt</span> <span class='ocrx_word' id='word_1_150' title='bbox 691 3216 762 3260; x_wconf 93' lang='lat' dir='ltr'>una</span> <span class='ocrx_word' id='word_1_151' title='bbox 790 3189 868 3261; x_wconf 91' lang='lat' dir='ltr'>vice</span> 
     </span>
     <span class='ocr_line' id='line_1_24' title="bbox 452 3309 951 3408; baseline 0 -25"><span class='ocrx_word' id='word_1_152' title='bbox 452 3312 593 3383; x_wconf 82' lang='lat' dir='ltr'>Allante</span> <span class='ocrx_word' id='word_1_153' title='bbox 614 3327 810 3408; x_wconf 88' lang='lat' dir='ltr'>temporum</span> <span class='ocrx_word' id='word_1_154' title='bbox 830 3309 951 3406; x_wconf 83' lang='lat' dir='ltr'>gaude.</span> 
     </span>
    </p>

    <p class='ocr_par' dir='ltr' id='par_1_6' title="bbox 319 3427 1338 3647">
     <span class='ocr_line' id='line_1_25' title="bbox 320 3427 1338 3529; baseline -0.005 -22"><span class='ocrx_word' id='word_1_155' title='bbox 320 3435 392 3507; x_wconf 90' lang='lat' dir='ltr'>lste</span> <span class='ocrx_word' id='word_1_156' title='bbox 410 3459 490 3506; x_wconf 93' lang='lat' dir='ltr'>vero</span> <span class='ocrx_word' id='word_1_157' title='bbox 511 3432 549 3503; x_wconf 90' lang='lat' dir='ltr'>in</span> <span class='ocrx_word' id='word_1_158' title='bbox 569 3429 671 3503; x_wconf 91' lang='lat' dir='ltr'>laude</span> <span class='ocrx_word' id='word_1_159' title='bbox 692 3427 880 3502; x_wconf 90' lang='lat' dir='ltr'>Matronae</span> <span class='ocrx_word' id='word_1_160' title='bbox 904 3431 955 3529; x_wconf 83' lang='lat'>(1)</span> <span class='ocrx_word' id='word_1_161' title='bbox 984 3429 1104 3501; x_wconf 85' lang='lat' dir='ltr'>uxoris</span> <span class='ocrx_word' id='word_1_162' title='bbox 1122 3456 1204 3504; x_wconf 89' lang='lat' dir='ltr'>suae</span> <span class='ocrx_word' id='word_1_163' title='bbox 1225 3446 1338 3503; x_wconf 87' lang='lat' dir='ltr'>canta·</span> 
     </span>
     <span class='ocr_line' id='line_1_26' title="bbox 319 3546 1132 3647; baseline -0.001 -24"><span class='ocrx_word' id='word_1_164' title='bbox 319 3552 415 3625; x_wconf 88' lang='lat' dir='ltr'>tellas</span> <span class='ocrx_word' id='word_1_165' title='bbox 436 3550 516 3624; x_wconf 85' lang='lat' dir='ltr'>satis</span> <span class='ocrx_word' id='word_1_166' title='bbox 536 3547 674 3639; x_wconf 88' lang='lat' dir='ltr'>intulit,</span> <span class='ocrx_word' id='word_1_167' title='bbox 694 3547 732 3618; x_wconf 91' lang='lat' dir='ltr'>in</span> <span class='ocrx_word' id='word_1_168' title='bbox 752 3547 902 3647; x_wconf 92' lang='lat' dir='ltr'>quadam</span> <span class='ocrx_word' id='word_1_169' title='bbox 917 3546 966 3619; x_wconf 89' lang='lat' dir='ltr'>ita</span> <span class='ocrx_word' id='word_1_170' title='bbox 987 3547 1132 3623; x_wconf 87' lang='lat' dir='ltr'>inliens:</span> 
     </span>
    </p>
   </div>
   <div class='ocr_carea' id='block_1_3' title="bbox 449 3671 1240 3771">
    <p class='ocr_par' dir='ltr' id='par_1_7' title="bbox 449 3671 1240 3771">
     <span class='ocr_line' id='line_1_27' title="bbox 449 3671 1240 3771; baseline -0.004 -23"><span class='ocrx_word' id='word_1_171' title='bbox 449 3673 535 3748; x_wconf 90' lang='lat' dir='ltr'>Mea</span> <span class='ocrx_word' id='word_1_172' title='bbox 560 3671 747 3761; x_wconf 86' lang='lat' dir='ltr'>Matrona,</span> <span class='ocrx_word' id='word_1_173' title='bbox 767 3688 866 3745; x_wconf 88' lang='lat' dir='ltr'>tuam</span> <span class='ocrx_word' id='word_1_174' title='bbox 886 3671 1077 3771; x_wconf 90' lang='lat' dir='ltr'>amplector</span> <span class='ocrx_word' id='word_1_175' title='bbox 1094 3700 1240 3768; x_wconf 82' lang='lat' dir='ltr'>zonam3</span> 
     </span>
    </p>
   </div>
   <div class='ocr_carea' id='block_1_4' title="bbox 386 3827 1330 3901">
    <p class='ocr_par' dir='ltr' id='par_1_8' title="bbox 386 3827 1330 3901">
     <span class='ocr_line' id='line_1_28' title="bbox 386 3827 1330 3901; baseline 0.001 -17"><span class='ocrx_word' id='word_1_176' title='bbox 386 3839 423 3901; x_wconf 82' lang='grc' dir='ltr'>(ι)</span> <span class='ocrx_word' id='word_1_177' title='bbox 440 3839 495 3885; x_wconf 85' lang='lat' dir='ltr'>Cod·</span> <span class='ocrx_word' id='word_1_178' title='bbox 507 3856 574 3896; x_wconf 73' lang='lat' dir='ltr'>rigeo·</span> <span class='ocrx_word' id='word_1_179' title='bbox 606 3837 643 3899; x_wconf 85' lang='lat' dir='ltr'>(b)</span> <span class='ocrx_word' id='word_1_180' title='bbox 661 3844 720 3883; x_wconf 83' lang='lat' dir='ltr'>Loco</span> <span class='ocrx_word' id='word_1_181' title='bbox 732 3827 937 3898; x_wconf 66' lang='lat' dir='ltr'>voirteprvmsmm</span> <span class='ocrx_word' id='word_1_182' title='bbox 949 3849 972 3884; x_wconf 76' lang='lat' dir='ltr'>et</span> <span class='ocrx_word' id='word_1_183' title='bbox 983 3845 1005 3886; x_wconf 87' lang='lat' dir='ltr'>iu</span> <span class='ocrx_word' id='word_1_184' title='bbox 1023 3840 1100 3886; x_wconf 81' lang='lat' dir='ltr'>codiee</span> <span class='ocrx_word' id='word_1_185' title='bbox 1110 3844 1208 3900; x_wconf 76' lang='lat' dir='ltr'>spatium</span> <span class='ocrx_word' id='word_1_186' title='bbox 1225 3857 1330 3887; x_wconf 70' lang='lat' dir='ltr'>vacuum.</span> 
     </span>
    </p>
   </div>
   <div class='ocr_carea' id='block_1_5' title="bbox 332 3966 1326 4124">
    <p class='ocr_par' dir='ltr' id='par_1_9' title="bbox 332 3966 1326 4124">
     <span class='ocr_line' id='line_1_29' title="bbox 402 3966 1326 4040; baseline 0.002 -20"><span class='ocrx_word' id='word_1_187' title='bbox 402 3967 441 4040; x_wconf 86' lang='grc' dir='ltr'>(ι)</span> <span class='ocrx_word' id='word_1_188' title='bbox 460 3967 583 4021; x_wconf 83' lang='lat' dir='ltr'>Matrona</span> <span class='ocrx_word' id='word_1_189' title='bbox 602 3983 695 4021; x_wconf 83' lang='lat' dir='ltr'>nomen</span> <span class='ocrx_word' id='word_1_190' title='bbox 712 3967 848 4039; x_wconf 87' lang='lat' dir='ltr'>proprium</span> <span class='ocrx_word' id='word_1_191' title='bbox 867 3967 895 4020; x_wconf 87' lang='lat' dir='ltr'>in</span> <span class='ocrx_word' id='word_1_192' title='bbox 910 3966 1128 4040; x_wconf 83' lang='lat' dir='ltr'>inscriptionibus</span> <span class='ocrx_word' id='word_1_193' title='bbox 1145 3968 1263 4040; x_wconf 80' lang='lat' dir='ltr'>antiquis</span> <span class='ocrx_word' id='word_1_194' title='bbox 1274 3986 1326 4022; x_wconf 87' lang='lat' dir='ltr'>uon</span> 
     </span>
     <span class='ocr_line' id='line_1_30' title="bbox 332 4055 531 4124; baseline -0.035 -13"><span class='ocrx_word' id='word_1_195' title='bbox 332 4056 410 4122; x_wconf 68' lang='lat' dir='ltr'>semul</span> <span class='ocrx_word' id='word_1_196' title='bbox 426 4055 531 4124; x_wconf 79' lang='lat' dir='ltr'>legitur.</span> 
     </span>
    </p>
   </div>
   <div class='ocr_carea' id='block_1_6' title="bbox 0 0 1696 5206">
    <p class='ocr_par' dir='ltr' id='par_1_10' title="bbox 0 0 1696 5206">
     <span class='ocr_line' id='line_1_31' title="bbox 0 0 1696 5206; baseline 0 0"><span class='ocrx_word' id='word_1_197' title='bbox 0 0 1696 5206; x_wconf 95' lang='lat' dir='ltr'> </span> 
     </span>
    </p>
   </div>
  </div>
 </body>
</html>
