3382 5206
376 620 382 650 r

326 690 412 737 munis
443 688 608 740 nominativo
636 704 698 738 casu
718 686 817 739 numeri

327 777 469 840 singuiaris
499 777 541 829 his
570 778 708 830 duodecim
736 774 826 829 turmis

327 860 490 912 definiuntur
515 897 522 916 .
553 860 581 912 id
616 872 656 913 cst
694 859 825 915 tibicen·

328 965 438 1006 memor,
447 949 560 1017 optimae
571 985 578 1004 .
588 957 674 1002 rates.
684 946 806 1003 sacerdos
816 981 823 1001 r

329 1034 428 1087 artifex
438 1071 444 1091 .
456 1036 526 1092 dux,
540 1034 627 1092 arabs.
647 1033 740 1090 celebs.
753 1035 826 1102 prin-

328 1136 404 1188 ceps,
415 1120 504 1188 inops,
515 1119 628 1173 coniux.
642 1130 669 1172 et
684 1129 772 1169 cetera
786 1128 825 1169 ta-

329 1209 381 1261 tia.
400 1219 477 1260 etex
496 1226 544 1260 sua
563 1207 650 1277 specie
679 1207 705 1258 iu
732 1223 825 1272 genera

329 1305 424 1346 neutra
449 1305 601 1351 trarrscaut.
631 1294 695 1344 baec
712 1308 765 1345 nou
783 1310 826 1344 se·

328 1382 444 1435 cuuduur
463 1401 543 1450 gertus
561 1395 683 1435 neutrum
700 1392 763 1433 sunt
783 1382 825 1433 de-

329 1471 469 1525 clinanda.
487 1470 534 1522 scd
554 1489 601 1540 pru
622 1470 753 1522 locutione
768 1487 825 1536 pru·

331 1559 498 1613 nuntianda.
519 1570 549 1610 ut
569 1569 634 1628 puta
654 1558 699 1609 hic
720 1559 827 1609 ethaeo

333 1647 449 1702 tibicen,
471 1646 520 1698 huc
536 1647 695 1715 mancipium
707 1645 824 1701 tibicen,

332 1733 426 1802 utiquc
453 1753 507 1786 uua
526 1733 574 1785 hoc
595 1732 694 1785 tibicen
724 1732 825 1784 manci-

331 1823 404 1893 pium
420 1834 475 1878 cst,
493 1822 578 1891 accipi
603 1820 705 1874 debeat·
734 1824 777 1873 Sic
799 1831 827 1873 et

332 1913 399 1964 aliae
423 1913 594 1983 supradictae
625 1911 725 1965 iormae
749 1905 775 1964 si
792 1929 825 1963 ex

332 2018 378 2053 sua
391 2003 478 2072 specie
497 2002 526 2053 in
545 2019 638 2066 genera
650 2012 744 2053 neutra
755 2011 824 2052 trun·

330 2101 405 2143 mant
415 2101 468 2142 tant
482 2107 589 2142 numero
602 2091 731 2155 singulari
745 2108 824 2159 quatu

332 2178 448 2248 plurali,
468 2187 499 2228 ut
517 2176 655 2232 diximus.
684 2194 731 2246 pru
750 2177 823 2229 locu-

331 2269 405 2321 tione
432 2278 494 2319 sunt
520 2268 743 2337 pronuntianda,
771 2285 823 2318 non

330 2355 473 2409 secundum
493 2372 574 2422 genus
595 2366 717 2408 neutrum
740 2355 824 2406 decii·

329 2445 426 2497 nanda.

365 2531 441 2582 Nunc
460 2549 492 2583 ex
511 2529 561 2581 hac
580 2529 679 2586 formu.
703 2548 759 2599 qua
778 2532 822 2582 di-

331 2618 416 2670 ximus
440 2618 541 2684 generis
565 2616 711 2669 communis
737 2621 822 2670 norni-

331 2726 366 2760 na
384 2709 549 2760 nominativo
568 2725 629 2760 casu
649 2707 749 2758 numeri
767 2708 824 2759 siu·

331 2796 429 2862 guiaris
447 2813 503 2847 ·en·
523 2797 618 2848 titteris
637 2795 761 2852 definiri,
775 2796 825 2848 hoc

330 2905 463 2939 monemus
479 2887 552 2955 quod
567 2887 625 2956 ptus
641 2904 721 2954 quam
741 2887 826 2939 unde-

330 2977 381 3026 cim
398 2979 474 3031 soni‚
502 2975 553 3027 hoc
569 2986 610 3026 ert
635 2994 714 3043 quam
743 2976 826 3026 unde·

331 3063 383 3114 cim
403 3062 522 3116 nomina.
534 3080 586 3112 non
600 3063 701 3130 possint
723 3062 827 3114 exhibe·

330 3148 363 3199 ri.
383 3149 450 3200 Item
471 3165 503 3199 cx
521 3146 570 3197 hac
589 3147 690 3204 sorum,
710 3166 763 3217 qua
783 3151 827 3201 di·

329 3239 415 3289 ximus
450 3235 625 3305 suprascripti
655 3254 757 3301 gcuerts
778 3256 828 3290 uo-

330 3327 402 3376 mina
414 3322 579 3377 pontinatico
589 3340 651 3374 cusu
664 3325 764 3374 numeri
774 3325 825 3375 sin·

331 3411 430 3478 guiaris
457 3429 532 3460 mor·
560 3410 662 3476 syllaba
695 3412 798 3462 deliniri
821 3446 828 3468 ‚

330 3500 379 3551 huc
398 3515 531 3549 monemus
559 3498 631 3566 quod
663 3500 722 3567 plus
748 3516 827 3564 quam

332 3595 461 3652 quattuor
490 3584 546 3635 soni
571 3619 577 3638 .
610 3584 659 3636 boc
687 3598 729 3635 est
748 3602 827 3652 quarn

331 3683 460 3740 quattuor
471 3673 592 3728 nomina,
605 3692 657 3723 auu
671 3674 772 3741 possint
784 3692 827 3724 ex·

330 3761 425 3812 hiberi·
446 3762 510 3812 item
529 3779 560 3811 ex
580 3761 629 3811 hac
649 3764 730 3812 turrira
746 3799 753 3818 ,
772 3781 827 3831 qua

330 3848 446 3900 diximus
474 3847 622 3916 supradicti
647 3848 747 3913 generis
778 3867 827 3901 uo-

331 3941 418 3989 mina.
445 3935 609 3987 nominativo
637 3947 699 3986 casu
724 3937 826 3988 numeri

328 4023 468 4091 singularis
497 4042 545 4076 as·
579 4023 674 4075 titteris
695 4024 825 4082 definiri,

728 582 772 628 DE
798 582 948 629 domtus

1270 579 1339 655 2⁰7

873 687 923 741 huc
951 705 1084 740 rnorrcmrrr
1110 686 1181 754 quod
1205 686 1266 757 pius
1289 704 1370 756 quum

878 794 969 829 novem
988 777 1064 830 soni.
1083 778 1132 828 truc
1158 787 1198 826 est
1227 792 1307 843 quum
1326 793 1371 828 uo·

876 881 933 916 veru
952 867 1071 921 nouriua.
1085 863 1248 932 nonpossint
1262 861 1372 917 exhibe·

877 951 909 1001 ri.
929 952 992 1002 Item
1011 970 1041 1003 ex
1063 951 1112 1001 hac
1134 949 1234 1004 ferma,
1254 966 1309 1018 qua
1326 947 1372 1001 di·

877 1041 981 1095 ximus,
1001 1038 1148 1107 supradicti
1169 1036 1271 1103 generis
1289 1035 1370 1089 uomi-

876 1146 910 1178 rra
929 1129 1095 1179 nominativo
1114 1144 1175 1178 casu
1195 1123 1298 1176 numeri
1308 1125 1370 1198 piu·

876 1216 973 1280 putaris
994 1233 1040 1266 us·
1063 1215 1157 1266 titteris
1177 1211 1301 1268 definiri.
1319 1210 1369 1265 hoc

877 1319 1008 1354 monemus
1027 1338 1033 1357 .
1063 1300 1136 1369 quod
1154 1299 1293 1369 piusquam
1322 1297 1371 1351 dc-

877 1407 933 1441 ccm
951 1408 1043 1442 novem
1060 1390 1137 1441 spui.
1159 1388 1210 1439 hoc
1228 1396 1268 1438 est
1290 1403 1370 1455 quam

878 1478 965 1529 decem
985 1496 1076 1528 rrrrveru
1098 1475 1218 1529 uomina.
1239 1493 1292 1526 uun
1309 1490 1371 1543 pos-

876 1569 930 1618 sint
949 1549 1081 1618 exhiberi.⁸
1098 1567 1161 1616 turm
1187 1582 1218 1616 ex
1239 1565 1289 1614 hac
1314 1560 1368 1615 ior·

877 1671 937 1709 ma,
954 1670 1007 1722 qua
1023 1652 1139 1704 diximus
1159 1650 1307 1720 supradicti
1326 1666 1368 1715 ge·

878 1741 949 1793 neris
978 1759 1084 1792 uomina
1115 1741 1277 1793 norniaativo
1309 1754 1371 1790 casu

878 1832 977 1883 numeri
991 1829 1132 1895 singularis
1145 1845 1194 1881 ιοε·
1205 1829 1304 1882 litteris
1318 1827 1366 1881 du·

879 1917 950 1970 finiri
967 1955 974 1975 ,
993 1918 1043 1970 huc
1062 1932 1195 1968 manemus
1214 1915 1287 1984 quad
1311 1915 1370 1986 pius

875 2025 955 2078 quam
991 2018 1089 2075 septem
1126 2005 1185 2058 torri
1210 2040 1218 2060 ,
1253 2003 1303 2057 boc
1330 2012 1372 2056 ott

875 2116 955 2167 quam
983 2108 1080 2164 septem
1101 2096 1209 2146 nomina
1228 2110 1280 2145 noa
1308 2110 1371 2164 pus-

876 2186 932 2238 sint
958 2182 1087 2237 exhiberi.
1110 2185 1175 2233 itera
1193 2198 1225 2233 ex
1246 2181 1297 2233 hac
1317 2178 1373 2234 ior-

874 2290 946 2327 ma,
987 2290 1039 2338 «pra
1079 2272 1196 2320 diximus
1242 2267 1371 2337 supradi-

874 2359 911 2410 cti
940 2358 1039 2424 geueris
1065 2356 1171 2408 uornina
1206 2353 1370 2406 nominativo

873 2464 934 2498 casu
960 2445 1060 2497 nurneri
1087 2443 1226 2509 singularis
1247 2457 1300 2494 cx·
1322 2439 1371 2492 tit-

876 2533 938 2586 toris
974 2531 1077 2582 definiri
1110 2567 1116 2585 ‚
1149 2531 1197 2580 troc
1235 2543 1368 2579 monemus

876 2617 949 2688 quud
967 2618 1119 2688 piusquam
1141 2615 1237 2681 viginti
1260 2613 1313 2666 duo
1328 2631 1372 2666 so·

877 2707 923 2762 ui.
943 2705 992 2756 hoc
1019 2719 1059 2756 cst
1087 2722 1166 2772 quara
1186 2703 1282 2767 viginti
1314 2701 1368 2754 duo

877 2796 1002 2847 numiui.
1037 2810 1087 2841 nau
1107 2800 1206 2858 possint
1238 2786 1370 2842 exhiheri.

878 2882 943 2932 item
961 2897 993 2930 ex
1009 2879 1056 2928 har
1069 2878 1149 2928 surina
1165 2893 1219 2944 qua
1237 2875 1371 2933 diximus.

878 2967 1025 3038 supradicti
1047 2965 1146 3029 gereris
1165 2963 1271 3033 uomina
1290 2963 1373 3017 nomi·

880 3057 971 3110 nativo
1006 3072 1067 3107 casu
1101 3034 1202 3105 numcii
1230 3051 1370 3121 singularis

881 3165 937 3199 ·ux·
957 3145 1053 3197 litteris
1072 3143 1195 3197 definiri.
1212 3143 1262 3194 huc
1279 3159 1372 3196 muno-

878 3253 936 3289 mus
955 3235 1028 3305 quod
1050 3235 1202 3303 priusquam
1226 3250 1271 3285 sex
1295 3233 1374 3290 soni.

878 3325 928 3378 hoc
947 3335 986 3376 cst
1014 3341 1093 3391 quarn
1115 3339 1157 3373 sex
1176 3323 1301 3379 rromina.
1321 3339 1373 3375 uun

879 3412 980 3484 possint
1009 3409 1136 3461 exhiberi.
1175 3412 1238 3461 ttcm
1266 3427 1299 3463 cx
1322 3409 1373 3461 hcc

879 3502 979 3561 turma,
1006 3517 1058 3567 spru
1083 3499 1198 3548 diximus
1219 3499 1371 3568 supradicti

879 3590 980 3656 generis
1002 3586 1105 3637 rrurrrirra
1130 3586 1292 3638 nominativo
1311 3601 1373 3638 casu

879 3676 978 3729 numeri
1009 3674 1150 3735 singularis
1180 3672 1246 3726 urbs·
1274 3673 1372 3727 litteris

879 3763 984 3815 definiri
1013 3797 1019 3816 ‚
1049 3762 1099 3813 hoc
1127 3776 1261 3812 monemus
1298 3759 1372 3829 quud

877 3852 1016 3923 piusquam
1033 3858 1159 3916 rprattuur
1174 3846 1250 3901 suni,
1264 3843 1314 3897 huc
1333 3855 1374 3899 ott

879 3958 958 4008 (pram
975 3948 1101 4008 quattuor
1115 3934 1220 3988 numina
1232 3970 1240 3990 .
1255 3952 1309 3986 non
1318 3951 1377 4004 pos·

879 4027 934 4079 siat
966 4022 1092 4077 exhiheri·
1114 4023 1180 4075 lteru
1198 4038 1231 4075 cx
1249 4019 1299 4074 itte
1322 4017 1379 4083 ipr-
