3382 5206
725 587 771 633 DE
797 580 950 634 llolssllt·

327 691 410 760 gradu
434 692 599 749 nominativo
626 709 688 748 casu
714 691 817 746 numeri

328 779 470 848 singularis
480 782 587 835 nomina
602 799 651 834 er·
664 780 761 833 litteris
776 779 819 832 de

329 867 420 924 liniri.
442 867 514 936 quod
537 887 591 922 non
613 886 644 920 ex
663 886 694 920 ea
729 868 817 938 plures

329 954 417 1012 soni.
445 955 472 1007 id
490 965 551 1011 est.
575 956 687 1026 plurima
711 955 818 1009 nomina

330 1040 433 1110 possint
457 1042 586 1096 exhiheri.
604 1045 643 1097 De
665 1043 746 1096 forma
773 1060 818 1109 ge-

330 1129 401 1183 neris
420 1131 562 1184 masculini
581 1149 660 1202 quam
680 1130 708 1182 in
725 1128 819 1200 positi-

330 1232 366 1268 ro
384 1216 468 1283 gradu
496 1218 659 1272 nominativo
677 1236 739 1271 cssu
768 1237 820 1270 nu-

322 1304 396 1372 ,meri
414 1306 555 1375 singularis
573 1308 680 1361 nomina
706 1327 753 1361 ·er·
772 1309 820 1361 lit·

331 1392 397 1446 teris
409 1393 585 1452 definiuntur.
600 1398 820 1466 quemadmodum

334 1499 367 1534 en
395 1483 583 1553 comparativis
614 1483 710 1551 gradus
737 1483 822 1538 lacere

332 1572 451 1643 possint.
459 1574 670 1642 quantum'ratio
681 1573 820 1646 poscebat,

334 1661 517 1715 tractavimus·

521 1766 556 1802 nr
577 1767 636 1803 ·rx·

370 1834 558 1905 Quaecumque
587 1837 694 1889 nomina
723 1840 823 1906 generis

334 1923 474 1976 masculini
493 1924 521 1977 in
539 1924 655 1996 positivo
670 1925 753 1994 gradu
771 1945 821 1979 no-

334 2009 465 2064 minativo
493 2027 555 2064 casu
582 2012 684 2066 numeri
710 2012 823 2080 singula·

335 2097 373 2150 ris
396 2115 450 2151 σοι·
477 2098 574 2153 litteris
599 2100 779 2158 definiuntur.
798 2103 822 2155 si

336 2186 530 2255 comparativus
548 2203 624 2239 casus
642 2205 674 2240 ex
691 2206 721 2239 se
738 2187 823 2240 lacero

334 2284 469 2342 possunt.
495 2274 560 2326 haec
589 2274 616 2326 in
644 2275 737 2328 dativo
759 2290 822 2328 casu

334 2359 437 2412 numeri
469 2361 611 2428 singularis
631 2381 680 2414 ·or·
696 2361 824 2430 syllabam

337 2449 474 2521 accipiunt
485 2485 493 2506 ‚
504 2459 532 2503 ct
547 2451 754 2521 comparativum
768 2470 825 2521 gra·

335 2536 399 2590 dum
419 2538 519 2606 generis
536 2538 578 2591 sui
606 2549 711 2592 tanturn
734 2552 824 2595 osten-

337 2624 407 2678 dunt
420 2661 428 2682 ,
440 2636 472 2678 ut
485 2637 567 2697 puta.
584 2626 629 2678 hic
645 2645 723 2680 senex
736 2665 743 2686 .
761 2629 824 2681 hnic

335 2711 409 2769 seni.
423 2711 468 2764 hic
483 2713 569 2767 senior
581 2712 664 2766 lacere
674 2713 777 2768 debeat·
789 2717 825 2768 At

336 2816 398 2853 vcro
419 2797 485 2850 hacc
503 2799 604 2868 generis
625 2803 762 2854 masculini
782 2823 825 2856 no

338 2891 429 2948 mins,
447 2909 516 2961 quae
535 2891 651 2945 diximus
681 2892 709 2945 in
735 2895 824 2964 positi·

337 2995 371 3031 vo
382 2976 465 3044 gradu
484 2977 649 3032 nominativo
660 2997 722 3032 casu
736 2999 825 3034 nume-

339 3066 364 3118 ri
378 3067 520 3135 singularis
529 3080 580 3121 cx·
589 3068 686 3122 litteris
704 3070 825 3128 definiri.

336 3153 511 3223 superlativus
535 3155 631 3220 gradus
654 3155 738 3208 lacero
761 3175 824 3227 pro·

336 3238 483 3298 hibentur.
500 3242 604 3295 scilicet
621 3244 746 3313 quoniam
761 3244 826 3298 haec

337 3328 431 3381 eadem
455 3330 626 3399 supradictae
654 3331 750 3385 formae
776 3352 826 3386 no-

338 3415 411 3469 mina
440 3415 467 3469 in
491 3418 652 3489 superlatiro
683 3418 764 3486 gradu
788 3437 826 3471 so·

335 3523 400 3558 num
418 3505 516 3576 pedum
542 3507 569 3558 in
593 3507 707 3562 metris.
733 3507 773 3561 rel
799 3510 826 3560 in

339 3592 483 3644 structuris
499 3592 626 3645 exhibere
639 3611 692 3647 non
710 3606 826 3663 possunt·

337 3681 407 3733 Sane
432 3680 482 3733 hoc
508 3699 640 3735 monemus
666 3684 738 3751 quod
763 3682 828 3735 hacc

337 3768 455 3821 eiusdem
465 3769 634 3838 supradictae
643 3769 739 3824 formae
750 3774 829 3825 nomi·

339 3872 374 3907 na
385 3890 392 3910 .
409 3856 510 3922 generis
521 3858 623 3909 scilicet
634 3859 788 3916 masculini,
807 3861 829 3912 si

339 3954 468 4010 cogantur
485 3962 517 3998 ex
536 3949 624 4018 specie
641 3964 688 3998 sua
707 3958 733 4000 et
749 3965 829 4014 gonc-

339 4031 376 4083 ris
389 4030 508 4085 seminini
521 4031 607 4087 lacere
623 4032 746 4091 nomina,
756 4037 828 4103 quod

1262 557 1390 669 169ΙΙ

871 691 937 744 haec
954 687 1046 744 eaden
1064 692 1166 760 generis
1181 689 1300 745 feminini
1315 708 1362 745 no-
1378 678 1388 775 s

869 780 942 832 mina
970 797 1016 850 per
1042 781 1243 835 inmutationem
1268 795 1362 850 reppe-

869 868 975 921 riantur
986 887 1040 923 esse
1051 870 1170 924 anomala
1180 907 1188 927 ,
1198 879 1228 921 ut
1239 878 1306 939 puta
1316 867 1362 920 hic

869 975 964 1015 senex,
982 961 1048 1012 haec
1068 977 1132 1012 anus
1151 957 1237 1010 lacere
1254 954 1361 1010 debeat.

869 1048 947 1102 Nunc
957 1050 1257 1126 etiamliocmoncmus,
1275 1048 1301 1100 in
1313 1047 1363 1098 linc

870 1136 953 1189 forma
979 1137 1081 1206 generis
1108 1135 1247 1188 masculini
1269 1171 1276 1190 ‚
1309 1150 1363 1205 qna

871 1224 1006 1282 diximus.
1025 1225 1054 1278 in
1072 1223 1187 1295 positivo
1207 1222 1290 1289 gradu
1316 1239 1366 1274 no-

872 1314 1001 1368 minativo
1020 1331 1082 1370 casu
1101 1313 1202 1366 numeri
1222 1310 1363 1379 singularis

872 1401 979 1454 nomina
997 1421 1031 1456 ex
1043 1401 1140 1454 tinnis
1157 1398 1276 1456 deliniri,
1290 1394 1363 1467 quod

873 1505 906 1540 cx
924 1505 955 1540 eu
975 1486 1056 1541 forma
1075 1488 1135 1559 plus
1152 1502 1233 1557 quam
1252 1495 1306 1539 tres
1323 1500 1364 1537 so·

873 1574 919 1633 ni.
938 1575 989 1628 hoc
1005 1587 1045 1630 est
1063 1594 1143 1646 quam
1161 1575 1214 1630 tris
1237 1573 1364 1630 nomina·

874 1680 926 1717 uon
945 1664 1048 1734 possint
1065 1661 1194 1718 exhiberi.
1218 1663 1258 1715 De
1282 1659 1365 1713 lorum

874 1755 974 1820 generis
988 1752 1126 1806 masculini
1144 1769 1199 1822 qun
1219 1751 1247 1803 in
1268 1748 1376 1822 positi·.

874 1857 907 1891 vo
929 1839 1013 1904 gradu
1039 1840 1203 1895 nominativo
1226 1854 1288 1890 essu
1313 1853 1365 1889 nu·

873 1927 938 1978 meri
955 1927 1097 1994 singularis
1114 1927 1221 1980 nomina
1237 1942 1270 1977 ex
1287 1922 1364 1977 litte·

875 2014 911 2065 ris
937 2013 1118 2070 definiuntur,
1144 2009 1365 2082 quemadmodum

874 2119 907 2153 ox
920 2119 947 2154 se
966 2101 1157 2172 comparativus
1180 2099 1294 2168 gradus.
1314 2116 1362 2152 nee

875 2209 927 2243 non
945 2200 972 2242 ct
990 2189 1096 2242 nomina
1120 2187 1246 2241 feminina
1275 2185 1362 2239 lacere

875 2279 996 2348 possint.
1020 2277 1061 2330 vel
1081 2277 1152 2330 intra
1171 2285 1302 2345 quantum
1319 2292 1366 2327 nu·

874 2364 972 2416 meru'm
983 2378 1039 2414 esse
1051 2363 1234 2433 repperiantur
1248 2398 1255 2418 ‚
1275 2377 1364 2431 quan-

876 2463 932 2505 tum
951 2448 1020 2502 ratio
1038 2448 1164 2519 poscebat
1184 2447 1367 2503 tractavimus.

1063 2552 1099 2589 ns
1121 2553 1174 2590 ·os·

912 2627 1099 2694 Quaecumque
1137 2623 1249 2676 nomina
1288 2639 1368 2690 genc-

877 2717 913 2769 ris
933 2716 1070 2768 masculini
1096 2715 1123 2766 in
1146 2714 1261 2784 positivo
1285 2707 1369 2780 produ

877 2802 1042 2859 nominativo
1070 2820 1131 2855 casu
1151 2799 1252 2854 numeri
1272 2800 1368 2868 singu-

877 2888 939 2941 laris
968 2906 1019 2941 tus·
1053 2888 1151 2941 litteris
1174 2886 1337 2939 deliniuntur
1359 2919 1368 2941 0

876 2978 899 3028 si
927 2976 1118 3046 comparativus
1149 2973 1245 3042 gradus
1274 2990 1307 3024 er
1339 2990 1368 3025 se

877 3064 961 3117 lacere
978 3075 1109 3136 possunt.
1132 3065 1198 3117 haec
1223 3063 1249 3114 in
1264 3062 1370 3130 geneti-

875 3174 909 3209 vo
936 3172 996 3207 cusu
1025 3154 1128 3206 numeri
1155 3153 1295 3221 singularis
1316 3170 1366 3206 ιον·

876 3242 1005 3310 syllabam
1026 3241 1179 3313 accipiunt.
1193 3252 1221 3293 ct
1240 3257 1372 3310 compars-

879 3334 963 3387 tivum
982 3331 1092 3397 gradum
1112 3329 1212 3397 generis
1227 3330 1370 3381 communis

878 3419 1035 3471 ostendunt:
1051 3417 1152 3470 scilicet
1170 3416 1294 3486 quoniam
1312 3416 1370 3484 qui·
1435 3445 1439 3455 ·

878 3522 992 3573 cumque
1011 3503 1185 3585 comparativi
1209 3502 1306 3569 gradus
1323 3521 1368 3555 no·

880 3594 1009 3646 minatiro
1029 3610 1091 3644 cnsu
1112 3591 1212 3643 numeri
1229 3590 1370 3659 singularis

882 3682 942 3734 ·ior·
959 3679 1055 3735 litteris
1075 3680 1257 3734 deliniuntur.
1271 3689 1300 3731 et
1318 3697 1370 3732 non

880 3791 912 3825 ex
932 3771 977 3822 illa
1001 3767 1133 3840 positione
1162 3766 1259 3819 formae
1282 3803 1289 3824 ,
1316 3785 1371 3837 qua

880 3878 912 3914 cr
931 3874 1023 3926 genere
1044 3854 1188 3907 masculino
1203 3850 1370 3906 nominativo

880 3964 943 3998 casu
962 3943 1063 3997 numeri
1093 3940 1234 4008 singularis
1265 3941 1370 3993 nomina

879 4034 1056 4089 definiuntur,
1066 4030 1156 4084 venire
1166 4029 1369 4096 intelleguntur.
