<?xml version="1.0" encoding="UTF-8"?>
<!DOCTYPE html PUBLIC "-//W3C//DTD XHTML 1.0 Transitional//EN"
    "http://www.w3.org/TR/xhtml1/DTD/xhtml1-transitional.dtd">
<html xmlns="http://www.w3.org/1999/xhtml" xml:lang="en" lang="en">
 <head>
  <title>
</title>
<meta http-equiv="Content-Type" content="text/html;charset=utf-8" />
  <meta name='ocr-system' content='tesseract 3.04.00' />
  <meta name='ocr-capabilities' content='ocr_page ocr_carea ocr_par ocr_line ocrx_word'/>
</head>
<body>
  <div class='ocr_page' id='page_1' title='image "./classicorumauct00vatigoog_0407.png"; bbox 0 0 3382 5206; ppageno 0'>
   <div class='ocr_carea' id='block_1_1' title="bbox 549 561 1336 658">
    <p class='ocr_par' dir='ltr' id='par_1_1' title="bbox 549 561 1336 658">
     <span class='ocr_line' id='line_1_1' title="bbox 549 561 1336 658; baseline -0.011 -14"><span class='ocrx_word' id='word_1_1' title='bbox 549 596 792 658; x_wconf 79' lang='lat' dir='ltr'>Quaasrrorrs</span> <span class='ocrx_word' id='word_1_2' title='bbox 816 588 1137 640; x_wconf 75' lang='lat' dir='ltr'>oranusrrcanrs.</span> <span class='ocrx_word' id='word_1_3' title='bbox 1175 615 1180 623; x_wconf 83' lang='lat'><strong>·</strong></span> <span class='ocrx_word' id='word_1_4' title='bbox 1265 561 1336 657; x_wconf 82' lang='lat'>339</span> 
     </span>
    </p>
   </div>
   <div class='ocr_carea' id='block_1_2' title="bbox 327 699 1360 903">
    <p class='ocr_par' dir='ltr' id='par_1_2' title="bbox 327 699 1360 903">
     <span class='ocr_line' id='line_1_2' title="bbox 327 699 1359 796; baseline -0.012 -15"><span class='ocrx_word' id='word_1_5' title='bbox 327 712 464 781; x_wconf 84' lang='lat' dir='ltr'>millima</span> <span class='ocrx_word' id='word_1_6' title='bbox 479 710 530 778; x_wconf 62' lang='lat' dir='ltr'>vG·</span> <span class='ocrx_word' id='word_1_7' title='bbox 546 710 762 796; x_wconf 81' lang='lat' dir='ltr'>distinguatur·</span> <span class='ocrx_word' id='word_1_8' title='bbox 786 705 946 771; x_wconf 76' lang='lat' dir='ltr'><strong>vocalium</strong></span> <span class='ocrx_word' id='word_1_9' title='bbox 964 699 1168 775; x_wconf 78' lang='lat' dir='ltr'><strong>mutatione?</strong></span> <span class='ocrx_word' id='word_1_10' title='bbox 1187 700 1359 795; x_wconf 83' lang='lat' dir='ltr'>Siquidem</span> 
     </span>
     <span class='ocr_line' id='line_1_3' title="bbox 331 813 1360 903; baseline -0.009 -15"><span class='ocrx_word' id='word_1_11' title='bbox 331 828 452 903; x_wconf 82' lang='lat' dir='ltr'>viuco,</span> <span class='ocrx_word' id='word_1_12' title='bbox 477 823 563 886; x_wconf 81' lang='lat' dir='ltr'>vinci</span> <span class='ocrx_word' id='word_1_13' title='bbox 581 869 591 902; x_wconf 97' lang='lat'>,</span> <span class='ocrx_word' id='word_1_14' title='bbox 611 821 730 900; x_wconf 83' lang='lat' dir='ltr'>vince,</span> <span class='ocrx_word' id='word_1_15' title='bbox 754 819 907 897; x_wconf 78' lang='lat' dir='ltr'>vincam,</span> <span class='ocrx_word' id='word_1_16' title='bbox 937 832 1063 880; x_wconf 89' lang='lat' dir='ltr'>mutato</span> <span class='ocrx_word' id='word_1_17' title='bbox 1091 840 1165 880; x_wconf 89' lang='lat' dir='ltr'>cum</span> <span class='ocrx_word' id='word_1_18' title='bbox 1192 813 1360 885; x_wconf 80' lang='lat' dir='ltr'>vocalibus</span> 
     </span>
    </p>
   </div>
   <div class='ocr_carea' id='block_1_3' title="bbox 328 922 1363 1239">
    <p class='ocr_par' dir='ltr' id='par_1_3' title="bbox 328 922 1363 1239">
     <span class='ocr_line' id='line_1_4' title="bbox 328 922 1363 1017; baseline -0.001 -20"><span class='ocrx_word' id='word_1_19' title='bbox 328 956 432 1014; x_wconf 85' lang='lat' dir='ltr'>sono,</span> <span class='ocrx_word' id='word_1_20' title='bbox 461 929 623 1004; x_wconf 75' lang='lat' dir='ltr'>dicimus;</span> <span class='ocrx_word' id='word_1_21' title='bbox 655 926 932 1016; x_wconf 81' lang='lat' dir='ltr'>quemadmodum</span> <span class='ocrx_word' id='word_1_22' title='bbox 958 943 990 992; x_wconf 85' lang='lat' dir='ltr'>et</span> <span class='ocrx_word' id='word_1_23' title='bbox 1018 925 1117 1017; x_wconf 84' lang='lat' dir='ltr'>lugu,</span> <span class='ocrx_word' id='word_1_24' title='bbox 1141 922 1207 1016; x_wconf 84' lang='lat' dir='ltr'>legi</span> <span class='ocrx_word' id='word_1_25' title='bbox 1231 974 1241 1008; x_wconf 96' lang='lat'>,</span> <span class='ocrx_word' id='word_1_26' title='bbox 1265 923 1363 1016; x_wconf 84' lang='lat' dir='ltr'>lege,</span> 
     </span>
     <span class='ocr_line' id='line_1_5' title="bbox 332 1037 1357 1131; baseline -0.001 -25"><span class='ocrx_word' id='word_1_27' title='bbox 332 1040 448 1131; x_wconf 77' lang='lat' dir='ltr'>legam.</span> <span class='ocrx_word' id='word_1_28' title='bbox 471 1037 565 1125; x_wconf 90' lang='lat' dir='ltr'>Quod</span> <span class='ocrx_word' id='word_1_29' title='bbox 591 1039 616 1105; x_wconf 89' lang='lat' dir='ltr'>si</span> <span class='ocrx_word' id='word_1_30' title='bbox 640 1056 710 1126; x_wconf 85' lang='lat' dir='ltr'>post</span> <span class='ocrx_word' id='word_1_31' title='bbox 725 1038 774 1105; x_wconf 68' lang='lat' dir='ltr'>t}-</span> <span class='ocrx_word' id='word_1_32' title='bbox 791 1037 876 1103; x_wconf 84' lang='lat' dir='ltr'>idern</span> <span class='ocrx_word' id='word_1_33' title='bbox 899 1037 971 1126; x_wconf 85' lang='lat' dir='ltr'>quis</span> <span class='ocrx_word' id='word_1_34' title='bbox 998 1037 1131 1122; x_wconf 80' lang='lat' dir='ltr'>lecerit,</span> <span class='ocrx_word' id='word_1_35' title='bbox 1144 1040 1357 1127; x_wconf 75' lang='lat' dir='ltr'>proponimus</span> 
     </span>
     <span class='ocr_line' id='line_1_6' title="bbox 330 1142 1354 1239; baseline -0.004 -22"><span class='ocrx_word' id='word_1_36' title='bbox 330 1149 415 1217; x_wconf 86' lang='lat' dir='ltr'>uutle</span> <span class='ocrx_word' id='word_1_37' title='bbox 429 1151 471 1214; x_wconf 81' lang='lat' dir='ltr'>ait</span> <span class='ocrx_word' id='word_1_38' title='bbox 487 1142 648 1239; x_wconf 86' lang='lat' dir='ltr'>imperitia</span> <span class='ocrx_word' id='word_1_39' title='bbox 672 1146 850 1226; x_wconf 70' lang='lat' dir='ltr'>notabilis,</span> <span class='ocrx_word' id='word_1_40' title='bbox 872 1164 903 1214; x_wconf 93' lang='lat' dir='ltr'>et</span> <span class='ocrx_word' id='word_1_41' title='bbox 924 1145 1060 1213; x_wconf 87' lang='lat' dir='ltr'>stultum</span> <span class='ocrx_word' id='word_1_42' title='bbox 1081 1165 1129 1214; x_wconf 88' lang='lat' dir='ltr'>est</span> <span class='ocrx_word' id='word_1_43' title='bbox 1152 1146 1263 1216; x_wconf 84' lang='lat' dir='ltr'>dicere</span> <span class='ocrx_word' id='word_1_44' title='bbox 1277 1151 1354 1238; x_wconf 89' lang='lat' dir='ltr'>pin·</span> 
     </span>
    </p>
   </div>
   <div class='ocr_carea' id='block_1_4' title="bbox 264 1256 1402 2232">
    <p class='ocr_par' dir='ltr' id='par_1_4' title="bbox 264 1256 1358 2012">
     <span class='ocr_line' id='line_1_7' title="bbox 329 1256 1358 1350; baseline 0.003 -27"><span class='ocrx_word' id='word_1_45' title='bbox 329 1282 392 1348; x_wconf 71' lang='lat' dir='ltr'>gne</span> <span class='ocrx_word' id='word_1_46' title='bbox 414 1284 473 1348; x_wconf 88' lang='lat' dir='ltr'>pro</span> <span class='ocrx_word' id='word_1_47' title='bbox 497 1260 616 1348; x_wconf 81' lang='lat' dir='ltr'>pinge,</span> <span class='ocrx_word' id='word_1_48' title='bbox 641 1275 674 1322; x_wconf 89' lang='lat' dir='ltr'>et</span> <span class='ocrx_word' id='word_1_49' title='bbox 692 1257 803 1349; x_wconf 85' lang='lat' dir='ltr'>lingue</span> <span class='ocrx_word' id='word_1_50' title='bbox 819 1282 877 1346; x_wconf 87' lang='lat' dir='ltr'>pro</span> <span class='ocrx_word' id='word_1_51' title='bbox 906 1256 1020 1347; x_wconf 87' lang='lat' dir='ltr'>linge,</span> <span class='ocrx_word' id='word_1_52' title='bbox 1047 1277 1079 1324; x_wconf 90' lang='lat' dir='ltr'>et</span> <span class='ocrx_word' id='word_1_53' title='bbox 1094 1275 1130 1322; x_wconf 88' lang='lat' dir='ltr'>ut</span> <span class='ocrx_word' id='word_1_54' title='bbox 1150 1258 1264 1328; x_wconf 83' lang='lat' dir='ltr'>Servio</span> <span class='ocrx_word' id='word_1_55' title='bbox 1284 1259 1358 1350; x_wconf 86' lang='lat' dir='ltr'>pla·</span> 
     </span>
     <span class='ocr_line' id='line_1_8' title="bbox 331 1365 1355 1458; baseline 0.003 -25"><span class='ocrx_word' id='word_1_56' title='bbox 331 1384 384 1433; x_wconf 86' lang='lat' dir='ltr'>cot</span> <span class='ocrx_word' id='word_1_57' title='bbox 418 1369 452 1433; x_wconf 89' lang='lat' dir='ltr'>iu</span> <span class='ocrx_word' id='word_1_58' title='bbox 481 1369 542 1434; x_wconf 80' lang='lat' dir='ltr'>lll·</span> <span class='ocrx_word' id='word_1_59' title='bbox 569 1365 717 1435; x_wconf 82' lang='lat' dir='ltr'>aeneidos</span> <span class='ocrx_word' id='word_1_60' title='bbox 748 1390 855 1458; x_wconf 85' lang='lat' dir='ltr'>ungue</span> <span class='ocrx_word' id='word_1_61' title='bbox 881 1389 940 1454; x_wconf 83' lang='lat' dir='ltr'>pro</span> <span class='ocrx_word' id='word_1_62' title='bbox 973 1391 1088 1458; x_wconf 87' lang='lat' dir='ltr'>unge,</span> <span class='ocrx_word' id='word_1_63' title='bbox 1116 1366 1204 1436; x_wconf 88' lang='lat' dir='ltr'>unde</span> <span class='ocrx_word' id='word_1_64' title='bbox 1232 1385 1265 1435; x_wconf 87' lang='lat' dir='ltr'>et</span> <span class='ocrx_word' id='word_1_65' title='bbox 1291 1392 1355 1436; x_wconf 85' lang='lat' dir='ltr'>un-</span> 
     </span>
     <span class='ocr_line' id='line_1_9' title="bbox 332 1476 1358 1568; baseline 0.006 -28"><span class='ocrx_word' id='word_1_66' title='bbox 332 1498 467 1568; x_wconf 81' lang='lat' dir='ltr'>gentum</span> <span class='ocrx_word' id='word_1_67' title='bbox 483 1479 551 1546; x_wconf 92' lang='lat' dir='ltr'>sine</span> <span class='ocrx_word' id='word_1_68' title='bbox 564 1479 616 1544; x_wconf 85' lang='lat' dir='ltr'>.U.</span> <span class='ocrx_word' id='word_1_69' title='bbox 633 1477 711 1543; x_wconf 90' lang='lat' dir='ltr'>dicit</span> <span class='ocrx_word' id='word_1_70' title='bbox 727 1502 794 1543; x_wconf 85' lang='lat' dir='ltr'>esse</span> <span class='ocrx_word' id='word_1_71' title='bbox 807 1500 882 1540; x_wconf 88' lang='lat' dir='ltr'>cum</span> <span class='ocrx_word' id='word_1_72' title='bbox 896 1476 966 1552; x_wconf 80' lang='lat' dir='ltr'><strong>·G·;</strong></span> <span class='ocrx_word' id='word_1_73' title='bbox 982 1481 1067 1545; x_wconf 88' lang='lat' dir='ltr'>sicut</span> <span class='ocrx_word' id='word_1_74' title='bbox 1081 1495 1111 1542; x_wconf 85' lang='lat' dir='ltr'>et</span> <span class='ocrx_word' id='word_1_75' title='bbox 1129 1479 1176 1563; x_wconf 90' lang='lat' dir='ltr'>··Q</span> <span class='ocrx_word' id='word_1_76' title='bbox 1190 1493 1270 1544; x_wconf 89' lang='lat' dir='ltr'>tunc</span> <span class='ocrx_word' id='word_1_77' title='bbox 1284 1495 1358 1546; x_wconf 87' lang='lat' dir='ltr'>tan-</span> 
     </span>
     <span class='ocr_line' id='line_1_10' title="bbox 264 1587 1355 1677; baseline 0.006 -28"><span class='ocrx_word' id='word_1_78' title='bbox 264 1658 268 1665; x_wconf 43' lang='lat'>,</span> <span class='ocrx_word' id='word_1_79' title='bbox 332 1604 399 1650; x_wconf 89' lang='lat' dir='ltr'>tntu</span> <span class='ocrx_word' id='word_1_80' title='bbox 415 1588 566 1677; x_wconf 78' lang='lat' dir='ltr'>pinguem</span> <span class='ocrx_word' id='word_1_81' title='bbox 588 1609 702 1653; x_wconf 87' lang='lat' dir='ltr'>sonum</span> <span class='ocrx_word' id='word_1_82' title='bbox 724 1588 863 1666; x_wconf 81' lang='lat' dir='ltr'>lrabeat,</span> <span class='ocrx_word' id='word_1_83' title='bbox 882 1589 907 1652; x_wconf 86' lang='lat' dir='ltr'>si</span> <span class='ocrx_word' id='word_1_84' title='bbox 929 1589 957 1651; x_wconf 87' lang='lat' dir='ltr'>ei</span> <span class='ocrx_word' id='word_1_85' title='bbox 979 1589 1028 1653; x_wconf 90' lang='lat' dir='ltr'>·V·</span> <span class='ocrx_word' id='word_1_86' title='bbox 1048 1605 1122 1653; x_wconf 90' lang='lat' dir='ltr'>aute</span> <span class='ocrx_word' id='word_1_87' title='bbox 1144 1587 1279 1661; x_wconf 74' lang='lat' dir='ltr'>alteram</span> <span class='ocrx_word' id='word_1_88' title='bbox 1294 1614 1355 1659; x_wconf 80' lang='lat' dir='ltr'>vo-</span> 
     </span>
     <span class='ocr_line' id='line_1_11' title="bbox 333 1698 1357 1794; baseline 0.009 -30"><span class='ocrx_word' id='word_1_89' title='bbox 333 1698 436 1764; x_wconf 83' lang='lat' dir='ltr'>calem</span> <span class='ocrx_word' id='word_1_90' title='bbox 459 1698 660 1783; x_wconf 84' lang='lat' dir='ltr'>adhaereat,</span> <span class='ocrx_word' id='word_1_91' title='bbox 684 1725 747 1791; x_wconf 88' lang='lat' dir='ltr'>qua</span> <span class='ocrx_word' id='word_1_92' title='bbox 772 1704 913 1784; x_wconf 88' lang='lat' dir='ltr'>amissa,</span> <span class='ocrx_word' id='word_1_93' title='bbox 934 1704 985 1770; x_wconf 88' lang='lat' dir='ltr'>·G·</span> <span class='ocrx_word' id='word_1_94' title='bbox 1012 1702 1143 1792; x_wconf 86' lang='lat' dir='ltr'>quidem</span> <span class='ocrx_word' id='word_1_95' title='bbox 1166 1724 1357 1794; x_wconf 84' lang='lat' dir='ltr'>permanet,</span> 
     </span>
     <span class='ocr_line' id='line_1_12' title="bbox 330 1808 1355 1901; baseline 0.012 -28"><span class='ocrx_word' id='word_1_96' title='bbox 330 1808 387 1874; x_wconf 83' lang='lat' dir='ltr'>sed</span> <span class='ocrx_word' id='word_1_97' title='bbox 403 1812 450 1893; x_wconf 75' lang='lat' dir='ltr'>»Q</span> <span class='ocrx_word' id='word_1_98' title='bbox 465 1833 600 1875; x_wconf 89' lang='lat' dir='ltr'>manere</span> <span class='ocrx_word' id='word_1_99' title='bbox 617 1836 681 1876; x_wconf 77' lang='lat' dir='ltr'>stou</span> <span class='ocrx_word' id='word_1_100' title='bbox 705 1810 812 1886; x_wconf 83' lang='lat' dir='ltr'>ralot;</span> <span class='ocrx_word' id='word_1_101' title='bbox 834 1814 913 1901; x_wconf 90' lang='lat' dir='ltr'>quiu</span> <span class='ocrx_word' id='word_1_102' title='bbox 934 1812 966 1876; x_wconf 93' lang='lat' dir='ltr'>iu</span> <span class='ocrx_word' id='word_1_103' title='bbox 984 1814 1035 1877; x_wconf 70' lang='grc' dir='ltr'>οὒ·</span> <span class='ocrx_word' id='word_1_104' title='bbox 1051 1819 1180 1897; x_wconf 77' lang='lat' dir='ltr'>transit,</span> <span class='ocrx_word' id='word_1_105' title='bbox 1195 1816 1300 1881; x_wconf 87' lang='lat' dir='ltr'>statim</span> <span class='ocrx_word' id='word_1_106' title='bbox 1320 1835 1355 1885; x_wconf 88' lang='lat' dir='ltr'>ut</span> 
     </span>
     <span class='ocr_line' id='line_1_13' title="bbox 331 1918 1330 2012; baseline 0.008 -27"><span class='ocrx_word' id='word_1_107' title='bbox 331 1921 383 1985; x_wconf 87' lang='lat' dir='ltr'>·U·</span> <span class='ocrx_word' id='word_1_108' title='bbox 397 1937 470 1984; x_wconf 91' lang='lat' dir='ltr'>ante</span> <span class='ocrx_word' id='word_1_109' title='bbox 486 1918 622 1984; x_wconf 86' lang='lat' dir='ltr'>alteram</span> <span class='ocrx_word' id='word_1_110' title='bbox 639 1920 784 1987; x_wconf 87' lang='lat' dir='ltr'>vocalem</span> <span class='ocrx_word' id='word_1_111' title='bbox 797 1922 1001 2010; x_wconf 79' lang='lat' dir='ltr'>perdiderit,</span> <span class='ocrx_word' id='word_1_112' title='bbox 1016 1940 1050 1988; x_wconf 89' lang='lat' dir='ltr'>ut</span> <span class='ocrx_word' id='word_1_113' title='bbox 1064 1945 1184 2012; x_wconf 87' lang='lat' dir='ltr'>sequor</span> <span class='ocrx_word' id='word_1_114' title='bbox 1195 1941 1330 1993; x_wconf 86' lang='lat' dir='ltr'>secutus.</span> 
     </span>
    </p>

    <p class='ocr_par' dir='ltr' id='par_1_5' title="bbox 334 2032 1402 2232">
     <span class='ocr_line' id='line_1_14' title="bbox 379 2032 1353 2125; baseline 0.008 -29"><span class='ocrx_word' id='word_1_115' title='bbox 379 2056 387 2096; x_wconf 91' lang='lat' dir='ltr'>t</span> <span class='ocrx_word' id='word_1_116' title='bbox 403 2057 427 2099; x_wconf 93' lang='lat' dir='ltr'>t.</span> <span class='ocrx_word' id='word_1_117' title='bbox 441 2032 593 2123; x_wconf 88' lang='lat' dir='ltr'>Denique</span> <span class='ocrx_word' id='word_1_118' title='bbox 604 2033 758 2123; x_wconf 90' lang='lat' dir='ltr'>quoniam</span> <span class='ocrx_word' id='word_1_119' title='bbox 768 2058 880 2100; x_wconf 90' lang='lat' dir='ltr'>omnes</span> <span class='ocrx_word' id='word_1_120' title='bbox 895 2052 1168 2117; x_wconf 80' lang='lat' dir='ltr'>consonantes,et</span> <span class='ocrx_word' id='word_1_121' title='bbox 1176 2035 1353 2125; x_wconf 87' lang='lat' dir='ltr'>praecipue</span> 
     </span>
     <span class='ocr_line' id='line_1_15' title="bbox 334 2138 1402 2232; baseline 0.006 -31"><span class='ocrx_word' id='word_1_122' title='bbox 334 2154 459 2221; x_wconf 89' lang='lat' dir='ltr'>mutae,</span> <span class='ocrx_word' id='word_1_123' title='bbox 475 2138 561 2205; x_wconf 83' lang='lat' dir='ltr'>velut</span> <span class='ocrx_word' id='word_1_124' title='bbox 577 2142 723 2205; x_wconf 80' lang='lat' dir='ltr'>exartime</span> <span class='ocrx_word' id='word_1_125' title='bbox 737 2162 856 2228; x_wconf 82' lang='lat' dir='ltr'>corpus</span> <span class='ocrx_word' id='word_1_126' title='bbox 874 2141 998 2225; x_wconf 88' lang='lat' dir='ltr'>iacent,</span> <span class='ocrx_word' id='word_1_127' title='bbox 1013 2164 1182 2232; x_wconf 80' lang='lat' dir='ltr'>quousque</span> <span class='ocrx_word' id='word_1_128' title='bbox 1197 2139 1268 2207; x_wconf 88' lang='lat' dir='ltr'>illas</span> <span class='ocrx_word' id='word_1_129' title='bbox 1283 2145 1355 2209; x_wconf 87' lang='lat' dir='ltr'>sin·</span> <span class='ocrx_word' id='word_1_130' title='bbox 1398 2160 1402 2164; x_wconf 85' lang='lat'>&#39;</span> 
     </span>
    </p>
   </div>
   <div class='ocr_carea' id='block_1_5' title="bbox 329 2246 1354 2447">
    <p class='ocr_par' dir='ltr' id='par_1_6' title="bbox 329 2246 1354 2447">
     <span class='ocr_line' id='line_1_16' title="bbox 329 2246 1353 2341; baseline 0.01 -31"><span class='ocrx_word' id='word_1_131' title='bbox 329 2246 424 2336; x_wconf 85' lang='lat' dir='ltr'>gulae</span> <span class='ocrx_word' id='word_1_132' title='bbox 450 2246 613 2316; x_wconf 80' lang='lat' dir='ltr'>vocalium</span> <span class='ocrx_word' id='word_1_133' title='bbox 642 2276 702 2341; x_wconf 91' lang='lat' dir='ltr'>pro</span> <span class='ocrx_word' id='word_1_134' title='bbox 722 2274 779 2316; x_wconf 91' lang='lat' dir='ltr'>suo</span> <span class='ocrx_word' id='word_1_135' title='bbox 802 2267 883 2316; x_wconf 89' lang='lat' dir='ltr'>nutu</span> <span class='ocrx_word' id='word_1_136' title='bbox 912 2249 1086 2318; x_wconf 89' lang='lat' dir='ltr'>animando</span> <span class='ocrx_word' id='word_1_137' title='bbox 1107 2269 1353 2336; x_wconf 85' lang='lat' dir='ltr'>movent,cer·</span> 
     </span>
     <span class='ocr_line' id='line_1_17' title="bbox 332 2353 1354 2447; baseline 0.011 -34"><span class='ocrx_word' id='word_1_138' title='bbox 332 2367 400 2417; x_wconf 89' lang='lat' dir='ltr'>tum</span> <span class='ocrx_word' id='word_1_139' title='bbox 424 2370 474 2419; x_wconf 86' lang='lat' dir='ltr'>est</span> <span class='ocrx_word' id='word_1_140' title='bbox 496 2354 585 2444; x_wconf 89' lang='lat' dir='ltr'>quod</span> <span class='ocrx_word' id='word_1_141' title='bbox 606 2379 852 2447; x_wconf 77' lang='lat' dir='ltr'>nonnumquam</span> <span class='ocrx_word' id='word_1_142' title='bbox 869 2354 1005 2423; x_wconf 84' lang='lat' dir='ltr'>Romani</span> <span class='ocrx_word' id='word_1_143' title='bbox 1027 2355 1205 2444; x_wconf 86' lang='lat' dir='ltr'>superfluas</span> <span class='ocrx_word' id='word_1_144' title='bbox 1231 2353 1354 2425; x_wconf 83' lang='lat' dir='ltr'>litteras</span> 
     </span>
    </p>
   </div>
   <div class='ocr_carea' id='block_1_6' title="bbox 326 2461 1358 4104">
    <p class='ocr_par' dir='ltr' id='par_1_7' title="bbox 326 2461 1358 4104">
     <span class='ocr_line' id='line_1_18' title="bbox 329 2461 1355 2553; baseline 0.01 -29"><span class='ocrx_word' id='word_1_145' title='bbox 329 2461 474 2529; x_wconf 88' lang='lat' dir='ltr'>iudicent</span> <span class='ocrx_word' id='word_1_146' title='bbox 493 2513 504 2547; x_wconf 98' lang='lat'>,</span> <span class='ocrx_word' id='word_1_147' title='bbox 525 2487 612 2553; x_wconf 87' lang='lat' dir='ltr'>quae</span> <span class='ocrx_word' id='word_1_148' title='bbox 632 2465 696 2534; x_wconf 89' lang='lat' dir='ltr'>hoc</span> <span class='ocrx_word' id='word_1_149' title='bbox 724 2483 815 2533; x_wconf 89' lang='lat' dir='ltr'>motu</span> <span class='ocrx_word' id='word_1_150' title='bbox 835 2466 969 2550; x_wconf 81' lang='lat' dir='ltr'>carent,</span> <span class='ocrx_word' id='word_1_151' title='bbox 996 2482 1031 2531; x_wconf 86' lang='lat' dir='ltr'>nt</span> <span class='ocrx_word' id='word_1_152' title='bbox 1051 2468 1091 2533; x_wconf 87' lang='lat' dir='ltr'>ll·</span> <span class='ocrx_word' id='word_1_153' title='bbox 1106 2467 1147 2533; x_wconf 89' lang='lat' dir='ltr'>K·</span> <span class='ocrx_word' id='word_1_154' title='bbox 1161 2467 1201 2551; x_wconf 91' lang='lat' dir='ltr'>Q</span> <span class='ocrx_word' id='word_1_155' title='bbox 1220 2465 1285 2534; x_wconf 85' lang='lat' dir='ltr'>Sed</span> <span class='ocrx_word' id='word_1_156' title='bbox 1300 2469 1355 2534; x_wconf 78' lang='lat' dir='ltr'><strong>·&#39;l(·</strong></span> 
     </span>
     <span class='ocr_line' id='line_1_19' title="bbox 329 2574 1355 2666; baseline 0.007 -30"><span class='ocrx_word' id='word_1_157' title='bbox 329 2589 361 2636; x_wconf 89' lang='lat' dir='ltr'>et</span> <span class='ocrx_word' id='word_1_158' title='bbox 374 2574 422 2658; x_wconf 90' lang='lat' dir='ltr'>·Q·</span> <span class='ocrx_word' id='word_1_159' title='bbox 436 2574 538 2665; x_wconf 85' lang='lat' dir='ltr'>figura</span> <span class='ocrx_word' id='word_1_160' title='bbox 563 2592 595 2644; x_wconf 86' lang='lat' dir='ltr'>ct</span> <span class='ocrx_word' id='word_1_161' title='bbox 616 2583 747 2643; x_wconf 86' lang='lat' dir='ltr'>nomine</span> <span class='ocrx_word' id='word_1_162' title='bbox 769 2576 853 2644; x_wconf 88' lang='lat' dir='ltr'>a·C·</span> <span class='ocrx_word' id='word_1_163' title='bbox 868 2575 1078 2666; x_wconf 86' lang='lat' dir='ltr'>discrepant,</span> <span class='ocrx_word' id='word_1_164' title='bbox 1100 2598 1176 2642; x_wconf 90' lang='lat' dir='ltr'>cum</span> <span class='ocrx_word' id='word_1_165' title='bbox 1195 2599 1276 2642; x_wconf 92' lang='lat' dir='ltr'>sono</span> <span class='ocrx_word' id='word_1_166' title='bbox 1296 2601 1355 2643; x_wconf 87' lang='lat' dir='ltr'>vo·</span> 
     </span>
     <span class='ocr_line' id='line_1_20' title="bbox 329 2682 1356 2772; baseline 0.002 -25"><span class='ocrx_word' id='word_1_167' title='bbox 329 2683 374 2749; x_wconf 89' lang='lat' dir='ltr'>cis</span> <span class='ocrx_word' id='word_1_168' title='bbox 394 2708 452 2772; x_wconf 80' lang='lat' dir='ltr'>per</span> <span class='ocrx_word' id='word_1_169' title='bbox 467 2682 518 2751; x_wconf 88' lang='lat' dir='ltr'>·A·</span> <span class='ocrx_word' id='word_1_170' title='bbox 534 2703 565 2754; x_wconf 88' lang='lat' dir='ltr'>et</span> <span class='ocrx_word' id='word_1_171' title='bbox 579 2686 633 2754; x_wconf 89' lang='lat' dir='ltr'>·U·</span> <span class='ocrx_word' id='word_1_172' title='bbox 656 2687 846 2753; x_wconf 82' lang='lat' dir='ltr'>conveniant</span> <span class='ocrx_word' id='word_1_173' title='bbox 862 2687 912 2752; x_wconf 90' lang='lat' dir='ltr'>·H·</span> <span class='ocrx_word' id='word_1_174' title='bbox 929 2710 1005 2752; x_wconf 87' lang='lat' dir='ltr'>vcro</span> <span class='ocrx_word' id='word_1_175' title='bbox 1023 2703 1149 2752; x_wconf 90' lang='lat' dir='ltr'>tantum</span> <span class='ocrx_word' id='word_1_176' title='bbox 1172 2703 1276 2753; x_wconf 84' lang='lat' dir='ltr'>metro</span> <span class='ocrx_word' id='word_1_177' title='bbox 1295 2688 1356 2752; x_wconf 87' lang='lat' dir='ltr'>uti-</span> 
     </span>
     <span class='ocr_line' id='line_1_21' title="bbox 330 2791 1356 2887; baseline 0.006 -30"><span class='ocrx_word' id='word_1_178' title='bbox 330 2791 391 2876; x_wconf 89' lang='lat' dir='ltr'>lis,</span> <span class='ocrx_word' id='word_1_179' title='bbox 412 2817 542 2884; x_wconf 84' lang='lat' dir='ltr'>semper</span> <span class='ocrx_word' id='word_1_180' title='bbox 567 2797 692 2886; x_wconf 90' lang='lat' dir='ltr'>absque</span> <span class='ocrx_word' id='word_1_181' title='bbox 717 2794 785 2862; x_wconf 88' lang='lat' dir='ltr'>ullo</span> <span class='ocrx_word' id='word_1_182' title='bbox 810 2820 891 2864; x_wconf 89' lang='lat' dir='ltr'>sono</span> <span class='ocrx_word' id='word_1_183' title='bbox 916 2794 1083 2863; x_wconf 81' lang='lat' dir='ltr'>vocalibus</span> <span class='ocrx_word' id='word_1_184' title='bbox 1103 2799 1356 2887; x_wconf 80' lang='lat' dir='ltr'>praeponimus,</span> 
     </span>
     <span class='ocr_line' id='line_1_22' title="bbox 330 2903 1351 2998; baseline 0.007 -32"><span class='ocrx_word' id='word_1_185' title='bbox 330 2903 386 2967; x_wconf 87' lang='lat' dir='ltr'>ubi</span> <span class='ocrx_word' id='word_1_186' title='bbox 411 2906 602 2974; x_wconf 87' lang='lat' dir='ltr'>ascribenda</span> <span class='ocrx_word' id='word_1_187' title='bbox 624 2904 777 2982; x_wconf 59' lang='lat' dir='ltr'>videtum</span> <span class='ocrx_word' id='word_1_188' title='bbox 798 2923 830 2972; x_wconf 89' lang='lat' dir='ltr'>et</span> <span class='ocrx_word' id='word_1_189' title='bbox 852 2908 1129 2990; x_wconf 86' lang='lat' dir='ltr'>consonantibus,</span> <span class='ocrx_word' id='word_1_190' title='bbox 1149 2909 1267 2998; x_wconf 89' lang='lat' dir='ltr'>quibus</span> <span class='ocrx_word' id='word_1_191' title='bbox 1290 2933 1351 2997; x_wconf 90' lang='lat' dir='ltr'>ap-</span> 
     </span>
     <span class='ocr_line' id='line_1_23' title="bbox 330 3013 1352 3105; baseline 0.003 -25"><span class='ocrx_word' id='word_1_192' title='bbox 330 3013 482 3102; x_wconf 86' lang='lat' dir='ltr'>ponenda</span> <span class='ocrx_word' id='word_1_193' title='bbox 503 3034 574 3098; x_wconf 89' lang='lat' dir='ltr'>est,</span> <span class='ocrx_word' id='word_1_194' title='bbox 605 3017 827 3104; x_wconf 88' lang='lat' dir='ltr'>postponitur,</span> <span class='ocrx_word' id='word_1_195' title='bbox 851 3030 887 3079; x_wconf 85' lang='lat' dir='ltr'>nt</span> <span class='ocrx_word' id='word_1_196' title='bbox 910 3015 952 3080; x_wconf 88' lang='lat' dir='ltr'>ab</span> <span class='ocrx_word' id='word_1_197' title='bbox 966 3018 1124 3082; x_wconf 89' lang='lat' dir='ltr'>interiore</span> <span class='ocrx_word' id='word_1_198' title='bbox 1140 3015 1256 3104; x_wconf 90' lang='lat' dir='ltr'>spiritu</span> <span class='ocrx_word' id='word_1_199' title='bbox 1276 3019 1352 3105; x_wconf 91' lang='lat' dir='ltr'>pin·</span> 
     </span>
     <span class='ocr_line' id='line_1_24' title="bbox 326 3124 1355 3214; baseline 0.001 -25"><span class='ocrx_word' id='word_1_200' title='bbox 326 3126 421 3213; x_wconf 86' lang='lat' dir='ltr'>guior</span> <span class='ocrx_word' id='word_1_201' title='bbox 440 3125 672 3214; x_wconf 86' lang='lat' dir='ltr'>proficiscatur.</span> <span class='ocrx_word' id='word_1_202' title='bbox 689 3126 746 3191; x_wconf 79' lang='lat' dir='ltr'>Est</span> <span class='ocrx_word' id='word_1_203' title='bbox 760 3141 868 3191; x_wconf 89' lang='lat' dir='ltr'>antem</span> <span class='ocrx_word' id='word_1_204' title='bbox 892 3149 957 3190; x_wconf 89' lang='lat' dir='ltr'>nna</span> <span class='ocrx_word' id='word_1_205' title='bbox 970 3124 1172 3191; x_wconf 79' lang='lat' dir='ltr'>semivocalis</span> <span class='ocrx_word' id='word_1_206' title='bbox 1187 3130 1234 3192; x_wconf 86' lang='lat' dir='ltr'>·ll·</span> <span class='ocrx_word' id='word_1_207' title='bbox 1252 3150 1261 3197; x_wconf 70' lang='lat' dir='ltr'><em>z</em></span> <span class='ocrx_word' id='word_1_208' title='bbox 1279 3152 1355 3191; x_wconf 90' lang='lat' dir='ltr'>mu-</span> 
     </span>
     <span class='ocr_line' id='line_1_25' title="bbox 330 3234 1357 3327; baseline 0.001 -26"><span class='ocrx_word' id='word_1_209' title='bbox 330 3254 380 3301; x_wconf 89' lang='lat' dir='ltr'>tae</span> <span class='ocrx_word' id='word_1_210' title='bbox 399 3253 485 3319; x_wconf 86' lang='lat' dir='ltr'>tres,</span> <span class='ocrx_word' id='word_1_211' title='bbox 501 3236 620 3327; x_wconf 89' lang='lat' dir='ltr'>quibus</span> <span class='ocrx_word' id='word_1_212' title='bbox 646 3238 833 3324; x_wconf 88' lang='lat' dir='ltr'>aspiratur,</span> <span class='ocrx_word' id='word_1_213' title='bbox 855 3255 891 3301; x_wconf 90' lang='lat' dir='ltr'>ut</span> <span class='ocrx_word' id='word_1_214' title='bbox 906 3234 1028 3300; x_wconf 90' lang='lat' dir='ltr'>dictum</span> <span class='ocrx_word' id='word_1_215' title='bbox 1053 3253 1101 3301; x_wconf 86' lang='lat' dir='ltr'>est</span> <span class='ocrx_word' id='word_1_216' title='bbox 1121 3259 1132 3313; x_wconf 75' lang='grc' dir='ltr'>ς</span> <span class='ocrx_word' id='word_1_217' title='bbox 1157 3235 1197 3302; x_wconf 81' lang='lat' dir='ltr'>sle</span> <span class='ocrx_word' id='word_1_218' title='bbox 1216 3261 1357 3327; x_wconf 85' lang='lat' dir='ltr'>quarum</span> 
     </span>
     <span class='ocr_line' id='line_1_26' title="bbox 330 3342 1353 3439; baseline 0.005 -31"><span class='ocrx_word' id='word_1_219' title='bbox 330 3345 474 3410; x_wconf 87' lang='lat' dir='ltr'>omnium</span> <span class='ocrx_word' id='word_1_220' title='bbox 493 3370 573 3412; x_wconf 90' lang='lat' dir='ltr'>sono</span> <span class='ocrx_word' id='word_1_221' title='bbox 595 3370 689 3414; x_wconf 89' lang='lat' dir='ltr'>nemo</span> <span class='ocrx_word' id='word_1_222' title='bbox 716 3346 870 3428; x_wconf 85' lang='lat' dir='ltr'>dubitat,</span> <span class='ocrx_word' id='word_1_223' title='bbox 899 3346 961 3412; x_wconf 89' lang='lat' dir='ltr'>uisi</span> <span class='ocrx_word' id='word_1_224' title='bbox 984 3342 1125 3412; x_wconf 77' lang='lat' dir='ltr'>fortassis</span> <span class='ocrx_word' id='word_1_225' title='bbox 1146 3364 1224 3412; x_wconf 87' lang='lat' dir='ltr'>tunc</span> <span class='ocrx_word' id='word_1_226' title='bbox 1247 3372 1353 3439; x_wconf 86' lang='lat' dir='ltr'>quatr-</span> 
     </span>
     <span class='ocr_line' id='line_1_27' title="bbox 328 3453 1355 3545; baseline 0.007 -28"><span class='ocrx_word' id='word_1_227' title='bbox 328 3453 368 3518; x_wconf 92' lang='lat' dir='ltr'>do</span> <span class='ocrx_word' id='word_1_228' title='bbox 382 3455 526 3523; x_wconf 83' lang='lat' dir='ltr'>iuter-C·</span> <span class='ocrx_word' id='word_1_229' title='bbox 536 3474 568 3523; x_wconf 89' lang='lat' dir='ltr'>et</span> <span class='ocrx_word' id='word_1_230' title='bbox 582 3458 631 3523; x_wconf 80' lang='lat' dir='ltr'>.E.</span> <span class='ocrx_word' id='word_1_231' title='bbox 647 3457 696 3523; x_wconf 86' lang='lat' dir='ltr'>vel</span> <span class='ocrx_word' id='word_1_232' title='bbox 712 3460 747 3523; x_wconf 88' lang='lat' dir='ltr'>·l·</span> <span class='ocrx_word' id='word_1_233' title='bbox 763 3458 980 3545; x_wconf 88' lang='lat' dir='ltr'>interponitur</span> <span class='ocrx_word' id='word_1_234' title='bbox 994 3473 1068 3523; x_wconf 89' lang='lat' dir='ltr'>nota</span> <span class='ocrx_word' id='word_1_235' title='bbox 1084 3458 1289 3544; x_wconf 85' lang='lat' dir='ltr'>aspirationis</span> <span class='ocrx_word' id='word_1_236' title='bbox 1300 3475 1355 3539; x_wconf 90' lang='lat' dir='ltr'>,ut</span> 
     </span>
     <span class='ocr_line' id='line_1_28' title="bbox 332 3564 1357 3659; baseline 0.004 -29"><span class='ocrx_word' id='word_1_237' title='bbox 332 3565 475 3635; x_wconf 81' lang='lat' dir='ltr'>Choreas</span> <span class='ocrx_word' id='word_1_238' title='bbox 498 3586 530 3634; x_wconf 89' lang='lat' dir='ltr'>et</span> <span class='ocrx_word' id='word_1_239' title='bbox 555 3567 759 3657; x_wconf 82' lang='lat' dir='ltr'>parroechia.</span> <span class='ocrx_word' id='word_1_240' title='bbox 781 3571 830 3633; x_wconf 87' lang='lat' dir='ltr'>De</span> <span class='ocrx_word' id='word_1_241' title='bbox 849 3590 912 3656; x_wconf 91' lang='lat' dir='ltr'>qna</span> <span class='ocrx_word' id='word_1_242' title='bbox 939 3591 974 3632; x_wconf 85' lang='lat' dir='ltr'>re</span> <span class='ocrx_word' id='word_1_243' title='bbox 999 3564 1168 3634; x_wconf 89' lang='lat' dir='ltr'>sciendum</span> <span class='ocrx_word' id='word_1_244' title='bbox 1189 3585 1235 3634; x_wconf 88' lang='lat' dir='ltr'>est</span> <span class='ocrx_word' id='word_1_245' title='bbox 1252 3605 1262 3635; x_wconf 67' lang='lat' dir='ltr'>s</span> <span class='ocrx_word' id='word_1_246' title='bbox 1281 3569 1357 3659; x_wconf 87' lang='lat' dir='ltr'>quia</span> 
     </span>
     <span class='ocr_line' id='line_1_29' title="bbox 329 3680 1354 3770; baseline 0 -23"><span class='ocrx_word' id='word_1_247' title='bbox 329 3699 362 3747; x_wconf 89' lang='lat' dir='ltr'>ut</span> <span class='ocrx_word' id='word_1_248' title='bbox 385 3682 418 3745; x_wconf 91' lang='lat' dir='ltr'>iu</span> <span class='ocrx_word' id='word_1_249' title='bbox 446 3680 552 3747; x_wconf 89' lang='lat' dir='ltr'>latiuis</span> <span class='ocrx_word' id='word_1_250' title='bbox 581 3682 818 3770; x_wconf 82' lang='lat' dir='ltr'>exemplaribus</span> <span class='ocrx_word' id='word_1_251' title='bbox 834 3680 1013 3763; x_wconf 83' lang='lat' dir='ltr'>discimus,</span> <span class='ocrx_word' id='word_1_252' title='bbox 1043 3680 1144 3745; x_wconf 83' lang='lat' dir='ltr'>nostri</span> <span class='ocrx_word' id='word_1_253' title='bbox 1159 3695 1354 3769; x_wconf 82' lang='lat' dir='ltr'>interpretes</span> 
     </span>
     <span class='ocr_line' id='line_1_30' title="bbox 329 3790 1358 3881; baseline 0.004 -28"><span class='ocrx_word' id='word_1_254' title='bbox 329 3792 354 3854; x_wconf 90' lang='lat' dir='ltr'>si</span> <span class='ocrx_word' id='word_1_255' title='bbox 378 3816 441 3880; x_wconf 85' lang='lat' dir='ltr'>qun</span> <span class='ocrx_word' id='word_1_256' title='bbox 465 3816 580 3881; x_wconf 81' lang='lat' dir='ltr'>graeca</span> <span class='ocrx_word' id='word_1_257' title='bbox 600 3791 705 3856; x_wconf 75' lang='lat' dir='ltr'>lutiuis</span> <span class='ocrx_word' id='word_1_258' title='bbox 733 3790 997 3873; x_wconf 69' lang='lat' dir='ltr'>attinnt-unum,</span> <span class='ocrx_word' id='word_1_259' title='bbox 1024 3815 1107 3879; x_wconf 84' lang='lat' dir='ltr'>quae</span> <span class='ocrx_word' id='word_1_260' title='bbox 1126 3814 1182 3877; x_wconf 88' lang='lat' dir='ltr'>per</span> <span class='ocrx_word' id='word_1_261' title='bbox 1202 3793 1256 3859; x_wconf 88' lang='lat' dir='ltr'>·K·</span> <span class='ocrx_word' id='word_1_262' title='bbox 1269 3812 1358 3880; x_wconf 83' lang='lat' dir='ltr'>grae-</span> 
     </span>
     <span class='ocr_line' id='line_1_31' title="bbox 331 3900 1356 3990; baseline 0.007 -28"><span class='ocrx_word' id='word_1_263' title='bbox 331 3924 366 3964; x_wconf 86' lang='lat' dir='ltr'>ce</span> <span class='ocrx_word' id='word_1_264' title='bbox 380 3903 498 3988; x_wconf 86' lang='lat' dir='ltr'>scripta</span> <span class='ocrx_word' id='word_1_265' title='bbox 520 3926 576 3967; x_wconf 85' lang='lat' dir='ltr'>sua</span> <span class='ocrx_word' id='word_1_266' title='bbox 592 3901 699 3967; x_wconf 84' lang='lat' dir='ltr'>littera</span> <span class='ocrx_word' id='word_1_267' title='bbox 720 3902 769 3968; x_wconf 82' lang='lat' dir='ltr'>·C·</span> <span class='ocrx_word' id='word_1_268' title='bbox 789 3900 1026 3986; x_wconf 75' lang='lat' dir='ltr'>orpriurereut,</span> <span class='ocrx_word' id='word_1_269' title='bbox 1042 3924 1115 3967; x_wconf 86' lang='lat' dir='ltr'>eunt</span> <span class='ocrx_word' id='word_1_270' title='bbox 1130 3902 1293 3990; x_wconf 85' lang='lat' dir='ltr'>scriptura</span> <span class='ocrx_word' id='word_1_271' title='bbox 1308 3928 1356 3969; x_wconf 88' lang='lat' dir='ltr'>so·</span> 
     </span>
     <span class='ocr_line' id='line_1_32' title="bbox 329 4008 1353 4104; baseline 0.005 -32"><span class='ocrx_word' id='word_1_272' title='bbox 329 4033 404 4075; x_wconf 90' lang='lat' dir='ltr'>uum</span> <span class='ocrx_word' id='word_1_273' title='bbox 419 4029 604 4092; x_wconf 84' lang='lat' dir='ltr'>mutavere,</span> <span class='ocrx_word' id='word_1_274' title='bbox 623 4012 706 4075; x_wconf 80' lang='lat' dir='ltr'>iuxta</span> <span class='ocrx_word' id='word_1_275' title='bbox 723 4010 953 4098; x_wconf 89' lang='lat' dir='ltr'>proprietatem</span> <span class='ocrx_word' id='word_1_276' title='bbox 969 4012 1138 4100; x_wconf 82' lang='lat' dir='ltr'>utriusque</span> <span class='ocrx_word' id='word_1_277' title='bbox 1153 4008 1302 4104; x_wconf 80' lang='lat' dir='ltr'>liuguae,</span> <span class='ocrx_word' id='word_1_278' title='bbox 1317 4030 1353 4077; x_wconf 91' lang='lat' dir='ltr'>ut</span> 
     </span>
    </p>
   </div>
   <div class='ocr_carea' id='block_1_7' title="bbox 992 4179 1083 4247">
    <p class='ocr_par' dir='ltr' id='par_1_8' title="bbox 992 4179 1083 4247">
     <span class='ocr_line' id='line_1_33' title="bbox 992 4179 1083 4247; baseline 0.011 -1"><span class='ocrx_word' id='word_1_279' title='bbox 992 4179 1083 4247; x_wconf 78' lang='lat' dir='ltr'>aa*</span> 
     </span>
    </p>
   </div>
   <div class='ocr_carea' id='block_1_8' title="bbox 0 0 1696 5206">
    <p class='ocr_par' dir='ltr' id='par_1_9' title="bbox 0 0 1696 5206">
     <span class='ocr_line' id='line_1_34' title="bbox 0 0 1696 5206; baseline 0 0"><span class='ocrx_word' id='word_1_280' title='bbox 0 0 1696 5206; x_wconf 95' lang='lat' dir='ltr'> </span> 
     </span>
    </p>
   </div>
  </div>
 </body>
</html>
