3382 5206
689 616 771 664 terr
803 615 987 665 neroum.
1254 596 1323 688 415

397 727 480 790 ilinc
507 721 586 786 mihi
615 720 703 810 larga
730 722 868 805 domus,
897 721 974 787 hino
996 720 1075 787 mibi
1103 747 1217 788 (tensus
1239 743 1319 792 erat·

324 830 518 896 (inuslebnm
540 849 691 913 somper3
713 825 793 916 quid
822 827 930 909 enim,
956 833 982 893 si
1008 829 1126 918 gaudia
1148 829 1279 911 derint,

395 935 455 1000 Hic
487 956 583 1021 vagus
612 957 650 997 ao
676 929 772 996 fallax
800 929 878 998 utile
906 932 1047 1001 muudus
1067 931 1191 1002 hebet?

329 1043 384 1107 ote
415 1044 479 1105 viso
504 1037 609 1103 rabidi
638 1039 747 1104 subito
776 1038 926 1105 cocidere
953 1038 1105 1123 furores,

398 1147 537 1216 Ridebat
563 1169 708 1212 summus
736 1171 788 1212 me
819 1148 970 1212 veniente
998 1146 1103 1217 dolor.

330 1254 405 1320 Non
436 1252 529 1319 licuit
557 1277 756 1343 quemquam
783 1251 993 1319 mordacibus
1017 1277 1110 1323 urere
1135 1254 1241 1335 curis,

401 1361 472 1427 Nec
502 1385 611 1426 rerum
634 1362 757 1425 ineerta
780 1358 963 1428 mobilitate
986 1360 1084 1426 trahi·

334 1468 497 1533 Vincebot
519 1483 652 1532 cunctos
675 1467 854 1553 praesentia
879 1483 989 1531 nostra
1015 1467 1167 1551 timores,

400 1573 442 1637 Et
470 1594 597 1636 meeum
620 1567 696 1635 selix
724 1568 894 1659 quaelibet
916 1568 996 1636 liora
1018 1556 1090 1637 ίίιίι·ι

328 1678 474 1742 Motibus
495 1700 531 1740 ac
553 1675 665 1758 dictis,
688 1677 812 1767 tragica
835 1700 967 1767 quoque
994 1677 1093 1744 verbe
1119 1676 1320 1767 placebunt,

400 1781 593 1851 Exhilarant
621 1784 718 1848 variis
747 1784 850 1850 tristia
875 1783 974 1850 corda
1001 1782 1115 1850 modis.

332 1890 513 1980 Fingebam
536 1889 660 1972 vultus,
687 1889 815 1957 habitus
837 1914 876 1955 ac
906 1891 1008 1957 verba
1029 1889 1243 1980 loquentum,

401 2000 442 2062 Et
469 1995 579 2083 plures
603 2019 668 2061 uno
696 1993 842 2061 crederis
862 2020 919 2062 ore
941 1994 1028 2084 loqui

333 2102 344 2163 l
350 2126 405 2189 pse
429 2101 528 2165 etium
552 2125 648 2191 quem
675 2117 783 2166 nostra
807 2098 907 2168 oculis
934 2099 1124 2191 geminabat
1146 2100 1273 2190 imago,

403 2210 539 2275 Horruit
562 2209 596 2271 in
622 2206 713 2272 vultu
735 2232 770 2272 se
796 2208 897 2298 magis
921 2231 987 2273 esse
1009 2229 1092 2273 meo·

335 2315 366 2378 Ο
393 2315 540 2403 quotiens
568 2315 691 2379 imitata
716 2336 787 2380 tneo
817 2338 853 2379 se
875 2312 994 2377 semina
1018 2329 1109 2403 gestu

400 2418 519 2500 Vidit,
545 2434 577 2482 et
604 2419 737 2483 erubuit
760 2435 826 2483 tota
851 2441 936 2508 quae
965 2435 1039 2483 nuta
1062 2415 1139 2482 fuit!

332 2524 422 2612 Ergo
447 2539 526 2612 quot
546 2523 580 2587 iu
611 2539 722 2588 nostro
746 2520 943 2589 videbantur
960 2527 1097 2611 torpore
1120 2520 1269 2603 formae,

404 2632 470 2696 Tot
494 2653 623 2694 meeum
648 2645 759 2715 raptos
779 2627 912 2693 abstulit
938 2645 1008 2693 atra
1030 2627 1108 2696 dies·

336 2741 406 2820 Qun
438 2759 491 2799 vos
520 2736 583 2799 iam
607 2735 689 2799 tristi
720 2733 867 2798 turbatus
895 2731 1053 2822 deprecor
1073 2757 1130 2800 ore

403 2843 463 2926 Qui
495 2840 655 2907 tumulum
683 2839 788 2930 legitis
811 2865 884 2906 cum
907 2841 1029 2927 pietate
1049 2863 1179 2908 meum,

337 2949 368 3012 0
392 2972 489 3036 quam
511 2948 615 3013 laetus
644 2971 734 3030 eras,
753 2945 892 3028 Vitalis‚
920 2946 1018 3013 dicite
1045 2947 1176 3011 maesti!

405 3049 477 3118 Sint
504 3051 590 3133 tibi,
616 3049 752 3133 vitalis,
772 3051 837 3116 siut
860 3050 921 3115 tibi
950 3049 1035 3116 laeta
1060 3046 1181 3116 modo!

571 3264 632 3328 tx.
658 3244 1071 3351 errrururou'rouotor(
1095 3271 1118 3343 ).

283 3498 288 3505 ·
342 3410 453 3543 Felix
477 3475 533 3541 illa
557 3477 727 3540 homiuum
748 3494 792 3542 est
818 3498 904 3543 mors
927 3492 960 3540 et
974 3476 1120 3565 preciosa
1136 3475 1324 3557 bonorum,

407 3580 520 3650 Glorru
544 3604 642 3670 quam
665 3581 812 3669 sequitur
831 3580 895 3644 vita
920 3578 1069 3670 salusque
1089 3581 1193 3671 quies.

409 3718 451 3787 (ι)
472 3715 580 3766 fulradi
602 3713 708 3767 abbatis
726 3714 886 3783 &Dionysii
907 3713 1038 3767 diversum
1058 3714 1225 3785 epituphium
1236 3726 1277 3768 est
1289 3715 1357 3768 inter

337 3807 453 3858 cornino
474 3803 577 3856 lle-uiui
598 3802 631 3853 T.
648 3803 679 3853 11.
698 3823 724 3874 p·
743 3800 803 3859 235·
823 3803 931 3855 Futradi
952 3802 1068 3856 eiusdem
1099 3805 1194 3856 recitat
1214 3815 1354 3857 testamen·

342 3905 396 3944 tum
416 3890 586 3944 Mobillonius
607 3891 695 3941 annul.
719 3889 815 3943 bened.
836 3888 867 3941 Τ.
882 3889 914 3941 lt.
934 3889 968 3940 ad
987 3907 1029 3940 un.
1043 3904 1102 3962 777.
1115 3887 1195 3941 Obiit
1208 3908 1279 3943 anno
1294 3888 1356 3964 784.

340 3980 500 4048 Ουιεῐοηυὶιι
520 3991 546 4031 et
566 3979 729 4031 Fordrarlum
751 3977 933 4049 presbyterum
951 3975 1117 4030 commendat
1137 3976 1267 4032 ricuinus
1279 3980 1359 4048 epist.

343 4068 390 4122 roo
401 4090 409 4134 ς
431 4069 581 4138 ibidemque
601 4087 628 4120 m
649 4067 740 4120 adnot.
757 4079 913 4121 memorator
932 4066 1082 4122 b'ordredut
1103 4063 1197 4119 obbas.
