<?xml version="1.0" encoding="UTF-8"?>
<!DOCTYPE html PUBLIC "-//W3C//DTD XHTML 1.0 Transitional//EN"
    "http://www.w3.org/TR/xhtml1/DTD/xhtml1-transitional.dtd">
<html xmlns="http://www.w3.org/1999/xhtml" xml:lang="en" lang="en">
 <head>
  <title>
</title>
<meta http-equiv="Content-Type" content="text/html;charset=utf-8" />
  <meta name='ocr-system' content='tesseract 3.04.00' />
  <meta name='ocr-capabilities' content='ocr_page ocr_carea ocr_par ocr_line ocrx_word'/>
</head>
<body>
  <div class='ocr_page' id='page_1' title='image "./classicorumauct00vatigoog_0251.png"; bbox 0 0 3382 5206; ppageno 0'>
   <div class='ocr_carea' id='block_1_1' title="bbox 727 624 955 676">
    <p class='ocr_par' dir='ltr' id='par_1_1' title="bbox 727 624 955 676">
     <span class='ocr_line' id='line_1_1' title="bbox 727 624 955 676; baseline -0.004 -3"><span class='ocrx_word' id='word_1_1' title='bbox 727 627 773 673; x_wconf 73' lang='lat' dir='ltr'>D!</span> <span class='ocrx_word' id='word_1_2' title='bbox 799 624 955 676; x_wconf 71' lang='lat' dir='ltr'><strong>NOMINE.</strong></span> 
     </span>
    </p>
   </div>
   <div class='ocr_carea' id='block_1_2' title="bbox 324 727 820 2297">
    <p class='ocr_par' dir='ltr' id='par_1_2' title="bbox 324 727 820 1222">
     <span class='ocr_line' id='line_1_2' title="bbox 324 727 818 805; baseline -0.02 -15"><span class='ocrx_word' id='word_1_3' title='bbox 324 734 432 790; x_wconf 85' lang='lat' dir='ltr'>nemina</span> <span class='ocrx_word' id='word_1_4' title='bbox 453 735 554 805; x_wconf 77' lang='lat' dir='ltr'>generis</span> <span class='ocrx_word' id='word_1_5' title='bbox 572 727 711 785; x_wconf 82' lang='lat' dir='ltr'>masculini</span> <span class='ocrx_word' id='word_1_6' title='bbox 738 746 818 782; x_wconf 85' lang='lat' dir='ltr'>acca-</span> 
     </span>
     <span class='ocr_line' id='line_1_3' title="bbox 325 818 819 888; baseline -0.01 -11"><span class='ocrx_word' id='word_1_7' title='bbox 325 824 412 880; x_wconf 85' lang='lat' dir='ltr'>eative</span> <span class='ocrx_word' id='word_1_8' title='bbox 425 841 485 878; x_wconf 84' lang='lat' dir='ltr'>casa</span> <span class='ocrx_word' id='word_1_9' title='bbox 498 820 601 876; x_wconf 89' lang='lat' dir='ltr'>numeri</span> <span class='ocrx_word' id='word_1_10' title='bbox 612 818 755 888; x_wconf 74' lang='lat' dir='ltr'>singularis</span> <span class='ocrx_word' id='word_1_11' title='bbox 763 836 819 872; x_wconf 73' lang='grc' dir='ltr'><strong>ιιιι·</strong></span> 
     </span>
     <span class='ocr_line' id='line_1_4' title="bbox 324 908 820 977; baseline -0.006 -15"><span class='ocrx_word' id='word_1_12' title='bbox 324 908 422 965; x_wconf 84' lang='lat' dir='ltr'>litteris</span> <span class='ocrx_word' id='word_1_13' title='bbox 437 910 602 964; x_wconf 84' lang='lat' dir='ltr'>definiuntur</span> <span class='ocrx_word' id='word_1_14' title='bbox 612 943 619 964; x_wconf 87' lang='lat'><strong>‚</strong></span> <span class='ocrx_word' id='word_1_15' title='bbox 631 916 659 960; x_wconf 86' lang='lat' dir='ltr'>et</span> <span class='ocrx_word' id='word_1_16' title='bbox 673 915 767 977; x_wconf 86' lang='lat' dir='ltr'>aptota</span> <span class='ocrx_word' id='word_1_17' title='bbox 781 923 820 959; x_wconf 81' lang='lat' dir='ltr'>ee·</span> 
     </span>
     <span class='ocr_line' id='line_1_5' title="bbox 326 992 818 1051; baseline -0.018 0"><span class='ocrx_word' id='word_1_18' title='bbox 326 1012 355 1050; x_wconf 80' lang='lat' dir='ltr'>te</span> <span class='ocrx_word' id='word_1_19' title='bbox 369 1015 424 1051; x_wconf 88' lang='lat' dir='ltr'>non</span> <span class='ocrx_word' id='word_1_20' title='bbox 436 997 627 1050; x_wconf 85' lang='lat' dir='ltr'>inveniuntur.</span> <span class='ocrx_word' id='word_1_21' title='bbox 644 992 709 1045; x_wconf 87' lang='lat' dir='ltr'>haec</span> <span class='ocrx_word' id='word_1_22' title='bbox 728 992 764 1048; x_wconf 89' lang='lat' dir='ltr'>ad</span> <span class='ocrx_word' id='word_1_23' title='bbox 776 1010 818 1046; x_wconf 88' lang='lat' dir='ltr'>so-</span> 
     </span>
     <span class='ocr_line' id='line_1_6' title="bbox 327 1083 818 1154; baseline -0.006 -19"><span class='ocrx_word' id='word_1_24' title='bbox 327 1100 392 1135; x_wconf 90' lang='lat' dir='ltr'>num</span> <span class='ocrx_word' id='word_1_25' title='bbox 414 1083 518 1137; x_wconf 80' lang='lat' dir='ltr'>Aeneas</span> <span class='ocrx_word' id='word_1_26' title='bbox 540 1099 587 1154; x_wconf 87' lang='lat' dir='ltr'>per</span> <span class='ocrx_word' id='word_1_27' title='bbox 614 1091 715 1137; x_wconf 86' lang='lat' dir='ltr'>ceteros</span> <span class='ocrx_word' id='word_1_28' title='bbox 742 1096 818 1132; x_wconf 84' lang='lat' dir='ltr'>casus</span> 
     </span>
     <span class='ocr_line' id='line_1_7' title="bbox 327 1167 505 1222; baseline -0.011 -2"><span class='ocrx_word' id='word_1_29' title='bbox 327 1167 505 1222; x_wconf 83' lang='lat' dir='ltr'>declinantur.</span> 
     </span>
    </p>

    <p class='ocr_par' dir='ltr' id='par_1_3' title="bbox 324 1255 820 2297">
     <span class='ocr_line' id='line_1_8' title="bbox 364 1255 818 1325; baseline -0.009 -15"><span class='ocrx_word' id='word_1_30' title='bbox 364 1258 404 1310; x_wconf 90' lang='lat' dir='ltr'>De</span> <span class='ocrx_word' id='word_1_31' title='bbox 424 1257 565 1325; x_wconf 78' lang='lat' dir='ltr'>genetivo.</span> <span class='ocrx_word' id='word_1_32' title='bbox 584 1256 626 1312; x_wconf 78' lang='lat' dir='ltr'>rel</span> <span class='ocrx_word' id='word_1_33' title='bbox 652 1255 745 1311; x_wconf 86' lang='lat' dir='ltr'>dativo</span> <span class='ocrx_word' id='word_1_34' title='bbox 772 1272 818 1307; x_wconf 82' lang='lat' dir='ltr'>ca·</span> 
     </span>
     <span class='ocr_line' id='line_1_9' title="bbox 324 1343 818 1414; baseline -0.002 -19"><span class='ocrx_word' id='word_1_35' title='bbox 324 1359 355 1395; x_wconf 89' lang='lat' dir='ltr'>aa</span> <span class='ocrx_word' id='word_1_36' title='bbox 380 1344 483 1398; x_wconf 87' lang='lat' dir='ltr'>numeri</span> <span class='ocrx_word' id='word_1_37' title='bbox 504 1343 667 1412; x_wconf 74' lang='lat' dir='ltr'>singularis.</span> <span class='ocrx_word' id='word_1_38' title='bbox 687 1344 735 1414; x_wconf 89' lang='lat' dir='ltr'>qni</span> <span class='ocrx_word' id='word_1_39' title='bbox 766 1359 818 1394; x_wconf 69' lang='grc' dir='ltr'>ιιι·</span> 
     </span>
     <span class='ocr_line' id='line_1_10' title="bbox 324 1428 820 1504; baseline -0.004 -21"><span class='ocrx_word' id='word_1_40' title='bbox 324 1430 422 1484; x_wconf 82' lang='lat' dir='ltr'>litteris</span> <span class='ocrx_word' id='word_1_41' title='bbox 445 1442 507 1504; x_wconf 87' lang='lat' dir='ltr'>post</span> <span class='ocrx_word' id='word_1_42' title='bbox 531 1441 719 1485; x_wconf 75' lang='lat' dir='ltr'>consonantem</span> <span class='ocrx_word' id='word_1_43' title='bbox 750 1428 820 1482; x_wconf 87' lang='lat' dir='ltr'>deli·</span> 
     </span>
     <span class='ocr_line' id='line_1_11' title="bbox 326 1517 820 1589; baseline -0.006 -18"><span class='ocrx_word' id='word_1_44' title='bbox 326 1518 439 1572; x_wconf 81' lang='lat' dir='ltr'>niuntnr</span> <span class='ocrx_word' id='word_1_45' title='bbox 463 1550 497 1571; x_wconf 89' lang='lat'>·.</span> <span class='ocrx_word' id='word_1_46' title='bbox 524 1521 710 1589; x_wconf 77' lang='lat' dir='ltr'>Quaecumque</span> <span class='ocrx_word' id='word_1_47' title='bbox 733 1517 820 1572; x_wconf 85' lang='lat' dir='ltr'>norni-</span> 
     </span>
     <span class='ocr_line' id='line_1_12' title="bbox 326 1608 819 1677; baseline -0.006 -15"><span class='ocrx_word' id='word_1_48' title='bbox 326 1627 362 1662; x_wconf 89' lang='lat' dir='ltr'>na</span> <span class='ocrx_word' id='word_1_49' title='bbox 393 1609 496 1677; x_wconf 77' lang='lat' dir='ltr'>generis</span> <span class='ocrx_word' id='word_1_50' title='bbox 520 1611 660 1662; x_wconf 77' lang='lat' dir='ltr'>masculini</span> <span class='ocrx_word' id='word_1_51' title='bbox 696 1608 819 1675; x_wconf 74' lang='lat' dir='ltr'>genetivo</span> 
     </span>
     <span class='ocr_line' id='line_1_13' title="bbox 327 1699 819 1765; baseline -0.014 -10"><span class='ocrx_word' id='word_1_52' title='bbox 327 1699 371 1755; x_wconf 82' lang='lat' dir='ltr'>vel</span> <span class='ocrx_word' id='word_1_53' title='bbox 389 1699 482 1753; x_wconf 88' lang='lat' dir='ltr'>dativa</span> <span class='ocrx_word' id='word_1_54' title='bbox 501 1715 562 1751; x_wconf 86' lang='lat' dir='ltr'>casu</span> <span class='ocrx_word' id='word_1_55' title='bbox 582 1699 684 1751; x_wconf 89' lang='lat' dir='ltr'>numeri</span> <span class='ocrx_word' id='word_1_56' title='bbox 700 1699 819 1765; x_wconf 78' lang='lat' dir='ltr'>singula-</span> 
     </span>
     <span class='ocr_line' id='line_1_14' title="bbox 328 1786 818 1857; baseline -0.01 -15"><span class='ocrx_word' id='word_1_57' title='bbox 328 1791 366 1842; x_wconf 87' lang='lat' dir='ltr'>ris</span> <span class='ocrx_word' id='word_1_58' title='bbox 384 1805 435 1842; x_wconf 70' lang='grc' dir='ltr'>ιιι·</span> <span class='ocrx_word' id='word_1_59' title='bbox 455 1786 554 1839; x_wconf 88' lang='lat' dir='ltr'>litteris</span> <span class='ocrx_word' id='word_1_60' title='bbox 581 1796 644 1857; x_wconf 85' lang='lat' dir='ltr'>poet</span> <span class='ocrx_word' id='word_1_61' title='bbox 670 1802 818 1839; x_wconf 84' lang='lat' dir='ltr'>consonan-</span> 
     </span>
     <span class='ocr_line' id='line_1_15' title="bbox 328 1873 819 1944; baseline -0.008 -14"><span class='ocrx_word' id='word_1_62' title='bbox 328 1886 382 1930; x_wconf 83' lang='lat' dir='ltr'>ten</span> <span class='ocrx_word' id='word_1_63' title='bbox 400 1873 585 1928; x_wconf 86' lang='lat' dir='ltr'>definiuntur.</span> <span class='ocrx_word' id='word_1_64' title='bbox 606 1883 634 1926; x_wconf 94' lang='lat' dir='ltr'>et</span> <span class='ocrx_word' id='word_1_65' title='bbox 653 1882 746 1944; x_wconf 82' lang='lat' dir='ltr'>aptota</span> <span class='ocrx_word' id='word_1_66' title='bbox 764 1890 819 1926; x_wconf 71' lang='lat' dir='ltr'>aesc</span> 
     </span>
     <span class='ocr_line' id='line_1_16' title="bbox 328 1959 820 2026; baseline -0.012 -9"><span class='ocrx_word' id='word_1_67' title='bbox 328 1981 382 2017; x_wconf 88' lang='lat' dir='ltr'>non</span> <span class='ocrx_word' id='word_1_68' title='bbox 407 1960 595 2017; x_wconf 87' lang='lat' dir='ltr'>inveniuntur.</span> <span class='ocrx_word' id='word_1_69' title='bbox 614 1960 680 2013; x_wconf 85' lang='lat' dir='ltr'>baec</span> <span class='ocrx_word' id='word_1_70' title='bbox 698 1959 820 2026; x_wconf 68' lang='lat' dir='ltr'>indigent</span> 
     </span>
     <span class='ocr_line' id='line_1_17' title="bbox 330 2047 817 2118; baseline -0.008 -16"><span class='ocrx_word' id='word_1_71' title='bbox 330 2049 391 2103; x_wconf 88' lang='lat' dir='ltr'>aliis</span> <span class='ocrx_word' id='word_1_72' title='bbox 409 2047 545 2106; x_wconf 85' lang='lat' dir='ltr'>casibus.</span> <span class='ocrx_word' id='word_1_73' title='bbox 572 2063 703 2118; x_wconf 79' lang='lat' dir='ltr'>perquer</span> <span class='ocrx_word' id='word_1_74' title='bbox 733 2064 817 2116; x_wconf 85' lang='lat' dir='ltr'>appa·</span> 
     </span>
     <span class='ocr_line' id='line_1_18' title="bbox 327 2133 817 2205; baseline -0.01 -15"><span class='ocrx_word' id='word_1_75' title='bbox 327 2147 385 2190; x_wconf 85' lang='lat' dir='ltr'>reat</span> <span class='ocrx_word' id='word_1_76' title='bbox 408 2136 443 2188; x_wconf 89' lang='lat' dir='ltr'>ad</span> <span class='ocrx_word' id='word_1_77' title='bbox 460 2153 542 2205; x_wconf 86' lang='lat' dir='ltr'>quam</span> <span class='ocrx_word' id='word_1_78' title='bbox 559 2133 668 2188; x_wconf 77' lang='lat' dir='ltr'>soranam</span> <span class='ocrx_word' id='word_1_79' title='bbox 687 2134 817 2205; x_wconf 85' lang='lat' dir='ltr'>pertinere</span> 
     </span>
     <span class='ocr_line' id='line_1_19' title="bbox 327 2221 818 2297; baseline 0 -20"><span class='ocrx_word' id='word_1_80' title='bbox 327 2225 535 2297; x_wconf 74' lang='lat' dir='ltr'>repperiantnr3</span> <span class='ocrx_word' id='word_1_81' title='bbox 558 2234 673 2278; x_wconf 86' lang='lat' dir='ltr'>ceterum</span> <span class='ocrx_word' id='word_1_82' title='bbox 701 2221 818 2277; x_wconf 86' lang='lat' dir='ltr'>ablativo</span> 
     </span>
    </p>
   </div>
   <div class='ocr_carea' id='block_1_3' title="bbox 236 2310 817 2377">
    <p class='ocr_par' dir='ltr' id='par_1_4' title="bbox 236 2310 817 2377">
     <span class='ocr_line' id='line_1_20' title="bbox 236 2310 817 2377; baseline -0.014 -11"><span class='ocrx_word' id='word_1_83' title='bbox 236 2364 240 2374; x_wconf 88' lang='grc'>,</span> <span class='ocrx_word' id='word_1_84' title='bbox 327 2329 393 2367; x_wconf 73' lang='lat' dir='ltr'>men</span> <span class='ocrx_word' id='word_1_85' title='bbox 418 2310 520 2365; x_wconf 86' lang='lat' dir='ltr'>numeri</span> <span class='ocrx_word' id='word_1_86' title='bbox 546 2311 688 2377; x_wconf 73' lang='lat' dir='ltr'>singularis</span> <span class='ocrx_word' id='word_1_87' title='bbox 711 2310 746 2362; x_wconf 87' lang='lat' dir='ltr'>ad</span> <span class='ocrx_word' id='word_1_88' title='bbox 765 2310 817 2362; x_wconf 85' lang='lat' dir='ltr'>iur-</span> 
     </span>
    </p>
   </div>
   <div class='ocr_carea' id='block_1_4' title="bbox 327 2395 821 4138">
    <p class='ocr_par' dir='ltr' id='par_1_5' title="bbox 327 2395 821 4138">
     <span class='ocr_line' id='line_1_21' title="bbox 327 2395 819 2456; baseline -0.006 -3"><span class='ocrx_word' id='word_1_89' title='bbox 327 2418 398 2453; x_wconf 86' lang='lat' dir='ltr'>mara</span> <span class='ocrx_word' id='word_1_90' title='bbox 416 2399 565 2456; x_wconf 86' lang='lat' dir='ltr'>Catilinae.</span> <span class='ocrx_word' id='word_1_91' title='bbox 582 2415 630 2451; x_wconf 83' lang='lat' dir='ltr'>nec</span> <span class='ocrx_word' id='word_1_92' title='bbox 648 2416 701 2451; x_wconf 88' lang='lat' dir='ltr'>non</span> <span class='ocrx_word' id='word_1_93' title='bbox 718 2406 747 2450; x_wconf 92' lang='lat' dir='ltr'>et</span> <span class='ocrx_word' id='word_1_94' title='bbox 761 2395 819 2450; x_wconf 80' lang='lat' dir='ltr'>An·</span> 
     </span>
     <span class='ocr_line' id='line_1_22' title="bbox 327 2484 818 2542; baseline -0.008 -1"><span class='ocrx_word' id='word_1_95' title='bbox 327 2489 418 2542; x_wconf 86' lang='lat' dir='ltr'>chieae</span> <span class='ocrx_word' id='word_1_96' title='bbox 436 2485 604 2540; x_wconf 69' lang='lat' dir='ltr'>declinantur</span> <span class='ocrx_word' id='word_1_97' title='bbox 618 2497 663 2542; x_wconf 87' lang='lat' dir='ltr'>‚ct</span> <span class='ocrx_word' id='word_1_98' title='bbox 681 2484 741 2538; x_wconf 85' lang='lat' dir='ltr'>idco</span> <span class='ocrx_word' id='word_1_99' title='bbox 759 2501 818 2538; x_wconf 88' lang='lat' dir='ltr'>eae-</span> 
     </span>
     <span class='ocr_line' id='line_1_23' title="bbox 328 2573 819 2644; baseline -0.008 -14"><span class='ocrx_word' id='word_1_100' title='bbox 328 2577 389 2630; x_wconf 89' lang='lat' dir='ltr'>dem</span> <span class='ocrx_word' id='word_1_101' title='bbox 422 2592 498 2628; x_wconf 85' lang='lat' dir='ltr'>casus</span> <span class='ocrx_word' id='word_1_102' title='bbox 527 2612 535 2633; x_wconf 89' lang='lat'><strong>.</strong></span> <span class='ocrx_word' id='word_1_103' title='bbox 566 2573 664 2644; x_wconf 88' lang='lat' dir='ltr'>quibus</span> <span class='ocrx_word' id='word_1_104' title='bbox 697 2573 819 2641; x_wconf 78' lang='lat' dir='ltr'>indigent</span> 
     </span>
     <span class='ocr_line' id='line_1_24' title="bbox 327 2662 819 2733; baseline -0.006 -16"><span class='ocrx_word' id='word_1_105' title='bbox 327 2662 490 2718; x_wconf 85' lang='lat' dir='ltr'>subicimus.</span> <span class='ocrx_word' id='word_1_106' title='bbox 504 2672 534 2715; x_wconf 92' lang='lat' dir='ltr'>ut</span> <span class='ocrx_word' id='word_1_107' title='bbox 545 2673 688 2733; x_wconf 75' lang='lat' dir='ltr'>appareant</span> <span class='ocrx_word' id='word_1_108' title='bbox 696 2679 743 2732; x_wconf 84' lang='lat' dir='ltr'>per</span> <span class='ocrx_word' id='word_1_109' title='bbox 751 2678 819 2731; x_wconf 83' lang='lat' dir='ltr'>quoe</span> 
     </span>
     <span class='ocr_line' id='line_1_25' title="bbox 329 2749 819 2821; baseline -0.004 -17"><span class='ocrx_word' id='word_1_110' title='bbox 329 2768 407 2805; x_wconf 82' lang='lat' dir='ltr'>caena</span> <span class='ocrx_word' id='word_1_111' title='bbox 428 2749 462 2802; x_wconf 88' lang='lat' dir='ltr'>ad</span> <span class='ocrx_word' id='word_1_112' title='bbox 480 2769 560 2820; x_wconf 88' lang='lat' dir='ltr'>quam</span> <span class='ocrx_word' id='word_1_113' title='bbox 578 2751 686 2802; x_wconf 79' lang='lat' dir='ltr'>formam</span> <span class='ocrx_word' id='word_1_114' title='bbox 705 2750 819 2821; x_wconf 87' lang='lat' dir='ltr'>pertinc-</span> 
     </span>
     <span class='ocr_line' id='line_1_26' title="bbox 329 2838 816 2910; baseline -0.01 -17"><span class='ocrx_word' id='word_1_115' title='bbox 329 2856 357 2893; x_wconf 89' lang='lat' dir='ltr'>re</span> <span class='ocrx_word' id='word_1_116' title='bbox 371 2838 562 2910; x_wconf 79' lang='lat' dir='ltr'>repperiantur.</span> <span class='ocrx_word' id='word_1_117' title='bbox 575 2838 663 2905; x_wconf 87' lang='lat' dir='ltr'>Quare</span> <span class='ocrx_word' id='word_1_118' title='bbox 679 2854 816 2907; x_wconf 86' lang='lat' dir='ltr'>quaecum·</span> 
     </span>
     <span class='ocr_line' id='line_1_27' title="bbox 329 2924 815 2997; baseline -0.006 -18"><span class='ocrx_word' id='word_1_119' title='bbox 329 2944 382 2997; x_wconf 83' lang='lat' dir='ltr'>que</span> <span class='ocrx_word' id='word_1_120' title='bbox 412 2925 519 2977; x_wconf 82' lang='lat' dir='ltr'>nomina</span> <span class='ocrx_word' id='word_1_121' title='bbox 547 2925 648 2991; x_wconf 79' lang='lat' dir='ltr'>generis</span> <span class='ocrx_word' id='word_1_122' title='bbox 675 2924 815 2977; x_wconf 75' lang='lat' dir='ltr'>masculini</span> 
     </span>
     <span class='ocr_line' id='line_1_28' title="bbox 330 3013 817 3086; baseline -0.006 -17"><span class='ocrx_word' id='word_1_123' title='bbox 330 3016 451 3086; x_wconf 73' lang='lat' dir='ltr'>genetivo</span> <span class='ocrx_word' id='word_1_124' title='bbox 472 3015 512 3066; x_wconf 87' lang='lat' dir='ltr'>vel</span> <span class='ocrx_word' id='word_1_125' title='bbox 531 3013 622 3066; x_wconf 84' lang='lat' dir='ltr'>dativa</span> <span class='ocrx_word' id='word_1_126' title='bbox 640 3030 703 3066; x_wconf 85' lang='lat' dir='ltr'>casu</span> <span class='ocrx_word' id='word_1_127' title='bbox 724 3031 817 3066; x_wconf 87' lang='lat' dir='ltr'>nume-</span> 
     </span>
     <span class='ocr_line' id='line_1_29' title="bbox 329 3100 816 3170; baseline -0.012 -13"><span class='ocrx_word' id='word_1_128' title='bbox 329 3106 353 3158; x_wconf 84' lang='lat' dir='ltr'>ri</span> <span class='ocrx_word' id='word_1_129' title='bbox 366 3102 566 3170; x_wconf 71' lang='lat' dir='ltr'>singularisac·</span> <span class='ocrx_word' id='word_1_130' title='bbox 576 3100 671 3154; x_wconf 83' lang='lat' dir='ltr'>litteus</span> <span class='ocrx_word' id='word_1_131' title='bbox 685 3111 744 3170; x_wconf 85' lang='lat' dir='ltr'>post</span> <span class='ocrx_word' id='word_1_132' title='bbox 757 3116 816 3152; x_wconf 88' lang='lat' dir='ltr'>cou-</span> 
     </span>
     <span class='ocr_line' id='line_1_30' title="bbox 330 3188 816 3247; baseline -0.021 0"><span class='ocrx_word' id='word_1_133' title='bbox 330 3203 466 3247; x_wconf 81' lang='lat' dir='ltr'>sonantem</span> <span class='ocrx_word' id='word_1_134' title='bbox 483 3189 669 3243; x_wconf 84' lang='lat' dir='ltr'>deliniuntur.</span> <span class='ocrx_word' id='word_1_135' title='bbox 689 3188 712 3240; x_wconf 88' lang='lat' dir='ltr'>si</span> <span class='ocrx_word' id='word_1_136' title='bbox 731 3191 816 3240; x_wconf 84' lang='lat' dir='ltr'>uuani-</span> 
     </span>
     <span class='ocr_line' id='line_1_31' title="bbox 328 3276 819 3343; baseline -0.018 -7"><span class='ocrx_word' id='word_1_137' title='bbox 328 3282 449 3335; x_wconf 88' lang='lat' dir='ltr'>nativum</span> <span class='ocrx_word' id='word_1_138' title='bbox 469 3296 556 3331; x_wconf 83' lang='lat' dir='ltr'>casum</span> <span class='ocrx_word' id='word_1_139' title='bbox 573 3277 677 3330; x_wconf 88' lang='lat' dir='ltr'>numeri</span> <span class='ocrx_word' id='word_1_140' title='bbox 699 3276 819 3343; x_wconf 74' lang='lat' dir='ltr'>singala-</span> 
     </span>
     <span class='ocr_line' id='line_1_32' title="bbox 331 3363 819 3436; baseline -0.014 -14"><span class='ocrx_word' id='word_1_141' title='bbox 331 3369 369 3422; x_wconf 88' lang='lat' dir='ltr'>ris</span> <span class='ocrx_word' id='word_1_142' title='bbox 389 3369 429 3422; x_wconf 94' lang='lat' dir='ltr'>vel</span> <span class='ocrx_word' id='word_1_143' title='bbox 459 3367 539 3419; x_wconf 90' lang='lat' dir='ltr'>alium</span> <span class='ocrx_word' id='word_1_144' title='bbox 560 3363 704 3436; x_wconf 86' lang='lat' dir='ltr'>quemlibet</span> <span class='ocrx_word' id='word_1_145' title='bbox 731 3381 819 3417; x_wconf 83' lang='lat' dir='ltr'>casum</span> 
     </span>
     <span class='ocr_line' id='line_1_33' title="bbox 330 3452 820 3527; baseline -0.012 -18"><span class='ocrx_word' id='word_1_146' title='bbox 330 3455 432 3509; x_wconf 90' lang='lat' dir='ltr'>numeri</span> <span class='ocrx_word' id='word_1_147' title='bbox 450 3454 560 3527; x_wconf 84' lang='lat' dir='ltr'>pluralis</span> <span class='ocrx_word' id='word_1_148' title='bbox 577 3452 612 3504; x_wconf 92' lang='lat' dir='ltr'>ad</span> <span class='ocrx_word' id='word_1_149' title='bbox 631 3452 739 3505; x_wconf 89' lang='lat' dir='ltr'>iormam</span> <span class='ocrx_word' id='word_1_150' title='bbox 766 3452 820 3505; x_wconf 88' lang='lat' dir='ltr'>Ca-</span> 
     </span>
     <span class='ocr_line' id='line_1_34' title="bbox 330 3540 820 3612; baseline -0.01 -16"><span class='ocrx_word' id='word_1_151' title='bbox 330 3544 425 3596; x_wconf 86' lang='lat' dir='ltr'>tilinae</span> <span class='ocrx_word' id='word_1_152' title='bbox 438 3541 523 3594; x_wconf 82' lang='lat' dir='ltr'>iacere</span> <span class='ocrx_word' id='word_1_153' title='bbox 537 3540 741 3612; x_wconf 80' lang='lat' dir='ltr'>rcppcrinutur.</span> <span class='ocrx_word' id='word_1_154' title='bbox 757 3552 820 3592; x_wconf 89' lang='lat' dir='ltr'>tuuc</span> 
     </span>
     <span class='ocr_line' id='line_1_35' title="bbox 330 3628 819 3701; baseline -0.016 -16"><span class='ocrx_word' id='word_1_155' title='bbox 330 3632 396 3685; x_wconf 87' lang='lat' dir='ltr'>haec</span> <span class='ocrx_word' id='word_1_156' title='bbox 413 3649 458 3701; x_wconf 83' lang='lat' dir='ltr'>per</span> <span class='ocrx_word' id='word_1_157' title='bbox 477 3641 576 3682; x_wconf 84' lang='lat' dir='ltr'>ceteros</span> <span class='ocrx_word' id='word_1_158' title='bbox 588 3647 663 3680; x_wconf 85' lang='lat' dir='ltr'>casus</span> <span class='ocrx_word' id='word_1_159' title='bbox 679 3628 712 3679; x_wconf 88' lang='lat' dir='ltr'>ad</span> <span class='ocrx_word' id='word_1_160' title='bbox 727 3646 819 3681; x_wconf 78' lang='lat' dir='ltr'>sonuur</span> 
     </span>
     <span class='ocr_line' id='line_1_36' title="bbox 331 3714 819 3785; baseline -0.018 -12"><span class='ocrx_word' id='word_1_161' title='bbox 331 3719 464 3773; x_wconf 81' lang='lat' dir='ltr'>Catilinae</span> <span class='ocrx_word' id='word_1_162' title='bbox 482 3714 657 3769; x_wconf 75' lang='lat' dir='ltr'>declinantur.</span> <span class='ocrx_word' id='word_1_163' title='bbox 675 3718 819 3785; x_wconf 81' lang='lat' dir='ltr'>Quaecum-</span> 
     </span>
     <span class='ocr_line' id='line_1_37' title="bbox 329 3805 820 3878; baseline -0.006 -20"><span class='ocrx_word' id='word_1_164' title='bbox 329 3821 384 3878; x_wconf 91' lang='lat' dir='ltr'>que</span> <span class='ocrx_word' id='word_1_165' title='bbox 402 3817 491 3859; x_wconf 86' lang='lat' dir='ltr'>antem</span> <span class='ocrx_word' id='word_1_166' title='bbox 509 3805 614 3859; x_wconf 89' lang='lat' dir='ltr'>nomina</span> <span class='ocrx_word' id='word_1_167' title='bbox 638 3805 738 3872; x_wconf 84' lang='lat' dir='ltr'>generis</span> <span class='ocrx_word' id='word_1_168' title='bbox 763 3825 820 3858; x_wconf 83' lang='lat' dir='ltr'>ma·</span> 
     </span>
     <span class='ocr_line' id='line_1_38' title="bbox 331 3897 821 3964; baseline 0.006 -15"><span class='ocrx_word' id='word_1_169' title='bbox 331 3897 430 3950; x_wconf 90' lang='lat' dir='ltr'>scalini</span> <span class='ocrx_word' id='word_1_170' title='bbox 445 3897 565 3964; x_wconf 82' lang='lat' dir='ltr'>genetivo</span> <span class='ocrx_word' id='word_1_171' title='bbox 585 3897 626 3950; x_wconf 92' lang='lat' dir='ltr'>vcl</span> <span class='ocrx_word' id='word_1_172' title='bbox 648 3898 740 3951; x_wconf 88' lang='lat' dir='ltr'>dativa</span> <span class='ocrx_word' id='word_1_173' title='bbox 758 3915 821 3952; x_wconf 81' lang='lat' dir='ltr'>casu</span> 
     </span>
     <span class='ocr_line' id='line_1_39' title="bbox 330 3986 820 4055; baseline 0.008 -16"><span class='ocrx_word' id='word_1_174' title='bbox 330 3986 432 4041; x_wconf 85' lang='lat' dir='ltr'>numeri</span> <span class='ocrx_word' id='word_1_175' title='bbox 444 3987 586 4055; x_wconf 79' lang='lat' dir='ltr'>singularis</span> <span class='ocrx_word' id='word_1_176' title='bbox 598 4005 649 4040; x_wconf 86' lang='lat' dir='ltr'>·ae.</span> <span class='ocrx_word' id='word_1_177' title='bbox 663 3988 762 4042; x_wconf 76' lang='lat' dir='ltr'>titteris</span> <span class='ocrx_word' id='word_1_178' title='bbox 776 3990 820 4043; x_wconf 91' lang='lat' dir='ltr'>de·</span> 
     </span>
     <span class='ocr_line' id='line_1_40' title="bbox 333 4076 821 4138; baseline 0.008 -8"><span class='ocrx_word' id='word_1_179' title='bbox 333 4077 480 4135; x_wconf 80' lang='lat' dir='ltr'>finiuntur.</span> <span class='ocrx_word' id='word_1_180' title='bbox 494 4076 518 4131; x_wconf 90' lang='lat' dir='ltr'>si</span> <span class='ocrx_word' id='word_1_181' title='bbox 542 4077 734 4135; x_wconf 81' lang='lat' dir='ltr'>nominativum</span> <span class='ocrx_word' id='word_1_182' title='bbox 753 4115 761 4138; x_wconf 85' lang='lat'><strong>.</strong></span> <span class='ocrx_word' id='word_1_183' title='bbox 780 4080 821 4134; x_wconf 90' lang='lat' dir='ltr'>vcl</span> 
     </span>
    </p>
   </div>
   <div class='ocr_carea' id='block_1_5' title="bbox 1266 606 1330 700">
    <p class='ocr_par' dir='ltr' id='par_1_6' title="bbox 1266 606 1330 700">
     <span class='ocr_line' id='line_1_41' title="bbox 1266 606 1330 700; baseline 0 0"><span class='ocrx_word' id='word_1_184' title='bbox 1266 606 1330 700; x_wconf 77' lang='grc' dir='ltr'>ι89</span> 
     </span>
    </p>
   </div>
   <div class='ocr_carea' id='block_1_6' title="bbox 869 728 1363 1856">
    <p class='ocr_par' dir='ltr' id='par_1_7' title="bbox 869 728 1363 1856">
     <span class='ocr_line' id='line_1_42' title="bbox 874 728 1363 787; baseline 0.012 -6"><span class='ocrx_word' id='word_1_185' title='bbox 874 728 1055 786; x_wconf 75' lang='lat' dir='ltr'>accusativum</span> <span class='ocrx_word' id='word_1_186' title='bbox 1075 749 1161 786; x_wconf 88' lang='lat' dir='ltr'>casum</span> <span class='ocrx_word' id='word_1_187' title='bbox 1182 731 1283 785; x_wconf 90' lang='lat' dir='ltr'>numeri</span> <span class='ocrx_word' id='word_1_188' title='bbox 1305 733 1363 787; x_wconf 89' lang='lat' dir='ltr'>ain·</span> 
     </span>
     <span class='ocr_line' id='line_1_43' title="bbox 872 817 1363 885; baseline 0.012 -16"><span class='ocrx_word' id='word_1_189' title='bbox 872 818 971 885; x_wconf 74' lang='lat' dir='ltr'>gularie</span> <span class='ocrx_word' id='word_1_190' title='bbox 992 818 1025 871; x_wconf 76' lang='lat' dir='ltr'>ml</span> <span class='ocrx_word' id='word_1_191' title='bbox 1046 819 1154 873; x_wconf 86' lang='lat' dir='ltr'>iorvnam</span> <span class='ocrx_word' id='word_1_192' title='bbox 1173 820 1277 874; x_wconf 82' lang='lat' dir='ltr'>Aeneae</span> <span class='ocrx_word' id='word_1_193' title='bbox 1295 817 1363 875; x_wconf 85' lang='lat' dir='ltr'>iaca-</span> 
     </span>
     <span class='ocr_line' id='line_1_44' title="bbox 871 907 1363 980; baseline 0.002 -22"><span class='ocrx_word' id='word_1_194' title='bbox 871 924 899 959; x_wconf 91' lang='lat' dir='ltr'>re</span> <span class='ocrx_word' id='word_1_195' title='bbox 925 907 1130 979; x_wconf 86' lang='lat' dir='ltr'>repperiuntur.</span> <span class='ocrx_word' id='word_1_196' title='bbox 1150 919 1214 961; x_wconf 86' lang='lat' dir='ltr'>tunc</span> <span class='ocrx_word' id='word_1_197' title='bbox 1232 908 1298 962; x_wconf 87' lang='lat' dir='ltr'>haec</span> <span class='ocrx_word' id='word_1_198' title='bbox 1318 926 1363 980; x_wconf 81' lang='lat' dir='ltr'>per</span> 
     </span>
     <span class='ocr_line' id='line_1_45' title="bbox 870 992 1363 1050; baseline 0.012 -6"><span class='ocrx_word' id='word_1_199' title='bbox 870 1003 968 1046; x_wconf 85' lang='lat' dir='ltr'>celeras</span> <span class='ocrx_word' id='word_1_200' title='bbox 989 1010 1065 1046; x_wconf 88' lang='lat' dir='ltr'>casus</span> <span class='ocrx_word' id='word_1_201' title='bbox 1090 992 1124 1045; x_wconf 91' lang='lat' dir='ltr'>ad</span> <span class='ocrx_word' id='word_1_202' title='bbox 1149 1012 1241 1049; x_wconf 85' lang='lat' dir='ltr'>sunum</span> <span class='ocrx_word' id='word_1_203' title='bbox 1259 994 1363 1050; x_wconf 79' lang='lat' dir='ltr'>Aeneae</span> 
     </span>
     <span class='ocr_line' id='line_1_46' title="bbox 869 1078 1363 1152; baseline 0.014 -22"><span class='ocrx_word' id='word_1_204' title='bbox 869 1078 1047 1134; x_wconf 80' lang='lat' dir='ltr'>declinantur.</span> <span class='ocrx_word' id='word_1_205' title='bbox 1081 1081 1268 1152; x_wconf 88' lang='lat' dir='ltr'>Quaccumque</span> <span class='ocrx_word' id='word_1_206' title='bbox 1302 1100 1363 1137; x_wconf 83' lang='lat' dir='ltr'>veru</span> 
     </span>
     <span class='ocr_line' id='line_1_47' title="bbox 869 1166 1362 1235; baseline 0.006 -17"><span class='ocrx_word' id='word_1_207' title='bbox 869 1166 976 1220; x_wconf 86' lang='lat' dir='ltr'>nomina</span> <span class='ocrx_word' id='word_1_208' title='bbox 999 1166 1101 1235; x_wconf 71' lang='lat' dir='ltr'>generis</span> <span class='ocrx_word' id='word_1_209' title='bbox 1124 1166 1262 1219; x_wconf 77' lang='lat' dir='ltr'>masculini</span> <span class='ocrx_word' id='word_1_210' title='bbox 1282 1184 1362 1235; x_wconf 75' lang='lat' dir='ltr'>geae-</span> 
     </span>
     <span class='ocr_line' id='line_1_48' title="bbox 869 1252 1362 1313; baseline 0.002 -7"><span class='ocrx_word' id='word_1_211' title='bbox 869 1253 927 1307; x_wconf 87' lang='lat' dir='ltr'>tiva</span> <span class='ocrx_word' id='word_1_212' title='bbox 940 1253 980 1306; x_wconf 87' lang='lat' dir='ltr'>vel</span> <span class='ocrx_word' id='word_1_213' title='bbox 999 1252 1091 1308; x_wconf 87' lang='lat' dir='ltr'>dativa</span> <span class='ocrx_word' id='word_1_214' title='bbox 1110 1270 1173 1308; x_wconf 84' lang='lat' dir='ltr'>caeu</span> <span class='ocrx_word' id='word_1_215' title='bbox 1189 1255 1291 1308; x_wconf 61' lang='lat' dir='ltr'>nutari</span> <span class='ocrx_word' id='word_1_216' title='bbox 1303 1255 1362 1313; x_wconf 82' lang='lat' dir='ltr'>sia-</span> 
     </span>
     <span class='ocr_line' id='line_1_49' title="bbox 870 1342 1362 1416; baseline 0.018 -21"><span class='ocrx_word' id='word_1_217' title='bbox 870 1342 969 1411; x_wconf 72' lang='lat' dir='ltr'>galaris</span> <span class='ocrx_word' id='word_1_218' title='bbox 995 1361 1046 1398; x_wconf 91' lang='lat' dir='ltr'>·ae·</span> <span class='ocrx_word' id='word_1_219' title='bbox 1064 1343 1162 1398; x_wconf 83' lang='lat' dir='ltr'>litteris</span> <span class='ocrx_word' id='word_1_220' title='bbox 1181 1357 1241 1416; x_wconf 86' lang='lat' dir='ltr'>post</span> <span class='ocrx_word' id='word_1_221' title='bbox 1266 1364 1362 1403; x_wconf 85' lang='lat' dir='ltr'>coneo-</span> 
     </span>
     <span class='ocr_line' id='line_1_50' title="bbox 871 1430 1363 1491; baseline 0.01 -8"><span class='ocrx_word' id='word_1_222' title='bbox 871 1441 980 1485; x_wconf 83' lang='lat' dir='ltr'>nantcm</span> <span class='ocrx_word' id='word_1_223' title='bbox 999 1430 1179 1491; x_wconf 87' lang='lat' dir='ltr'>deliniuntur.</span> <span class='ocrx_word' id='word_1_224' title='bbox 1198 1433 1221 1486; x_wconf 88' lang='lat' dir='ltr'>si</span> <span class='ocrx_word' id='word_1_225' title='bbox 1241 1435 1363 1488; x_wconf 84' lang='lat' dir='ltr'>numina·</span> 
     </span>
     <span class='ocr_line' id='line_1_51' title="bbox 871 1521 1362 1580; baseline 0.012 -6"><span class='ocrx_word' id='word_1_226' title='bbox 871 1521 958 1575; x_wconf 85' lang='lat' dir='ltr'>tivum</span> <span class='ocrx_word' id='word_1_227' title='bbox 976 1532 1024 1575; x_wconf 87' lang='lat' dir='ltr'>ant</span> <span class='ocrx_word' id='word_1_228' title='bbox 1052 1522 1231 1576; x_wconf 77' lang='lat' dir='ltr'>accusativum</span> <span class='ocrx_word' id='word_1_229' title='bbox 1258 1523 1299 1578; x_wconf 83' lang='lat' dir='ltr'>vel</span> <span class='ocrx_word' id='word_1_230' title='bbox 1318 1544 1362 1580; x_wconf 85' lang='lat' dir='ltr'>ru·</span> 
     </span>
     <span class='ocr_line' id='line_1_52' title="bbox 871 1607 1362 1681; baseline 0.016 -23"><span class='ocrx_word' id='word_1_231' title='bbox 871 1607 988 1660; x_wconf 89' lang='lat' dir='ltr'>cativum</span> <span class='ocrx_word' id='word_1_232' title='bbox 1001 1624 1090 1660; x_wconf 87' lang='lat' dir='ltr'>casum</span> <span class='ocrx_word' id='word_1_233' title='bbox 1101 1609 1203 1661; x_wconf 85' lang='lat' dir='ltr'>numeri</span> <span class='ocrx_word' id='word_1_234' title='bbox 1219 1611 1362 1681; x_wconf 76' lang='lat' dir='ltr'>singularis</span> 
     </span>
     <span class='ocr_line' id='line_1_53' title="bbox 872 1693 1363 1772; baseline 0.018 -28"><span class='ocrx_word' id='word_1_235' title='bbox 872 1694 906 1745; x_wconf 85' lang='lat' dir='ltr'>ad</span> <span class='ocrx_word' id='word_1_236' title='bbox 921 1693 1029 1747; x_wconf 75' lang='lat' dir='ltr'>formam</span> <span class='ocrx_word' id='word_1_237' title='bbox 1053 1695 1185 1750; x_wconf 73' lang='lat' dir='ltr'>Anchisae</span> <span class='ocrx_word' id='word_1_238' title='bbox 1199 1696 1283 1751; x_wconf 81' lang='lat' dir='ltr'>iacere</span> <span class='ocrx_word' id='word_1_239' title='bbox 1301 1717 1363 1772; x_wconf 84' lang='lat' dir='ltr'>rep·</span> 
     </span>
     <span class='ocr_line' id='line_1_54' title="bbox 873 1781 1362 1856; baseline 0.025 -26"><span class='ocrx_word' id='word_1_240' title='bbox 873 1781 1013 1852; x_wconf 79' lang='lat' dir='ltr'>pariuntur</span> <span class='ocrx_word' id='word_1_241' title='bbox 1031 1815 1040 1832; x_wconf 86' lang='grc'><strong>.</strong></span> <span class='ocrx_word' id='word_1_242' title='bbox 1059 1792 1124 1835; x_wconf 90' lang='lat' dir='ltr'>tunc</span> <span class='ocrx_word' id='word_1_243' title='bbox 1142 1782 1208 1837; x_wconf 86' lang='lat' dir='ltr'>haec</span> <span class='ocrx_word' id='word_1_244' title='bbox 1225 1801 1272 1856; x_wconf 84' lang='lat' dir='ltr'>per</span> <span class='ocrx_word' id='word_1_245' title='bbox 1289 1797 1362 1841; x_wconf 80' lang='lat' dir='ltr'>cele·</span> 
     </span>
    </p>
   </div>
   <div class='ocr_carea' id='block_1_7' title="bbox 870 1870 1362 2011">
    <p class='ocr_par' dir='ltr' id='par_1_8' title="bbox 870 1870 1362 2011">
     <span class='ocr_line' id='line_1_55' title="bbox 872 1870 1362 1957; baseline 0.018 -37"><span class='ocrx_word' id='word_1_246' title='bbox 872 1887 913 1922; x_wconf 85' lang='lat' dir='ltr'>ros</span> <span class='ocrx_word' id='word_1_247' title='bbox 939 1887 1015 1957; x_wconf 80' lang='lat' dir='ltr'>casus</span> <span class='ocrx_word' id='word_1_248' title='bbox 1041 1870 1076 1923; x_wconf 90' lang='lat' dir='ltr'>ad</span> <span class='ocrx_word' id='word_1_249' title='bbox 1103 1887 1196 1926; x_wconf 86' lang='lat' dir='ltr'>aonam</span> <span class='ocrx_word' id='word_1_250' title='bbox 1228 1873 1362 1930; x_wconf 79' lang='lat' dir='ltr'>Anchisae</span> 
     </span>
     <span class='ocr_line' id='line_1_56' title="bbox 870 1956 1051 2011; baseline 0.028 -5"><span class='ocrx_word' id='word_1_251' title='bbox 870 1956 1051 2011; x_wconf 86' lang='lat' dir='ltr'>declinantur.</span> 
     </span>
    </p>
   </div>
   <div class='ocr_carea' id='block_1_8' title="bbox 868 2043 1436 4153">
    <p class='ocr_par' dir='ltr' id='par_1_9' title="bbox 868 2043 1436 4153">
     <span class='ocr_line' id='line_1_57' title="bbox 906 2043 1361 2103; baseline 0.018 -7"><span class='ocrx_word' id='word_1_252' title='bbox 906 2043 945 2096; x_wconf 87' lang='lat' dir='ltr'>De</span> <span class='ocrx_word' id='word_1_253' title='bbox 962 2045 1084 2099; x_wconf 87' lang='lat' dir='ltr'>vocativo</span> <span class='ocrx_word' id='word_1_254' title='bbox 1101 2062 1162 2099; x_wconf 82' lang='lat' dir='ltr'>casu</span> <span class='ocrx_word' id='word_1_255' title='bbox 1183 2047 1286 2101; x_wconf 85' lang='lat' dir='ltr'>numeri</span> <span class='ocrx_word' id='word_1_256' title='bbox 1300 2049 1361 2103; x_wconf 85' lang='lat' dir='ltr'>ein·</span> 
     </span>
     <span class='ocr_line' id='line_1_58' title="bbox 871 2130 1360 2206; baseline 0.029 -29"><span class='ocrx_word' id='word_1_257' title='bbox 871 2130 968 2194; x_wconf 80' lang='lat' dir='ltr'>garlaris</span> <span class='ocrx_word' id='word_1_258' title='bbox 985 2133 1033 2202; x_wconf 88' lang='lat' dir='ltr'>qui</span> <span class='ocrx_word' id='word_1_259' title='bbox 1051 2151 1087 2185; x_wconf 90' lang='lat' dir='ltr'>·a·</span> <span class='ocrx_word' id='word_1_260' title='bbox 1113 2132 1204 2189; x_wconf 85' lang='lat' dir='ltr'>littera</span> <span class='ocrx_word' id='word_1_261' title='bbox 1222 2145 1281 2206; x_wconf 80' lang='lat' dir='ltr'>post</span> <span class='ocrx_word' id='word_1_262' title='bbox 1300 2152 1360 2191; x_wconf 86' lang='lat' dir='ltr'>eou-</span> 
     </span>
     <span class='ocr_line' id='line_1_59' title="bbox 870 2221 1362 2296; baseline 0.02 -25"><span class='ocrx_word' id='word_1_263' title='bbox 870 2231 1006 2273; x_wconf 87' lang='lat' dir='ltr'>soaantcm</span> <span class='ocrx_word' id='word_1_264' title='bbox 1034 2221 1202 2275; x_wconf 88' lang='lat' dir='ltr'>terminatur·</span> <span class='ocrx_word' id='word_1_265' title='bbox 1230 2253 1244 2266; x_wconf 90' lang='lat'>-</span> <span class='ocrx_word' id='word_1_266' title='bbox 1272 2225 1362 2296; x_wconf 86' lang='lat' dir='ltr'>Quae-</span> 
     </span>
     <span class='ocr_line' id='line_1_60' title="bbox 870 2309 1362 2378; baseline 0.022 -19"><span class='ocrx_word' id='word_1_267' title='bbox 870 2324 982 2378; x_wconf 86' lang='lat' dir='ltr'>cumque</span> <span class='ocrx_word' id='word_1_268' title='bbox 1004 2309 1110 2363; x_wconf 85' lang='lat' dir='ltr'>uomina</span> <span class='ocrx_word' id='word_1_269' title='bbox 1133 2312 1235 2378; x_wconf 71' lang='lat' dir='ltr'>generis</span> <span class='ocrx_word' id='word_1_270' title='bbox 1264 2330 1362 2369; x_wconf 84' lang='lat' dir='ltr'>masca-</span> 
     </span>
     <span class='ocr_line' id='line_1_61' title="bbox 871 2389 1361 2454; baseline 0.027 -12"><span class='ocrx_word' id='word_1_271' title='bbox 871 2389 921 2445; x_wconf 86' lang='lat' dir='ltr'>liul</span> <span class='ocrx_word' id='word_1_272' title='bbox 939 2394 1063 2450; x_wconf 83' lang='lat' dir='ltr'>vocativa</span> <span class='ocrx_word' id='word_1_273' title='bbox 1088 2412 1152 2447; x_wconf 81' lang='lat' dir='ltr'>casu</span> <span class='ocrx_word' id='word_1_274' title='bbox 1176 2398 1277 2451; x_wconf 87' lang='lat' dir='ltr'>numeri</span> <span class='ocrx_word' id='word_1_275' title='bbox 1306 2400 1361 2454; x_wconf 89' lang='lat' dir='ltr'>sin·</span> 
     </span>
     <span class='ocr_line' id='line_1_62' title="bbox 870 2481 1362 2555; baseline 0.018 -24"><span class='ocrx_word' id='word_1_276' title='bbox 870 2481 968 2548; x_wconf 74' lang='lat' dir='ltr'>galeris</span> <span class='ocrx_word' id='word_1_277' title='bbox 979 2499 1015 2535; x_wconf 88' lang='lat' dir='ltr'>·a·</span> <span class='ocrx_word' id='word_1_278' title='bbox 1028 2482 1120 2537; x_wconf 88' lang='lat' dir='ltr'>littera</span> <span class='ocrx_word' id='word_1_279' title='bbox 1138 2495 1199 2555; x_wconf 86' lang='lat' dir='ltr'>post</span> <span class='ocrx_word' id='word_1_280' title='bbox 1217 2499 1362 2545; x_wconf 78' lang='lat' dir='ltr'>consonan-</span> 
     </span>
     <span class='ocr_line' id='line_1_63' title="bbox 870 2567 1361 2644; baseline 0.018 -25"><span class='ocrx_word' id='word_1_281' title='bbox 870 2577 924 2620; x_wconf 86' lang='lat' dir='ltr'>tem</span> <span class='ocrx_word' id='word_1_282' title='bbox 939 2567 1131 2626; x_wconf 83' lang='lat' dir='ltr'>terminantur,</span> <span class='ocrx_word' id='word_1_283' title='bbox 1150 2581 1178 2625; x_wconf 92' lang='lat' dir='ltr'>et</span> <span class='ocrx_word' id='word_1_284' title='bbox 1197 2583 1290 2644; x_wconf 84' lang='lat' dir='ltr'>aptota</span> <span class='ocrx_word' id='word_1_285' title='bbox 1305 2591 1361 2634; x_wconf 84' lang='lat' dir='ltr'>ease</span> 
     </span>
     <span class='ocr_line' id='line_1_64' title="bbox 869 2656 1362 2730; baseline 0.022 -23"><span class='ocrx_word' id='word_1_286' title='bbox 869 2673 923 2709; x_wconf 89' lang='lat' dir='ltr'>nan</span> <span class='ocrx_word' id='word_1_287' title='bbox 940 2656 1130 2714; x_wconf 87' lang='lat' dir='ltr'>inveniantur.</span> <span class='ocrx_word' id='word_1_288' title='bbox 1158 2658 1222 2712; x_wconf 83' lang='lat' dir='ltr'>hacc</span> <span class='ocrx_word' id='word_1_289' title='bbox 1241 2661 1362 2730; x_wconf 72' lang='lat' dir='ltr'>indigent</span> 
     </span>
     <span class='ocr_line' id='line_1_65' title="bbox 870 2744 1436 2823; baseline 0.018 -24"><span class='ocrx_word' id='word_1_290' title='bbox 870 2744 932 2799; x_wconf 81' lang='lat' dir='ltr'>eliis</span> <span class='ocrx_word' id='word_1_291' title='bbox 950 2744 1054 2799; x_wconf 83' lang='lat' dir='ltr'>casibus</span> <span class='ocrx_word' id='word_1_292' title='bbox 1069 2765 1115 2817; x_wconf 89' lang='lat' dir='ltr'>per</span> <span class='ocrx_word' id='word_1_293' title='bbox 1128 2765 1195 2817; x_wconf 88' lang='lat' dir='ltr'>quos</span> <span class='ocrx_word' id='word_1_294' title='bbox 1214 2764 1360 2821; x_wconf 88' lang='lat' dir='ltr'>appareant</span> <span class='ocrx_word' id='word_1_295' title='bbox 1430 2816 1436 2823; x_wconf 49' lang='grc'>,</span> 
     </span>
     <span class='ocr_line' id='line_1_66' title="bbox 870 2831 1358 2911; baseline 0.014 -26"><span class='ocrx_word' id='word_1_296' title='bbox 870 2831 904 2885; x_wconf 87' lang='lat' dir='ltr'>ed</span> <span class='ocrx_word' id='word_1_297' title='bbox 922 2849 1002 2901; x_wconf 86' lang='lat' dir='ltr'>quam</span> <span class='ocrx_word' id='word_1_298' title='bbox 1021 2831 1129 2886; x_wconf 77' lang='lat' dir='ltr'>turmam</span> <span class='ocrx_word' id='word_1_299' title='bbox 1149 2835 1280 2905; x_wconf 85' lang='lat' dir='ltr'>pertinere</span> <span class='ocrx_word' id='word_1_300' title='bbox 1298 2857 1358 2911; x_wconf 85' lang='lat' dir='ltr'>rep-</span> 
     </span>
     <span class='ocr_line' id='line_1_67' title="bbox 868 2920 1360 2989; baseline 0.024 -20"><span class='ocrx_word' id='word_1_301' title='bbox 868 2920 1021 2988; x_wconf 85' lang='lat' dir='ltr'>periantur:</span> <span class='ocrx_word' id='word_1_302' title='bbox 1039 2929 1152 2972; x_wconf 87' lang='lat' dir='ltr'>ceterum</span> <span class='ocrx_word' id='word_1_303' title='bbox 1163 2923 1299 2989; x_wconf 78' lang='lat' dir='ltr'>gcuclirut</span> <span class='ocrx_word' id='word_1_304' title='bbox 1320 2928 1360 2980; x_wconf 83' lang='lat' dir='ltr'>vel</span> 
     </span>
     <span class='ocr_line' id='line_1_68' title="bbox 870 3006 1360 3083; baseline 0.024 -26"><span class='ocrx_word' id='word_1_305' title='bbox 870 3006 1003 3060; x_wconf 88' lang='lat' dir='ltr'>ablativus</span> <span class='ocrx_word' id='word_1_306' title='bbox 1031 3024 1107 3061; x_wconf 88' lang='lat' dir='ltr'>casus</span> <span class='ocrx_word' id='word_1_307' title='bbox 1139 3013 1241 3064; x_wconf 89' lang='lat' dir='ltr'>numeri</span> <span class='ocrx_word' id='word_1_308' title='bbox 1266 3014 1360 3083; x_wconf 71' lang='lat' dir='ltr'>singu·</span> 
     </span>
     <span class='ocr_line' id='line_1_69' title="bbox 870 3099 1358 3158; baseline 0.02 -9"><span class='ocrx_word' id='word_1_309' title='bbox 870 3099 933 3152; x_wconf 87' lang='lat' dir='ltr'>larie</span> <span class='ocrx_word' id='word_1_310' title='bbox 953 3101 986 3151; x_wconf 87' lang='lat' dir='ltr'>ad</span> <span class='ocrx_word' id='word_1_311' title='bbox 1006 3099 1114 3154; x_wconf 87' lang='lat' dir='ltr'>iarmam</span> <span class='ocrx_word' id='word_1_312' title='bbox 1133 3101 1267 3158; x_wconf 85' lang='lat' dir='ltr'>Catilinae</span> <span class='ocrx_word' id='word_1_313' title='bbox 1281 3104 1358 3158; x_wconf 90' lang='lat' dir='ltr'>decii·</span> 
     </span>
     <span class='ocr_line' id='line_1_70' title="bbox 870 3192 1358 3253; baseline 0.016 -11"><span class='ocrx_word' id='word_1_314' title='bbox 870 3201 968 3242; x_wconf 88' lang='lat' dir='ltr'>uantur</span> <span class='ocrx_word' id='word_1_315' title='bbox 983 3211 990 3243; x_wconf 76' lang='lat' dir='ltr'><strong><em>z</em></strong></span> <span class='ocrx_word' id='word_1_316' title='bbox 1012 3202 1039 3244; x_wconf 89' lang='lat' dir='ltr'>et</span> <span class='ocrx_word' id='word_1_317' title='bbox 1062 3192 1120 3246; x_wconf 87' lang='lat' dir='ltr'>iden</span> <span class='ocrx_word' id='word_1_318' title='bbox 1139 3192 1242 3246; x_wconf 88' lang='lat' dir='ltr'>eosdem</span> <span class='ocrx_word' id='word_1_319' title='bbox 1261 3211 1358 3253; x_wconf 84' lang='lat' dir='ltr'>cavus.</span> 
     </span>
     <span class='ocr_line' id='line_1_71' title="bbox 868 3279 1359 3350; baseline 0.022 -21"><span class='ocrx_word' id='word_1_320' title='bbox 868 3279 966 3350; x_wconf 87' lang='lat' dir='ltr'>quibus</span> <span class='ocrx_word' id='word_1_321' title='bbox 991 3281 1129 3349; x_wconf 79' lang='lat' dir='ltr'>indigent.</span> <span class='ocrx_word' id='word_1_322' title='bbox 1147 3281 1308 3342; x_wconf 83' lang='lat' dir='ltr'>subicimus.</span> <span class='ocrx_word' id='word_1_323' title='bbox 1328 3298 1359 3340; x_wconf 90' lang='lat' dir='ltr'>ut</span> 
     </span>
     <span class='ocr_line' id='line_1_72' title="bbox 871 3376 1357 3442; baseline 0.01 -19"><span class='ocrx_word' id='word_1_324' title='bbox 871 3381 1040 3442; x_wconf 85' lang='lat' dir='ltr'>appareant.</span> <span class='ocrx_word' id='word_1_325' title='bbox 1067 3387 1112 3442; x_wconf 88' lang='lat' dir='ltr'>pcr</span> <span class='ocrx_word' id='word_1_326' title='bbox 1133 3389 1201 3441; x_wconf 86' lang='lat' dir='ltr'>quos</span> <span class='ocrx_word' id='word_1_327' title='bbox 1222 3391 1299 3427; x_wconf 82' lang='lat' dir='ltr'>casus</span> <span class='ocrx_word' id='word_1_328' title='bbox 1324 3376 1357 3428; x_wconf 90' lang='lat' dir='ltr'>ad</span> 
     </span>
     <span class='ocr_line' id='line_1_73' title="bbox 870 3456 1359 3532; baseline 0.006 -22"><span class='ocrx_word' id='word_1_329' title='bbox 870 3476 951 3528; x_wconf 90' lang='lat' dir='ltr'>quam</span> <span class='ocrx_word' id='word_1_330' title='bbox 976 3456 1084 3511; x_wconf 81' lang='lat' dir='ltr'>lormam</span> <span class='ocrx_word' id='word_1_331' title='bbox 1109 3458 1242 3529; x_wconf 89' lang='lat' dir='ltr'>pertinere</span> <span class='ocrx_word' id='word_1_332' title='bbox 1266 3477 1359 3532; x_wconf 81' lang='lat' dir='ltr'>reppe-</span> 
     </span>
     <span class='ocr_line' id='line_1_74' title="bbox 871 3548 1358 3617; baseline 0.006 -16"><span class='ocrx_word' id='word_1_333' title='bbox 871 3549 983 3602; x_wconf 84' lang='lat' dir='ltr'>riantur.</span> <span class='ocrx_word' id='word_1_334' title='bbox 1002 3548 1090 3617; x_wconf 85' lang='lat' dir='ltr'>Quare</span> <span class='ocrx_word' id='word_1_335' title='bbox 1108 3565 1289 3617; x_wconf 87' lang='lat' dir='ltr'>quaecumque</span> <span class='ocrx_word' id='word_1_336' title='bbox 1308 3569 1358 3603; x_wconf 87' lang='lat' dir='ltr'>na-</span> 
     </span>
     <span class='ocr_line' id='line_1_75' title="bbox 870 3635 1360 3702; baseline 0.008 -14"><span class='ocrx_word' id='word_1_337' title='bbox 870 3636 942 3688; x_wconf 83' lang='lat' dir='ltr'>rnina</span> <span class='ocrx_word' id='word_1_338' title='bbox 961 3635 1061 3702; x_wconf 73' lang='lat' dir='ltr'>generis</span> <span class='ocrx_word' id='word_1_339' title='bbox 1079 3635 1216 3687; x_wconf 82' lang='lat' dir='ltr'>masculini</span> <span class='ocrx_word' id='word_1_340' title='bbox 1236 3638 1360 3693; x_wconf 85' lang='lat' dir='ltr'>vocativo</span> 
     </span>
     <span class='ocr_line' id='line_1_76' title="bbox 871 3725 1359 3791; baseline 0.006 -13"><span class='ocrx_word' id='word_1_341' title='bbox 871 3744 932 3779; x_wconf 88' lang='lat' dir='ltr'>casu</span> <span class='ocrx_word' id='word_1_342' title='bbox 956 3725 1057 3779; x_wconf 88' lang='lat' dir='ltr'>numeri</span> <span class='ocrx_word' id='word_1_343' title='bbox 1078 3725 1222 3791; x_wconf 79' lang='lat' dir='ltr'>singularis</span> <span class='ocrx_word' id='word_1_344' title='bbox 1242 3745 1277 3777; x_wconf 89' lang='lat' dir='ltr'>·a·</span> <span class='ocrx_word' id='word_1_345' title='bbox 1290 3728 1359 3780; x_wconf 84' lang='lat' dir='ltr'>litte·</span> 
     </span>
     <span class='ocr_line' id='line_1_77' title="bbox 872 3815 1360 3888; baseline 0.016 -22"><span class='ocrx_word' id='word_1_346' title='bbox 872 3833 901 3868; x_wconf 87' lang='lat' dir='ltr'>ra</span> <span class='ocrx_word' id='word_1_347' title='bbox 926 3815 1102 3871; x_wconf 78' lang='lat' dir='ltr'>terminantur</span> <span class='ocrx_word' id='word_1_348' title='bbox 1130 3825 1158 3869; x_wconf 86' lang='lat' dir='ltr'>et</span> <span class='ocrx_word' id='word_1_349' title='bbox 1184 3829 1276 3888; x_wconf 84' lang='lat' dir='ltr'>aptata</span> <span class='ocrx_word' id='word_1_350' title='bbox 1303 3838 1360 3873; x_wconf 85' lang='lat' dir='ltr'>esec</span> 
     </span>
     <span class='ocr_line' id='line_1_78' title="bbox 870 3905 1358 3965; baseline 0.01 -6"><span class='ocrx_word' id='word_1_351' title='bbox 870 3925 924 3960; x_wconf 90' lang='lat' dir='ltr'>nan</span> <span class='ocrx_word' id='word_1_352' title='bbox 944 3905 1117 3960; x_wconf 88' lang='lat' dir='ltr'>inveniuntur</span> <span class='ocrx_word' id='word_1_353' title='bbox 1129 3945 1136 3965; x_wconf 87' lang='lat'><strong><em>.</em></strong></span> <span class='ocrx_word' id='word_1_354' title='bbox 1150 3908 1214 3961; x_wconf 86' lang='lat' dir='ltr'>haec</span> <span class='ocrx_word' id='word_1_355' title='bbox 1230 3910 1253 3962; x_wconf 87' lang='lat' dir='ltr'>si</span> <span class='ocrx_word' id='word_1_356' title='bbox 1272 3911 1358 3964; x_wconf 89' lang='lat' dir='ltr'>nami·</span> 
     </span>
     <span class='ocr_line' id='line_1_79' title="bbox 871 3995 1359 4052; baseline 0.01 -4"><span class='ocrx_word' id='word_1_357' title='bbox 871 3995 990 4048; x_wconf 91' lang='lat' dir='ltr'>nativum</span> <span class='ocrx_word' id='word_1_358' title='bbox 1009 3995 1049 4048; x_wconf 88' lang='lat' dir='ltr'>vel</span> <span class='ocrx_word' id='word_1_359' title='bbox 1068 3997 1247 4050; x_wconf 87' lang='lat' dir='ltr'>accusativum</span> <span class='ocrx_word' id='word_1_360' title='bbox 1270 4017 1359 4052; x_wconf 83' lang='lat' dir='ltr'>casum</span> 
     </span>
     <span class='ocr_line' id='line_1_80' title="bbox 871 4083 1361 4153; baseline 0.018 -17"><span class='ocrx_word' id='word_1_361' title='bbox 871 4083 972 4138; x_wconf 83' lang='lat' dir='ltr'>numeri</span> <span class='ocrx_word' id='word_1_362' title='bbox 986 4083 1129 4153; x_wconf 76' lang='lat' dir='ltr'>singularis</span> <span class='ocrx_word' id='word_1_363' title='bbox 1142 4085 1177 4137; x_wconf 85' lang='lat' dir='ltr'>ad</span> <span class='ocrx_word' id='word_1_364' title='bbox 1188 4084 1296 4140; x_wconf 77' lang='lat' dir='ltr'>sormam</span> <span class='ocrx_word' id='word_1_365' title='bbox 1311 4089 1361 4145; x_wconf 80' lang='grc' dir='ltr'><strong>Διι·</strong></span> 
     </span>
    </p>
   </div>
   <div class='ocr_carea' id='block_1_9' title="bbox 0 0 1700 5206">
    <p class='ocr_par' dir='ltr' id='par_1_10' title="bbox 0 0 1700 5206">
     <span class='ocr_line' id='line_1_81' title="bbox 0 0 1700 5206; baseline 0 0"><span class='ocrx_word' id='word_1_366' title='bbox 0 0 1700 5206; x_wconf 95' lang='lat' dir='ltr'> </span> 
     </span>
    </p>
   </div>
  </div>
 </body>
</html>
