3382 5206
684 556 859 621 ,assertura
881 558 1013 609 sensns.
1258 538 1332 633 481

332 691 406 763 per
436 663 532 763 lapsa
560 680 759 769 temporum
791 665 904 738 stadia
933 693 1055 767 parem
1081 695 1155 742 non
1187 667 1364 745 crevimus

343 784 575 884 phalangem,
595 798 664 862 nec
684 789 804 861 sutura
824 787 1025 887 temporalis
1045 788 1137 886 globi
1158 817 1222 890 per
1241 791 1366 891 pagula

337 908 599 1008 aequiperatum
630 908 757 1009 fulgidi
788 909 937 983 rumoris
966 909 1224 1010 speculabimur
1256 929 1364 985 caree

336 1052 424 1101 vam.
453 1023 527 1101 Sed
547 1047 686 1128 praesto
705 1029 909 1103 horrendus
929 1030 1041 1103 adstat
1062 1014 1277 1129 chelydrus,
1298 1033 1362 1131 qui

339 1142 445 1218 talem
463 1146 603 1246 vipereo
622 1148 699 1223 ictu
721 1147 895 1221 sauciabit
920 1149 1078 1235 turbam,
1099 1148 1168 1220 nisi
1187 1149 1272 1223 vasti
1293 1149 1364 1223 exi-

333 1263 458 1361 gerint
479 1284 653 1343 rectorem
672 1269 768 1368 poli,
795 1267 858 1368 qui
884 1267 1089 1365 florigerum
1113 1295 1240 1365 agmen
1261 1296 1364 1367 regu·

335 1384 410 1460 loso
429 1387 574 1464 solverit
592 1387 806 1465 discrimine.
833 1388 982 1463 Novello
1002 1389 1175 1489 temporei
1196 1391 1362 1488 glohami·

336 1506 393 1580 nis
415 1508 515 1607 cyclo
541 1509 757 1610 hispericurn
782 1508 938 1609 arripere
961 1511 1066 1583 tonui
1085 1526 1286 1610 sceptrum:
1313 1512 1359 1584 oh

334 1618 402 1699 hoc
428 1627 558 1701 rudem
580 1630 729 1703 stemico
755 1627 901 1728 logum,
927 1657 967 1702 ac
995 1630 1142 1728 exiguus
1169 1632 1275 1729 serpit
1295 1659 1359 1729 per

332 1770 395 1821 ora
412 1743 519 1820 rivus.
535 1744 644 1842 Quod
665 1747 695 1820 si
713 1747 827 1849 amplo
848 1747 1049 1847 temporalis
1067 1749 1143 1822 aevi
1164 1749 1275 1823 stadio
1296 1776 1357 1820 au·

334 1862 456 1936 sonica
475 1889 532 1938 me
553 1864 730 1964 alligasset
751 1882 904 1955 eatena,
932 1894 1101 1940 sonoreus
1128 1867 1271 1939 suminis
1294 1896 1357 1966 per

328 1996 480 2076 guttura
500 1983 679 2082 popularet
699 1984 871 2073 haustus,
891 2013 931 2057 ac
951 1984 1136 2058 inmensus
1156 1987 1288 2059 urbani
1310 2003 1358 2058 te-

334 2098 434 2173 noris
461 2119 639 2176 manasset
657 2101 819 2179 saucibus
841 2101 956 2176 tollus.
984 2101 1092 2196 Quod
1114 2103 1355 2204 propriserurn

332 2216 477 2316 plasmas
496 2220 670 2319 orgium?
696 2238 819 2295 utrum
838 2220 927 2294 alma
947 2220 1080 2294 scindis
1099 2223 1285 2296 securibus
1304 2252 1358 2296 ro·

333 2337 446 2429 bora,
474 2341 569 2417 utico
594 2341 814 2443 quadrigona
839 2342 956 2415 densis
981 2342 1181 2416 stemicares
1207 2345 1356 2417 oratoria

335 2460 521 2535 tabulatis?
531 2460 592 2535 An
604 2461 820 2559 flammigero
833 2480 947 2535 coctas
960 2462 1122 2536 obrizum
1143 2463 1280 2537 clibano
1295 2494 1354 2538 au·

331 2580 451 2655 riseras
472 2580 592 2655 solidis
613 2582 745 2657 cudere
764 2582 907 2657 lunulas
924 2581 1146 2658 marthcllis'?
1168 2582 1352 2660 Scotino

330 2699 403 2774 lam
423 2701 535 2777 tensis
555 2703 708 2781 suscitas
728 2704 831 2776 odam
853 2703 1027 2779 chordis?
1054 2702 1082 2775 F
1085 2720 1160 2777 orte
1183 2734 1350 2779 concavas

333 2819 492 2893 sonoreis
518 2821 645 2922 prollas
669 2822 804 2896 cicutas
833 2822 1055 2895 harmoniis?

410 2939 443 3015 3.
458 2936 533 3015 Sed
548 2967 621 3015 non
639 2940 851 3039 intelligibili
868 2942 1000 3015 mentis
1012 2944 1179 3016 acumine
1193 2962 1349 3042 praestu-

330 3058 406 3147 lor‚
432 3058 529 3161 quod
553 3060 761 3158 lanigerosas
787 3061 935 3134 odorosa
959 3062 1117 3135 observas
1136 3091 1201 3162 per
1222 3092 1351 3164 pascua

329 3172 535 3261 bidentium
560 3195 720 3268 turmas,
746 3179 806 3252 cui
832 3179 950 3253 obessa
976 3196 1179 3254 arcatorum
1205 3182 1349 3256 assiduo

330 3298 469 3374 tramite
489 3297 638 3373 sectaris
658 3297 830 3388 concilia,
845 3326 885 3371 ac
904 3298 1055 3373 cicniam
1070 3301 1226 3399 gemellis
1240 3303 1349 3377 hailas

329 3444 520 3495 cumanam
537 3418 686 3520 scapulis
713 3418 936 3493 rutulantem
962 3419 1114 3493 alboreis
1141 3438 1235 3495 artas
1261 3421 1349 3496 cala·

328 3540 420 3614 mide
439 3539 626 3631 madiadis,
646 3567 840 3641 perumque
862 3539 1001 3613 carneis
1015 3540 1147 3613 tolihus
1162 3543 1349 3642 amplecte·

324 3657 376 3732 ris
397 3656 582 3735 caminam
609 3658 688 3733 Nec
710 3659 852 3760 sophica
872 3660 1059 3758 ingenioso
1087 3661 1253 3761 acumine
1273 3663 1349 3735 ahs-

327 3776 440 3865 cnltas
460 3777 645 3877 mysteria,
666 3775 728 3851 sed
744 3777 928 3874 doctoreas
944 3779 1070 3853 effoeto
1089 3780 1272 3853 conamine
1292 3809 1347 3855 co·

327 3888 652 3977 mitaris'ln'storum
674 3917 815 3974 turmas.
843 3896 939 3974 Hinc
958 3899 1148 3974 mirificum
1167 3900 1232 3972 tibi
1253 3901 1348 4000 inge·

929 4038 951 4071 f
1011 4024 1053 4093 31
