3382 5206
1261 593 1328 687 451

335 746 517 880 Iohannis
543 812 636 881 Sooti
669 837 780 880 uersus
811 809 940 901 aliquot
967 817 1088 903 graeei
1111 815 1160 880 sul
1191 815 1356 883 Karalum

335 918 475 983 Calvum
496 919 612 1005 scripti
639 934 715 982 sunt
740 920 776 981 in
803 940 922 981 coaevo
945 915 1190 1004 glossariorum
1209 942 1355 1008 graeca-

332 1049 405 1089 rum
420 1024 533 1090 codice
548 1024 585 1092 S.
607 1023 774 1090 Germani
791 1025 1009 1112 parisiensis,
1027 1042 1164 1115 praeter
1177 1024 1254 1089 illos
1274 1049 1355 1113 quos

332 1132 401 1193 iam
436 1153 496 1218 ago
526 1131 675 1218 superius
703 1130 897 1194 memoravi.
931 1128 1117 1217 Quoau'nus
1138 1146 1250 1194 autem
1278 1128 1352 1194 lieie

333 1238 489 1319 ree-item,
511 1259 580 1301 non
599 1252 668 1300 tam
683 1237 828 1323 ipsorum
842 1235 908 1302 levi
919 1240 1030 1325 pretio
1043 1239 1234 1320 deterreor,
1251 1259 1352 1325 quam

331 1344 517 1430 scripturae
542 1343 754 1429 corruptione
778 1364 863 1430 quae
884 1345 1006 1409 sanari
1023 1348 1084 1412 rix
1098 1358 1219 1432 potest.
1235 1341 1353 1431 Neque

333 1467 446 1514 tannen
465 1453 639 1542 quiequam
666 1449 760 1518 Scoti
782 1456 889 1518 nostri
904 1456 1016 1541 perit,
1040 1456 1199 1544 'quoniam
1225 1451 1253 1515 ii
1272 1472 1351 1519 vor·

331 1579 387 1619 sus
401 1554 578 1643 quadratis
594 1555 717 1621 litteris
733 1557 769 1621 in
778 1560 994 1645 praefatione
1006 1557 1057 1623 ad
1064 1555 1244 1648 praedicta
1259 1551 1350 1643 glos·

331 1662 446 1743 suria,
464 1662 567 1726 etiam
581 1684 728 1750 nuperae
742 1662 900 1730 editionis
915 1663 1145 1730 londinensis,
1162 1663 1278 1728 excusi
1287 1683 1348 1727 w

331 1784 416 1833 tant.
433 1768 564 1835 Ibidem
590 1769 745 1835 versiculi
758 1774 877 1860 graeei
888 1788 1024 1838 auctore
1044 1770 1190 1862 quodam
1214 1768 1347 1835 Marti-

331 1896 375 1938 no
389 1874 550 1961 magistro
564 1891 652 1939 sunt.
672 1874 773 1941 Hune
785 1900 847 1965 ego
862 1877 1052 1942 Martinam
1069 1875 1172 1940 latini
1181 1874 1347 1962 epigram·

332 1982 434 2044 matis
447 1996 614 2045 auctorem
632 1998 735 2069 puto,
752 1982 842 2075 quod
857 2008 894 2072 p.
910 1981 985 2068 414.
1007 1980 1111 2047 edidi.
1128 1980 1244 2069 Quare
1258 2000 1348 2043 nune

332 2081 370 2146 id
396 2081 532 2156 mallem
563 2085 652 2150 inter
676 2089 831 2151 cerasina
853 2089 967 2174 patim
989 2084 1119 2153 Karolo
1150 2080 1257 2150 Calvo
1286 2103 1348 2145 eo-

331 2218 414 2259 aera
440 2194 595 2260 scribere.
621 2195 733 2260 Porro
755 2192 805 2258 ad
818 2195 1024 2282 glossarium
1043 2208 1345 2281 san-geramnense

331 2302 420 2390 quod
438 2301 592 2384 adtinet,
618 2326 697 2368 num
715 2306 880 2394 suspicari
896 2302 993 2387 licet,
1014 2325 1096 2392 opus
1124 2299 1218 2367 Seoti
1236 2300 1345 2363 nosui

316 2410 453 2494 fluisse,
482 2407 750 2500 quandoquidem
773 2414 843 2475 eius
863 2434 975 2477 versus
1003 2410 1180 2496 inscriptas
1209 2396 1344 2469 habet?

332 2512 434 2595 Certe
454 2515 484 2580 is
506 2514 549 2580 ob
579 2530 710 2580 tenuem
734 2514 873 2606 linguae
897 2537 1043 2604 graecae
1060 2511 1223 2600 peritiam
1251 2506 1346 2571 lusni-

328 2618 548 2685 bratiuneulis
573 2618 663 2685 liisee
683 2621 812 2711 egebat.
840 2618 971 2709 Quippe
995 2634 1027 2683 et
1047 2615 1156 2681 codex
1174 2610 1345 2677 cantabri·

324 2727 452 2813 giensis
466 2727 558 2815 apud
577 2726 740 2795 llsserium
755 2752 791 2815 p.
813 2724 866 2809 45.
880 2739 1020 2789 testatur
1039 2719 1172 2789 Scotum
1192 2731 1344 2781 nostrum

329 2828 583 2916 deflorationem
601 2856 648 2899 ex
667 2830 754 2897 libro
777 2829 946 2895 Mamobii
971 2826 1015 2891 de
1031 2825 1150 2914 graeei
1177 2819 1343 2909 latinique

329 2936 421 3001 uerbi
443 2940 599 3004 societate
613 2940 760 3026 fecisse,
780 2936 822 3003 ob
847 2934 1022 3001 distendas
1041 2950 1241 3021 graecorum
1264 2948 1344 2993 ver·

328 3040 442 3107 borum
469 3041 613 3129 regulam
