3382 5206
531 584 536 595 ¹
565 594 608 640 D}
634 595 809 644 nvsmrcts
835 596 1014 647 ranimirus,
1203 600 1280 647 1le
1313 661 1315 665 ἲ

288 715 515 817 Hispericum
533 720 705 816 arripere
730 722 831 788 tonui
851 732 1033 819 sceptrum
1047 747 1063 808 ;
1089 718 1136 791 ob
1156 718 1225 794 hoc
1244 747 1322 793 ru·-

282 842 355 914 dem
374 844 519 913 stemico
543 843 674 934 logum..
698 839 807 938 Quod
828 846 861 912 si
885 847 1057 915 aaronica
1080 869 1137 914 me
1161 847 1300 940 alligas-

280 981 330 1041 set
348 981 474 1041 catena
495 1022 510 1049 ,
535 965 868 1067 sonoreusfaminis
888 993 961 1068 per
982 980 1132 1063 grutero
1149 975 1301 1071 populu-

279 1106 333 1166 ret
351 1089 510 1164 honam
529 1086 577 1161 Et
598 1090 727 1163 iterum
752 1094 784 1188 §
810 1117 864 1164 11.
887 1116 958 1163 non
977 1095 1148 1165 amonica
1168 1120 1225 1166 me
1247 1120 1303 1166 su-

278 1217 386 1312 bugat
398 1230 527 1288 euterio
539 1244 554 1301 ‚¹
566 1215 613 1289 ob
635 1214 957 1312 hoc—scottigenam
976 1215 1078 1289 taust
1096 1220 1301 1318 eripituudo

277 1343 464 1435 eulogium.
478 1335 632 1411 Exclusa
653 1340 761 1434 igitur
781 1339 903 1429 Italia,
924 1357 1085 1439 superest
1106 1357 1145 1411 ut
1163 1341 1208 1414 de
1223 1339 1302 1413 His-

276 1466 377 1566 pania
404 1465 600 1563 cogitemus
627 1495 635 1539 :
670 1479 915 1536 verumtamen
944 1462 1166 1537 considerato
1193 1465 1301 1537 totius

277 1568 397 1690 scripti
416 1606 539 1662 tenore
564 1647 573 1677 ‚
601 1589 801 1662 hibernicus
820 1589 937 1687 potius
958 1588 1013 1659 vel
1033 1605 1151 1661 scotus
1171 1605 1300 1660 auctor

274 1741 397 1790 rursus
431 1733 571 1815 apparet
600 1773 610 1802 ,
637 1716 905 1789 artieorhetoras
937 1716 1087 1788 laudans
1116 1771 1125 1802 ,
1153 1714 1298 1786 marinis

279 1835 440 1910 cursibus
460 1895 469 1925 ‚
495 1835 771 1922 venationibus,
799 1853 1039 1908 armentorum
1059 1833 1297 1934 pastionibus,

277 1961 441 2036 conviviis
461 1960 595 2035 carneis
614 1962 899 2060 salsamentisque
920 1960 1062 2035 deditus
1076 2019 1085 2048 ,
1099 1989 1188 2063 quae
1208 1975 1297 2033 scot·

278 2092 391 2182 tigerio
411 2083 485 2155 oleo
506 2082 593 2156 illita
613 2084 720 2178 dicit3
742 2101 781 2157 ut
802 2085 887 2156 mihi
908 2084 994 2158 illud
1016 2085 1250 2182 Hieronymi(
1262 2086 1292 2180 r)

279 2210 313 2283 in
338 2224 492 2283 mentem
516 2209 635 2282 veniat
665 2207 892 2282 Iovinianurn
918 2209 1073 2282 dicentis
1100 2208 1296 2283 Scotorum

274 2330 427 2435 pultibus
450 2346 742 2432 praegravatum.
774 2327 841 2404 Vel
871 2333 990 2429 itaque
1020 2358 1085 2403 vox
1113 2330 1295 2431 hisperica

275 2448 356 2530 valet
384 2455 573 2531 hibernica
596 2487 606 2551 ;
632 2456 686 2529 vel
716 2485 771 2528 res
801 2457 984 2528 hibernica
1018 2457 1152 2529 idcirco
1181 2456 1294 2554 hispe-

277 2578 339 2655 rica
365 2581 531 2669 dicitur,
558 2580 641 2680 quia
669 2578 841 2652 Hibernia
871 2579 1100 2652 occidentalis
1127 2579 1206 2649 orbi
1236 2604 1294 2649 eu-

275 2732 394 2805 ropaeo
416 2721 467 2776 est
489 2734 498 2777 :
523 2705 748 2802 quamobrem
769 2701 910 2774 ltaliam
930 2701 1121 2801 Hesperiae
1148 2701 1292 2775 nomine

274 2829 487 2930 appeHarunt
518 2827 646 2901 Graeci
680 2860 688 2922 3
721 2827 944 2925 vicissimque
975 2825 1055 2898 ltali
1085 2825 1291 2925 Hispaniam

275 2949 457 3054 Hesperiae
478 2953 644 3027 vocabulo
659 2954 881 3025 denotarunt.
896 2948 969 3024 Sed
985 2950 1213 3025 eruditorum
1225 2952 1289 3024 hac

278 3105 372 3177 super
393 3108 431 3151 re
454 3096 602 3181 expecto
625 3078 766 3151 iudicia.

341 3226 373 3274 2.
392 3200 594 3275 Duodecim
611 3202 792 3274 latinitatis
811 3229 940 3298 genera
954 3201 1029 3301 ipse
1046 3220 1213 3275 memorat
1231 3232 1291 3275 au·
1316 3203 1438 3246 mmm

277 3339 347 3394 ctor
377 3350 410 3422 p.
433 3323 530 3417 483,
562 3325 654 3395 inter
681 3352 768 3424 quac
802 3322 874 3395 duo
906 3323 1126 3397 vitiosissima
1152 3327 1290 3399 videtur

272 3446 383 3520 dicere
408 3505 419 3535 ‚
446 3448 670 3521 barbaricum
695 3447 834 3521 scilieet
858 3503 866 3533 ‚
889 3476 960 3546 quo
989 3449 1132 3519 nornine
1161 3449 1289 3522 invelli-

271 3599 307 3666 go
334 3570 459 3644 celtica
481 3627 490 3657 ,
511 3571 691 3662 francica,
713 3588 748 3643 et
767 3570 922 3642 borealia
941 3571 1084 3669 quaevis
1102 3573 1289 3646 voeabula:

268 3696 414 3770 alterurn
432 3695 647 3795 hispericum
665 3752 674 3783 ‚
694 3723 766 3796 quo
790 3695 866 3793 ipse
886 3696 1025 3787 utitur3
1047 3694 1154 3795 idque
1177 3711 1289 3793 genus

269 3821 437 3923 clarffero
449 3835 568 3894 ortum
585 3818 656 3890 solo
667 3817 755 3891 dicit
770 3850 779 3913 3
792 3848 859 3919 qua
872 3819 1045 3894 laudativa
1058 3821 1287 3920 appellatione

266 3970 367 4044 quam
386 3946 571 4043 regionem
591 3943 772 4040 designet,
793 3962 913 4014 utrum
936 3971 1060 4042 nempe
1080 3943 1286 4041 Hispaniam

342 4097 385 4171 (v)
404 4097 510 4166 Prolog.
531 4108 669 4152 comment.
690 4097 715 4149 in
736 4097 849 4148 ilicum·

932 4186 1005 4226 W
