3382 5206
592 707 819 761 onanntrtct
843 709 888 758 rr
912 710 1076 757 nrrntct.
1268 695 1331 783 597

332 840 406 882 rtun
426 811 555 896 iacula,
574 834 659 902 quae
680 809 720 877 de
739 808 896 898 pharetra
920 806 1047 899 obliqui
1068 809 1180 880 livoris
1205 810 1352 901 plerum·

325 946 395 1017 que
408 927 598 1011 intorquere
611 921 782 998 nituntur,
800 914 1064 1006 inexpugnabilis
1083 937 1263 986 metrorum
1285 919 1358 1008 pel-

331 1048 364 1096 ta
387 1047 420 1096 et
445 1026 736 1121 grammaticorum
754 1045 868 1113 parma
892 1042 1065 1113 protegere
1083 1025 1252 1116 digneris,
1275 1028 1360 1091 mci·

333 1160 398 1228 que
420 1133 542 1201 laboris
564 1130 786 1214 iudustriam,
808 1131 834 1195 si
857 1131 924 1195 voti
951 1138 1136 1220 compotem
1161 1155 1305 1197 summus
1323 1155 1360 1196 o·

330 1240 434 1334 lympi
458 1256 610 1330 regnator
627 1237 791 1303 effecerit,
809 1253 900 1302 tanto
917 1236 1014 1303 velim
1031 1237 1165 1305 devotae
1184 1238 1299 1302 mentis
1318 1235 1362 1300 as·

334 1344 458 1415 sectum
485 1341 976 1433 ostendens,'enixius1mire1is
1003 1358 1034 1407 et
1062 1342 1198 1409 uberius
1223 1364 1361 1408 venere-

331 1452 403 1536 ris,
428 1447 555 1516 ut'hoc
576 1448 617 1514 sit
645 1444 809 1537 quaedam
831 1443 930 1512 fessae
957 1448 1059 1513 menti
1084 1446 1161 1531 rata,
1179 1470 1363 1535 reconpen-

329 1555 461 1624 setionis
481 1554 607 1645 portio,
631 1577 670 1619 ac
695 1552 805 1619 oblata
841 1555 1114 1621 remunerationis
1148 1551 1363 1637 vicissitudo,

253 1660 260 1673 ’
333 1680 455 1754 quanto
484 1675 609 1728 constat
634 1659 800 1725 neminem
823 1676 951 1725 nostrae
972 1659 1080 1748 stirpis
1100 1643 1251 1747 prosapia
1271 1661 1364 1750 geni·

333 1784 423 1852 tum,
447 1784 480 1834 et
498 1768 704 1856 germanicae
725 1766 831 1857 gentis
854 1762 1026 1831 cunabulis
1040 1762 1208 1831 confotum
1222 1814 1232 1847 ‚
1248 1767 1283 1829 iu
1304 1763 1365 1829 hu·

329 1873 509 1941 iuscemodi
524 1873 654 1962 negotio
674 1887 748 1936 ante
765 1887 910 1936 nostram
926 1869 1188 1937 mediocritatem
1204 1888 1358 1959 tantope-

339 2004 376 2048 re
391 1979 561 2048 desudasse
577 1978 647 2066 (t),
664 1979 940 2067 propriorumque
952 1994 1143 2067 argumenta
1158 1977 1366 2068 ingeniorum

331 2089 423 2153 iuxta
437 2087 592 2153 metricae
607 2085 684 2148 artis
703 2082 911 2171 disciplinam
924 2132 934 2165 ,
952 2081 1138 2149 litterarum
1159 2100 1280 2147 testum
1295 2100 1361 2147 tra·

334 2188 477 2256 didisse:
501 2190 696 2278 praesertim
711 2188 797 2253 inter
812 2205 860 2252 tot
881 2203 1055 2278 tantosque
1074 2186 1290 2255 saecularium
1309 2213 1364 2254 re-

331 2319 408 2361 rum
427 2294 662 2363 tumultuantes
675 2296 826 2382 strepitus
851 2295 1083 2360 constitutum,
1109 2309 1141 2358 et
1165 2294 1363 2361 ecclesiasti-

332 2422 370 2463 ca
395 2396 566 2489 pastoralis
601 2422 698 2463 curae
729 2396 950 2464 sollicitudine
981 2395 1169 2485 depressum
1197 2447 1206 2480 ‚
1238 2399 1360 2488 quibus

330 2524 423 2569 meus
444 2501 634 2570 meticulosa
655 2526 691 2567 ae
705 2501 894 2590 scrupulosa
917 2502 1008 2592 quasi
1033 2501 1177 2592 quodam
1201 2503 1363 2570 artissimo

335 2625 523 2676 catenarum
548 2607 701 2699 repagulo
726 2608 965 2695 constringitur.
988 2608 1065 2674 Non
1090 2609 1179 2673 enim
1201 2608 1264 2674 hoc
1286 2632 1365 2696 pro-

332 2716 467 2815 serqttdo
485 2715 660 2781 horrendis
686 2713 938 2803 superciliorum
962 2714 1080 2782 iaculis
1103 2740 1157 2781 me
1184 2715 1361 2782 vulneran-

335 2822 413 2888 dum
433 2821 595 2903 arbitror,
614 2845 722 2911 neque
743 2818 924 2886 dirissimae
943 2819 1093 2888 elationis
1116 2820 1264 2911 turgidae
1278 2822 1362 2910 pba-

331 2927 433 2994 larica
463 2926 625 2995 conlisum
651 2927 891 3014 perhorresco,
913 2927 939 2992 si
958 2924 1124 3014 paulisper
1154 2925 1194 2991 dc
1220 2929 1363 3018 gratuite

333 3034 434 3101 divini
450 3035 594 3100 muneris
609 3037 736 3125 gratia,
755 3057 840 3126 quae
854 3031 986 3124 siugulis
1002 3033 1193 3123 quibusque
1212 3058 1279 3098 non
1294 3056 1362 3098 me·

332 3143 473 3208 ritorum
493 3143 778 3229 praecurrentium
800 3140 1047 3229 praerogativas
1063 3137 1122 3204 scd
1138 3139 1284 3205 caelestis
1302 3139 1364 3206 be-

332 3246 439 3314 neftcii
454 3245 677 3314 munificentia
695 3241 863 3312 confertur
884 3242 985 3312 fretus
1007 3246 1146 3311 Domino
1165 3243 1298 3336 glorier.
1314 3244 1364 3313 Si·

334 3349 468 3440 quidem
491 3347 636 3416 inlustris
656 3348 712 3415 ille
730 3351 787 3441 qui
818 3348 948 3416 dicebat
960 3351 1144 3438 -primus
1163 3373 1221 3439 ego
1246 3352 1281 3415 in
1303 3373 1364 3438 pa-

333 3459 429 3522 triam
447 3492 455 3524 t
475 3480 605 3523 mecum
628 3453 726 3523 modo
751 3460 815 3522 vita
839 3458 1001 3546 supersit,
1023 3458 1119 3523 aonio
1143 3455 1273 3524 rediens
1298 3458 1362 3523 de-

333 3558 451 3626 ducam
476 3561 598 3628 vertice
621 3582 752 3638 musas3
785 3563 909 3649 primus
932 3559 1099 3626 idumaeas
1131 3557 1271 3625 referam
1299 3560 1362 3627 tibi

332 3665 468 3731 Mantua
481 3663 606 3754 palmas
618 3687 684 3740 -3
709 3681 741 3729 et
755 3662 958 3753 longiuscule
972 3664 1061 3729 idem
1078 3674 1174 3754 poeta
1189 3662 1274 3728 insra
1289 3686 1363 3751 pro-

332 3769 659 3860 sequitur-iuvat,
681 3771 810 3860 inquit,
837 3773 886 3836 ire
904 3772 984 3860 iugis
1009 3795 1074 3861 qua
1098 3768 1189 3835 nulla
1212 3769 1362 3858 priorum

330 3872 500 3940 castalium
523 3891 560 3940 ut
581 3874 673 3942 molli
689 3874 871 3943 devertitur
889 3876 999 3943 orbita
1019 3875 1178 3954 clivo—3
1199 3876 1283 3959 hoe,
1307 3876 1362 3941 in-

331 4003 456 4070 quam,
478 3979 537 4047 ille
560 3981 746 4070 versificans
770 3981 949 4073 significari
981 3982 1112 4066 voluit,
1137 3980 1264 4048 nullutn
1288 3998 1364 4048 ante

379 4131 423 4202 (ι)
443 4130 542 4186 Merito
562 4130 644 4200 igitur
667 4130 757 4207 tiebat
782 4132 932 4188 Ctmdenos
952 4135 1064 4206 primum
1092 4134 1258 4188 Aldhelruum
1280 4150 1348 4202 qen·

346 4215 407 4270 tiles
432 4234 493 4271 raas
511 4218 647 4272 metricam
667 4227 749 4272 arten
766 4216 898 4274 docuisse.
