3382 5206
593 593 823 649 onanuarrcs
846 601 892 649 ur
915 598 1079 648 narraret.
1265 581 1329 670 ⁵73

326 730 390 787 re,
419 699 623 784 detrudere,
645 698 851 769 conradere,
877 689 1084 786 corrodere,
1106 702 1272 791 inlidere,
1296 702 1358 773 de-

326 833 506 900 promeres
531 804 733 889 conludere,
758 830 954 898 emergere,
976 806 1181 878 lentescere,
1210 834 1359 879 canesce-

328 941 389 999 re,
410 916 625 995 haerescere,
648 931 683 977 ut
705 914 741 977 in
767 910 978 1001 epithalamio
992 912 1168 982 -mellea
1194 932 1273 983 tunc
1300 941 1357 985 ro-

328 1023 388 1090 seis
408 1021 601 1089 haerescunt
620 1016 707 1083 labia
728 1016 840 1084 labris.
854 1056 900 1071 -
913 1032 948 1085 Δ.
976 1017 1068 1088 Arsia
1095 1038 1126 1088 et
1149 1019 1246 1088 thesis
1270 1046 1356 1113 qoo-

328 1129 425 1196 modo
453 1127 506 1195 vel
524 1125 666 1218 qualiter
679 1123 881 1216 syllabarum
904 1144 1050 1216 tempora
1070 1129 1105 1193 in
1125 1127 1235 1195 ionico
1252 1131 1357 1197 maio·

327 1261 362 1300 rc
382 1227 595 1323 partiuntur?
614 1231 661 1296 M.
684 1227 774 1298 Arsis
795 1232 895 1298 octies
914 1232 1009 1298 semis
1032 1234 1201 1315 eontinet,
1223 1248 1255 1298 et
1281 1231 1360 1299 the-

330 1341 373 1404 sis
399 1355 516 1430 quater
542 1337 664 1417 semis,
686 1334 720 1399 id
742 1351 789 1400 est
813 1332 949 1424 duplum
972 1338 1126 1425 temporis
1148 1351 1360 1427 augmentum

331 1445 409 1509 arsis
437 1457 592 1529 usurpat,
620 1457 652 1505 ct
675 1437 828 1527 simplum
852 1439 954 1506 thesis
973 1440 1159 1529 gubernat,
1184 1442 1261 1532 quia
1284 1459 1360 1508 sunt

330 1549 418 1612 ·llll·
442 1563 555 1612 contra
579 1546 633 1610 ·ll·
659 1556 693 1610 Δ.
717 1546 765 1610 Da
791 1542 937 1634 regulam
965 1560 1170 1613 accentuum.
1197 1547 1245 1612 M.
1269 1547 1362 1613 loni·

332 1678 390 1717 cus
413 1653 516 1717 maior
545 1651 580 1714 in
604 1650 757 1716 omnibus
773 1650 955 1716 orationum
970 1652 1119 1740 partibus
1133 1669 1228 1721 acuto
1244 1675 1362 1720 accen·

330 1777 364 1822 tu
383 1759 416 1823 in
443 1755 700 1844 antepenultima
726 1755 936 1821 titulabiturs
965 1754 1091 1824 idcireo
1112 1759 1218 1841 arsis,
1243 1773 1278 1823 ut
1309 1755 1362 1825 di·

334 1863 463 1946 ximus,
486 1861 647 1953 geminato
666 1862 909 1952 triumphorum
937 1879 1069 1952 tropaeo
1097 1864 1320 1932 coronabitur.

686 2076 736 2140 De
752 2097 877 2162 paeone
899 2075 1015 2163 primo.

384 2295 418 2345 A·
435 2287 570 2351 liestant
583 2285 708 2373 epitriti
722 2300 755 2350 ct
769 2307 932 2373 paeones,
949 2306 1091 2375 quorum
1107 2282 1275 2373 exemplar
1288 2307 1368 2352 non-

336 2387 419 2453 dum
436 2389 688 2457 commentando
705 2388 948 2478 propalaveras.
972 2391 1019 2456 M.
1034 2393 1062 2457 F
1065 2389 1207 2456 ermolas
1232 2392 1365 2480 paeonis

338 2495 437 2584 primi
462 2493 674 2583 pedetemtim
699 2495 872 2585 expediens
895 2492 1082 2562 nullatenus
1109 2495 1367 2586 conperendina-

339 2601 412 2684 bo,
436 2601 526 2666 coins
554 2598 699 2690 exempla
722 2601 910 2669 summatim
930 2623 1106 2692 congerere
1120 2604 1230 2686 nitar,
1256 2619 1293 2668 nt
1313 2627 1369 2670 ec·

341 2707 465 2791 clesia,
490 2707 611 2774 iustitia
628 2756 639 2790 ,
663 2706 781 2775 laetitia
796 2746 807 2776 s
832 2707 978 2792 duritia,
1008 2705 1160 2776 luxurie,
1187 2709 1370 2798 spurcitia,

299 2802 305 2813 ’
339 2810 517 2895 navicula,
544 2811 725 2896 clavicula,
755 2810 936 2895 lenticula,
963 2812 1151 2903 particula,
1178 2811 1369 2904 dulcicula,

339 2915 514 3000 adsecula,
539 2915 703 3001 coticula,
725 2917 905 3008 graticula,
924 2917 1089 2987 Ausonia,
1111 2918 1370 3003 Arcadia,bar-

343 3023 481 3104 monia,
508 3021 680 3088 ambrosia.
708 3021 894 3089 Fidiculam
924 3049 1001 3091 vero
1027 3048 1103 3091 reor
1130 3023 1172 3088 ad
1199 3021 1374 3113 proceleu-

342 3129 499 3194 maticum
527 3131 715 3216 pertinere,
742 3131 832 3196 cuius
855 3131 1058 3219 primitivum
1084 3149 1131 3198 est
1149 3130 1250 3213 fidis,
1277 3147 1372 3197 ut-

345 3231 446 3299 lretus
463 3233 590 3300 cithara
609 3232 800 3326 fidibusque
816 3237 1075 3314 canorist-sic
1089 3235 1275 3303 cuticulam.
1295 3236 1375 3304 Om-

344 3342 399 3405 nia
420 3341 479 3408 ista
505 3339 699 3408 diminutiva
725 3361 792 3408 tam
819 3343 1032 3432 penultimam
1055 3368 1154 3434 qnam
1176 3342 1372 3433 antepenul-

344 3450 455 3512 timam
487 3448 700 3536 corripiunt,
737 3451 885 3540 quamvis
907 3447 1049 3515 cuticula
1084 3449 1373 3540 antepenultimam

343 3550 504 3642 producat
542 3550 704 3619 luvenalis
740 3554 774 3618 iu
804 3554 921 3643 satyris
955 3552 1067 3621 dicens
1096 3589 1143 3604 -
1174 3577 1250 3621 curn
1280 3554 1375 3623 bibet

346 3657 505 3723 aestiuum
527 3673 696 3723 contracta
726 3654 865 3723 cuticula
893 3656 1080 3736 solem—3
1106 3656 1195 3749 quod
1221 3680 1298 3724 eum
1324 3655 1375 3724 fa-

345 3784 419 3827 cere
448 3760 550 3826 metri
575 3763 748 3829 necessitas
770 3760 943 3849 conpulit3
967 3762 1053 3827 ·1111·
1068 3764 1155 3829 enim
1170 3760 1296 3830 babens
1323 3762 1376 3828 di·

347 3866 412 3931 ctio
435 3865 553 3932 breves
582 3865 617 3931 in
648 3865 782 3932 heroico
806 3867 883 3954 poni
906 3889 973 3950 non
999 3864 1094 3932 aliter
1115 3882 1266 3957 poteratt
1296 3864 1375 3933 licet

342 3969 510 4064 Vergilius
539 3973 574 4037 in
595 3971 821 4041 huiuscemodi
848 3974 1060 4057 nominibus,
1080 3974 1197 4058 idest,
1219 3991 1375 4067 quattuor

348 4077 469 4148 breves
503 4076 737 4165 habentibus,
774 4078 876 4149 soleat
911 4080 1204 4170 proceleumaticos
1233 4103 1379 4172 ponere,
