3382 5206
598 446 828 542 cnamtrrc't
851 486 899 538 rr
921 485 1087 538 nrrmca.
1273 460 1343 557 ἄψ

228 623 231 628 ·
329 608 489 688 paverunt
511 588 600 659 oculi
623 591 688 663 mei
722 563 848 678 vigillas
861 625 925 654 -.
950 588 1009 654 Dis
1034 587 1227 677 praepositio
1249 587 1383 679 inter-M

330 701 410 768 dum
433 724 469 765 οι·
492 695 637 764 litteram
659 697 693 760 in
718 695 938 783 conpositione
960 692 1092 784 perdit,
1116 711 1151 759 ut
1176 692 1280 760 diluto
1305 693 1359 759 di-

329 806 438 890 lusus,
462 803 605 885 dilanio,
630 798 747 885 diluo,
771 799 903 867 dilabor
927 798 1093 889 dilapsus;
1119 815 1154 864 ut
1170 798 1359 864 -foveam

331 913 476 1002 dilapsus
498 913 533 977 in
558 927 663 975 atram
678 947 743 993 -,
759 908 925 978 dilancino
943 907 1167 975 dilancinatus.
1188 906 1282 974 ldem
1296 905 1359 975 So·

328 1016 417 1085 linus
444 1015 485 1086 de
508 1013 728 1102 leontophono
752 1014 855 1080 hestia
879 1017 982 1080 sit-
1000 1036 1109 1080 morsu
1131 1010 1268 1103 quidem
1291 1010 1357 1076 ah-

328 1125 449 1190 stinent
471 1119 528 1189 sed
553 1117 767 1186 dilancinatas
792 1121 976 1186 exanimant
1006 1119 1131 1210 pedum
1152 1117 1287 1185 nisibus.
1309 1153 1356 1171 -··

329 1226 425 1314 Quod
447 1227 474 1294 si
497 1252 532 1293 ·s·
554 1224 665 1292 littera
689 1227 726 1292 in
747 1227 909 1315 principio
933 1226 1026 1294 verbi
1050 1240 1218 1316 ponatur,
1240 1221 1357 1291 eadem

330 1336 528 1424 praepositio
551 1356 617 1398 non
639 1330 748 1420 perdit
771 1357 824 1415 ·s·,
849 1350 884 1397 ut
908 1330 1080 1422 disspolio,
1104 1330 1271 1414 dissolvo,
1295 1326 1362 1395 dis·⁸

329 1461 412 1506 tero.
436 1435 610 1503 Interdum
634 1463 667 1504 ·s·
692 1437 725 1501 in
751 1437 781 1501 ·s·
805 1453 967 1520 mutatur,
989 1452 1026 1502 ut
1055 1435 1121 1504 lida
1153 1434 1265 1503 dillido
1289 1433 1358 1500 dif-

328 1543 494 1627 fideutia,
528 1542 599 1609 sero
630 1541 772 1626 differo,
802 1541 983 1609 differentia
1009 1593 1018 1625 ,
1050 1540 1151 1611 fundo
1190 1539 1352 1608 diffundo.

330 1650 496 1741 Vergilius
527 1652 561 1715 in
594 1650 646 1717 ·X·
669 1686 714 1702 ·—
738 1648 942 1740 undantique
971 1654 1115 1716 animam
1143 1648 1299 1721 diffundit
1322 1651 1357 1716 in

331 1778 422 1822 arma
442 1779 559 1824 cruore
572 1792 626 1823 -.
639 1754 739 1822 Unde
760 1753 863 1823 lulius
879 1754 1009 1823 Solinus
1028 1758 1063 1821 in
1078 1754 1278 1823 collectanea
1299 1779 1356 1822 re·

331 1882 407 1925 rum
429 1859 692 1927 memorabilium
717 1860 820 1924 ait-
834 1859 936 1949 idque
959 1861 1141 1927 incentum
1160 1860 1274 1949 viginti
1290 1862 1353 1924 mi-

330 1967 375 2036 lia
393 1992 544 2059 passuum
569 1968 728 2037 diffundis
743 1971 799 2060 qui
822 1968 922 2037 fidem
946 1969 1147 2037 advenarum
1170 1968 1356 2036 ratiocinati

330 2090 416 2158 sunt,
432 2075 687 2141 aestimaverunt
698 2109 753 2138 -.
772 2076 800 2141 F
802 2073 926 2139 acultas
942 2073 1127 2158 difficultas,
1142 2089 1178 2140 ut
1191 2072 1280 2140 idem
1292 2073 1354 2142 So·

331 2176 418 2245 linus
440 2217 487 2235 -··
514 2179 695 2269 multisque
729 2176 972 2245 difficultatibus
1004 2176 1154 2270 fatigatus
1188 2177 1354 2267 rhiphaeis

331 2308 367 2351 se
390 2286 472 2376 iugis
497 2285 642 2353 adnectit
660 2321 726 2350 -.
744 2281 863 2352 Facilis
889 2282 1033 2350 difficilis
1053 2301 1119 2351 tam
1140 2285 1352 2375 praepositio-

333 2411 375 2455 ne
399 2408 552 2480 corrupta
577 2413 676 2480 quam
699 2391 856 2481 nomine:
886 2392 1096 2479 sequentihus
1125 2407 1233 2457 atatem
1257 2413 1297 2454 ·c·
1320 2413 1353 2478 p·

333 2511 356 2563 t.
383 2492 432 2560 dis
465 2495 661 2586 praepositio
690 2497 819 2586 integra
849 2515 985 2580 manet,
1016 2513 1051 2561 ut
1075 2520 1172 2565 cerno
1203 2495 1352 2564 discerno

332 2595 615 2681 discerniculum,
640 2623 736 2687 crepo
761 2598 941 2688 discrepo,
965 2623 1062 2666 curro
1089 2600 1256 2668 discurro,
1281 2599 1349 2666 cal-

331 2706 380 2770 cio
405 2703 582 2787 discalcio,
609 2703 708 2772 credo
733 2704 907 2789 discredo,
931 2707 1025 2796 cingo
1054 2702 1199 2797 discingo
1215 2735 1223 2770 ι
1239 2706 1353 2796 placeo

331 2807 485 2899 displiceo
510 2810 634 2900 placuit
658 2810 843 2901 displicuit,
866 2837 905 2874 a·
929 2829 1082 2901 corrupta
1105 2815 1141 2878 in
1155 2814 1187 2878 ·i·
1201 2830 1351 2880 mutatas

333 2930 410 3001 puto
435 2914 586 3005 disputo,
613 2913 716 3005 perdo
746 2916 923 3004 disperdo,
953 2939 1050 3004 pono,
1070 2915 1228 3007 dispono,
1251 2916 1352 2991 tendo

332 3014 507 3103 distendo,
531 3019 641 3086 tribuo
666 3018 855 3101 distribuo,
878 3020 973 3087 traho
994 3020 1165 3104 distraho,
1188 3021 1277 3111 tingo
1299 3020 1354 3087 di·

310 3118 456 3208 ‚stingos
481 3137 577 3209 pecto
595 3121 741 3210 dispecto
757 3121 791 3185 id
805 3141 852 3187 est
875 3125 1004 3210 pectino
1018 3160 1029 3189 ι
1044 3122 1153 3212 pendo
1178 3122 1346 3212 dispendo.

394 3222 478 3291 Sunt
502 3225 583 3292 aliae
603 3227 858 3316 praepositiones
883 3252 966 3317 quae
988 3227 1139 3296 similiter
1159 3229 1194 3292 in
1223 3251 1345 3319 conpo-

329 3326 444 3395 sitione
468 3328 648 3421 figurarum
670 3350 890 3421 corrumpunt
907 3334 1048 3400 adnexas
1065 3338 1251 3402 orationum
1272 3359 1351 3424 par·

328 3447 400 3517 tes,
426 3451 459 3500 ut
484 3461 563 3525 per·
587 3462 677 3526 prae·
701 3463 771 3527 pro·
796 3439 845 3505 de·
870 3465 942 3524 ro,
972 3461 1006 3506 ut
1036 3442 1191 3530 perficio,
1218 3446 1346 3532 praeci·

329 3537 404 3625 pio,
428 3541 579 3638 proficio,
605 3543 751 3632 decipio,
776 3546 867 3632 rapio
892 3545 1027 3634 deripio.
1047 3547 1209 3637 Vergilius
1224 3565 1345 3615 -ter-

328 3664 405 3730 gara
430 3645 598 3738 deripiunt
622 3653 716 3714 costis
731 3638 784 3715 '-,
800 3652 884 3715 Pero
909 3675 1042 3741 separo,
1067 3677 1167 3722 cerno
1189 3679 1347 3738 secerno,

325 3771 408 3836 pono
427 3777 567 3841 repono,
595 3755 673 3821 (redo
692 3757 808 3822 secedo
821 3806 831 3839 ,
844 3759 928 3822 coho
941 3760 1082 3826 secubo,
1100 3760 1185 3829 duco
1203 3761 1350 3847 reduco,

328 3851 409 3919 cado
434 3854 571 3922 decido,
590 3877 622 3923 ttt
640 3858 752 3926 folium
771 3863 839 3924 cius
867 3888 929 3928 ιιιιιι
948 3863 1070 3930 decidit
1150 3867 1190 3932 Et
1205 3866 1285 3933 alibi
1300 3905 1348 3920 -

326 3959 410 4023 aruit
435 3958 564 4026 foenum
592 3964 696 4031 stilos
714 3963 913 4032 dccidit-.
931 3968 1042 4034 Patior
1058 3972 1249 4061 perpetior,
1273 3997 1348 4062 pat-

985 4091 1027 4158 38
