3382 5206
598 639 824 696 oaanuarrcs
850 643 895 688 ar
920 644 1083 692 narrares.
1273 627 1339 714 579

335 768 435 834 parer
457 761 585 835 tempus
607 745 707 812 burno
731 763 839 833 tegere
853 765 923 818 -3
948 767 1126 832 operosus,
1151 743 1360 827 maculosus,

335 875 550 934 numerosus,
572 851 777 931 honorosus,
803 851 988 916 animosus,
1015 848 1207 939 populosus,
1232 853 1359 940 spatio·

331 980 405 1021 sus>
430 955 578 1022 oculosus
604 974 636 1020 et
660 953 817 1019 (trislatus.
846 956 886 1020 lit
916 953 1120 1046 aporalpseos
1138 993 1184 1005 -
1205 954 1357 1020 animalia

333 1062 536 1127 sutrinsecus
560 1060 697 1127 oculata·
720 1097 766 1110 -
789 1074 821 1120 A·
847 1061 1109 1148 Praepositorum
1136 1060 1175 1125 da
1201 1062 1379 1130 differem·

333 1167 410 1231 tiam
434 1170 613 1235 nominum·
638 1168 683 1231 M·
706 1166 800 1250 erod
825 1169 932 1230 «arania
959 1166 1090 1231 mobilia
1115 1186 1189 1232 sum
1215 1187 1245 1234 et
1280 1171 1351 1257 epi-

336 1269 424 1337 theta
451 1271 624 1354 dicuntur,
648 1272 785 1359 exceptis
818 1270 943 1358 paliuro
972 1289 1004 1336 ct
1029 1270 1212 1355 Palinuro,
1237 1292 1266 1338 et
1290 1272 1354 1341 illis

335 1400 419 1466 (lirae
443 1376 485 1441 ab
509 1379 616 1467 equite
641 1393 671 1441 et
695 1376 803 1465 pedite
828 1401 865 1440 ac
888 1379 1007 1441 comite
1039 1376 1184 1442 derivata
1218 1379 1357 1466 protuli·

188 1468 192 1475 ¹
272 1564 274 1569 Ι
336 1504 432 1564 rrius,
456 1481 530 1571 quia
555 1506 654 1571 eques
678 1499 709 1547 et
740 1497 873 1569 equetus
907 1505 1004 1546 unum
1037 1481 1189 1572 idemque
1220 1502 1277 1549 cst.
1303 1485 1358 1552 Sic

334 1583 433 1671 pedes
456 1603 485 1650 et
509 1585 680 1673 pedester:
706 1587 868 1674 equitatus
893 1611 967 1650 veru
992 1602 1023 1651 ct
1049 1586 1213 1674 peditatus
1231 1585 1273 1650 ad
1296 1610 1358 1650 uu·

335 1714 459 1755 merum
483 1691 630 1780 equitum
653 1708 683 1758 ct
709 1692 852 1780 pedtum
878 1693 1105 1779 pertinebunt·
1129 1706 1161 1754 Δ·
1195 1694 1258 1760 Cui
1291 1691 1358 1759 sor-

226 1828 229 1837 ·
333 1818 404 1863 mae
428 1795 544 1861 casuali
571 1797 714 1886 praelata
741 1800 908 1862 nominum
934 1797 1078 1886 exempla
1104 1796 1357 1887 mancipantur?

333 1904 377 1967 M·
406 1901 525 1968 Omnia
540 1902 700 1969 secrurdae
715 1903 938 1983 declinationis
955 1905 987 1968 in
1012 1929 1070 1967 ua·
1086 1907 1259 1969 terminata
1279 1930 1358 1993 pen·

332 2025 453 2097 taptota
477 2025 551 2074 sunt
576 2011 609 2073 in
632 2008 786 2098 singulari
813 2034 947 2076 nuntero
962 2060 971 2091 ‚
989 2027 1160 2100 tetraptota
1186 2012 1218 2077 in
1243 2009 1358 2100 plura-

332 2114 365 2178 li·
391 2126 424 2179 Δ.
451 2116 539 2199 Quae
561 2132 635 2180 snm
660 2119 834 2181 verborum
859 2115 1003 2204 exempla
1028 2118 1142 2204 paermi
1161 2120 1258 2184 tertio
1281 2142 1357 2182 con·

330 2213 510 2307 gruentia?
531 2219 577 2282 M·
605 2219 786 2287 Sumuntur
803 2220 939 2311 quidem
954 2245 970 2283 a
992 2223 1098 2308 prima
1116 2240 1146 2288 et
1166 2225 1261 2288 tertia
1278 2247 1359 2289 con-

333 2323 494 2414 iugatione
517 2342 663 2413 tempore
686 2327 846 2414 praesenti
873 2343 904 2390 et
930 2342 1036 2391 tuturo
1056 2325 1226 2392 indicativi
1242 2329 1353 2410 modi,

333 2429 521 2515 praesertim
545 2453 562 2491 a
590 2429 698 2494 verbis·
723 2456 806 2519 quae
834 2431 981 2517 superius
1012 2432 1258 2519 coaptavimus,
1281 2457 1357 2499 cum

331 2531 371 2597 de
395 2533 563 2599 tribracho
583 2551 897 2600 commentaremur:
915 2534 1129 2623 glomeramus
1144 2535 1355 2628 glomeratis,

332 2636 522 2726 glomerabo
546 2636 742 2727 glomerabis
765 2639 979 2728 glomerabit,
1002 2664 1212 2729 properamus
1241 2663 1358 2729 prope·

333 2744 427 2828 ratis,
445 2745 627 2834 properabo
646 2744 837 2835 properabis
853 2745 1061 2833 properabit,
1077 2747 1278 2834 geminamus
1293 2769 1354 2837 ge·
1434 2780 1443 2797 ·

331 2849 483 2931 minatis,
505 2848 548 2914 bo
573 2848 623 2915 bis
646 2849 721 2931 bit,
744 2850 920 2938 rogitamus
945 2849 984 2915 tis
1008 2850 1051 2914 bo
1075 2849 1123 2913 bis
1146 2849 1216 2930 bit,
1246 2852 1355 2937 rapie-

268 3040 271 3045 '
329 2979 401 3019 mus
433 2956 499 3036 tis,
527 2955 690 3042 capiemus
720 2954 785 3036 tis,
813 2953 972 3042 poliemus
1008 2957 1074 3039 tis,
1103 2956 1269 3022 veniemus
1306 2957 1355 3022 tis.

331 3058 496 3151 Vergilius
512 3062 546 3125 iu
562 3058 938 3148 bucolicis-rapidum
962 3059 1081 3129 Cretae
1101 3060 1265 3127 veniemus
1288 3060 1351 3126 Oa-

332 3166 590 3233 reu—Passim
614 3190 692 3232 vero
716 3167 900 3233 communia
924 3184 956 3233 et
980 3165 1173 3255 deponentia
1198 3191 1257 3255 per
1280 3190 1357 3232 eas-¹

332 3272 406 3338 dem
430 3295 582 3362 personas
598 3271 718 3361 passim
741 3295 808 3338 non
824 3273 1057 3361 congruentia,
1077 3271 1131 3337 sed
1147 3272 1210 3338 boc
1233 3271 1351 3351 modo,

329 3377 514 3466 iugulamur
528 3377 718 3468 iugrdentur
731 3378 923 3469 iugulab0r›
938 3403 1135 3446 veneramur
1149 3395 1349 3445 venerantur

330 3484 526 3552 venerabor,
540 3484 735 3575 stipulamur
746 3483 943 3574 stipulantur
956 3485 1157 3574 stipulabor,
1173 3483 1356 3553 stomacha-

331 3613 404 3654 mur
417 3587 663 3654 stomacbantur
679 3589 916 3655 stomachabor.
936 3589 1116 3656 infinitivus
1135 3612 1265 3678 quoque
1282 3612 1355 3654 mo·

332 3693 390 3759 dus
416 3695 448 3759 iu
473 3694 586 3759 activis
611 3711 643 3760 et
665 3692 867 3760 neutralibus
890 3697 1004 3783 paeoni
1031 3694 1125 3759 tertio
1150 3694 1356 3782 mancipatur

329 3814 476 3888 tempore
490 3800 650 3888 praesenti
666 3817 698 3865 ct
716 3800 911 3887 praeterito,
932 3816 966 3863 ut
988 3798 1144 3887 stipulare
1164 3797 1358 3886 stipulasse,

325 3904 458 3971 titulare
482 3901 647 3987 titulasse,
673 3902 799 3970 ululare
824 3902 982 3973 ululasse,
1013 3902 1152 3992 spoliare
1176 3901 1354 3991 spoliasse,

332 4029 491 4077 temerare
515 4028 696 4078 temerasse.
722 4010 820 4078 Unde
844 4011 951 4076 Proba
979 4012 1064 4076 inter
1080 4020 1189 4098 poetas
1214 4008 1358 4077 clarissi-

329 4142 381 4185 ma
405 4120 438 4187 iu
463 4117 594 4186 exordio
619 4118 931 4209 Vergiliocentouis,
963 4122 1110 4209 quamvis
1141 4120 1350 4209 apocrypho-

1073 4226 1150 4317 37*
