3382 5206
346 519 395 595 5ss
712 540 862 587 errsront
883 541 930 588 nr.

319 654 363 727 ln
390 654 501 754 primo
527 651 670 752 quidem
690 649 769 722 libri
791 651 867 752 loeo
895 651 942 722 ita
969 650 1108 724 dicens:
1128 653 1250 726 “clari
1272 657 1335 727 im·

317 791 490 873 penatores
517 770 619 843 laude
648 798 721 842 esse
742 769 895 866 ‹ligni„.
917 767 1001 841 Esse
1022 799 1084 869 pro
1107 790 1188 844 sunt
1208 773 1334 871 posuit.

318 892 444 969 Postea
463 910 582 966 autem
601 904 625 935 ‘⁶
644 890 769 962 milites
786 947 794 978 ‚
810 889 924 990 iuquit
943 892 1101 977 ‚romani
1122 893 1336 965 indefessum

317 1015 447 1086 habent
472 1011 628 1083 studium
654 1009 766 1082 donec
794 1035 928 1107 semper
954 1037 1016 1107 pro
1044 1011 1117 1081 suis
1143 1012 1335 1100 vincere„.

320 1130 427 1226 Quod
455 1158 518 1231 pro
545 1127 688 1201 vincant
714 1127 904 1222 legendum
931 1144 990 1199 est.
1013 1128 1183 1228 “Utique
1205 1133 1336 1203 excelsa

322 1249 446 1323 Troiae
473 1246 611 1321 moenia
637 1246 761 1320 Utiees
784 1247 828 1345 (a)
851 1274 894 1317 ne
916 1246 1068 1343 disperdi
1090 1267 1191 1322 caute
1214 1251 1337 1322 timue-

299 1397 360 1471 ·re
385 1425 410 1459 ‚,
431 1426 438 1442 .
459 1366 537 1439 Hoc
564 1365 684 1437 diceus
711 1365 861 1461 assignat
887 1365 1101 1438 infinitivum
1129 1369 1273 1440 modum
1302 1371 1335 1440 in

322 1489 466 1590 optativi
485 1488 603 1560 locum
623 1485 733 1584 recipi
752 1485 888 1560 debere.
911 1484 995 1559 Post
1016 1488 1188 1586 aliquanta
1203 1503 1226 1532 ‘⁴
1241 1488 1274 1561 O
1288 1519 1338 1561 so-

323 1610 416 1683 dales
437 1608 572 1681 romani
592 1608 751 1705 civesque
776 1605 1006 1706 (imperativo
1027 1607 1159 1685 model
1184 1607 1339 1680 eonsule-

323 1758 360 1802 re
390 1730 438 1828 (b)
470 1785 505 1816 ‚‚.

405 1844 463 1921 25.
490 1842 546 1916 De
566 1841 787 1943 impersonali
807 1841 910 1913 modo
933 1871 1002 1914 una
1024 1845 1210 1943 utrobique
1238 1874 1341 1942 quere-

325 1966 391 2040 stio
411 1965 600 2038 ventilatur
621 2022 630 2053 ‚
652 1963 683 2036 T
687 1963 809 2034 ercntii
831 1962 974 2061 quidem
995 1966 1149 2062 partibus
1169 1966 1338 2036 obstinate

326 2085 620 2161 contendentibus
648 2083 875 2183 impersonale
904 2084 1046 2155 verbum
1073 2086 1114 2155 ab
1141 2086 1237 2156 omni
1270 2115 1341 2155 rer·

325 2208 371 2280 bo
398 2203 668 2302 significatori0‚
690 2202 725 2273 id
747 2218 798 2273 est
818 2218 889 2273 tarn
907 2202 1018 2274 actito
1038 2230 1142 2301 quarn
1168 2202 1342 2301 deponen-

326 2328 352 2399 ti
375 2384 384 2414 ‚
406 2343 476 2397 tam
502 2322 653 2395 neutrali
679 2349 783 2420 quarn
810 2322 990 2392 communi
1011 2378 1019 2408 ‚
1048 2323 1144 2393 nasci
1171 2323 1343 2394 indubita-

326 2447 389 2521 bili
415 2445 601 2519 assertione
628 2444 736 2515 solere
764 2460 937 2541 ‚excepto
966 2443 1106 2542 passivo.
1128 2443 1220 2516 Nam
1246 2445 1339 2542 quod

327 2569 370 2641 ab
390 2567 500 2639 activo
521 2564 642 2636 tertiae
665 2590 830 2660 personae
853 2561 948 2633 verbi
969 2562 1091 2659 passivi
1117 2561 1343 2633 similitudine

328 2690 505 2764 derivatur
525 2745 534 2776 ‚
556 2685 731 2785 passivum
760 2684 886 2755 iterum
918 2712 990 2756 uon
1023 2686 1171 2783 repetit:
1190 2714 1345 2784 praescr-

328 2813 498 2883 timeum
518 2805 692 2906 passivum
712 2804 856 2876 verbum
876 2804 1004 2902 absque
1026 2804 1237 2876 nominativo
1261 2834 1342 2877 casu

330 2929 433 3002 asseri
455 2954 528 2998 non
548 2924 675 2998 valeat:
688 2922 863 3019 Galbungi
886 2939 1002 2993 autem
1022 2923 1237 2994 auditoribus
1259 2953 1346 2996 non-

330 3050 397 3124 nisi
417 3048 459 3121 ab
480 3045 591 3118 activo
619 3061 653 3116 et
679 3044 830 3115 neutrali
858 3045 962 3115 verbo
991 3045 1254 3142 impersonalem
1275 3074 1346 3116 mo-

331 3171 419 3245 durn
438 3166 624 3265 procedere
652 3191 761 3261 posse.
784 3162 925 3256 Quibus
946 3181 980 3234 et
1002 3192 1065 3259 ego
1086 3164 1186 3236 facile
1207 3165 1348 3236 assenti-

330 3321 407 3381 rer,
427 3290 495 3365 nisi
509 3287 672 3361 Terentii
690 3303 803 3385 partes
816 3286 896 3358 mile
912 3289 957 3384 (c)
971 3287 1071 3358 nobis
1098 3287 1252 3385 exempla
1272 3317 1349 3387 pro-

332 3411 522 3496 didissent,
545 3407 673 3506 quibus
701 3405 907 3476 sententiam
927 3402 1025 3477 suam
1045 3405 1283 3478 assumabilem
1302 3409 1319 3478 s
1327 3437 1349 3465 ¹-

334 3530 457 3603 cerint.
479 3525 596 3599 Pauca
626 3525 841 3624 proferemus
863 3523 911 3622 (d)
935 3524 970 3594 in
994 3524 1159 3596 medium.
1173 3504 1348 3624 'Namque

334 3645 543 3721 Terentium
564 3643 719 3743 ipsorum
741 3644 787 3741 (e)
810 3659 1071 3740 praeceptorem
1101 3645 1219 3715 serunt
1247 3642 1349 3715 dixis·

416 3798 453 3858 (a)
471 3801 506 3840 tu
524 3795 573 3842 eod·
592 3804 649 3842 Nutu
674 3797 731 3839 turre
755 3794 905 3853 repetendum
928 3788 1035 3851 rrtr'qre?
1083 3791 1121 3854 (b)
1137 3792 1192 3839 ced·
1213 3793 1345 3836 consulere.

339 3883 398 3925 'tum
416 3890 455 3934 pro
472 3865 611 3918 consulite?
643 3869 667 3928 (c
698 3871 759 3914 ,tute
784 3887 824 3928 pro
845 3871 920 3912 meite·
939 3878 1006 3915 Certo
1024 3869 1091 3910 nrilr'e
1117 3884 1157 3927 pro
1172 3868 1250 3910 millia
1276 3885 1347 3928 parire

339 3964 445 4001 constent
462 3960 495 3995 est
514 3953 536 3993 in
553 3952 654 4017 antiquus
671 3964 724 3994 mu·
757 3947 797 4010 (d)
816 3949 870 3992 cod.
885 3954 908 3991 r'n
925 3948 1028 3990 »autrum
1046 3956 1070 3988 et
1086 3947 1201 3993 medium.
1233 3944 1270 4004 (e)
1288 3945 1345 3993 cod.

341 4016 536 4092 arurfqawrrrm·
