<?xml version="1.0" encoding="UTF-8"?>
<!DOCTYPE html PUBLIC "-//W3C//DTD XHTML 1.0 Transitional//EN"
    "http://www.w3.org/TR/xhtml1/DTD/xhtml1-transitional.dtd">
<html xmlns="http://www.w3.org/1999/xhtml" xml:lang="en" lang="en">
 <head>
  <title>
</title>
<meta http-equiv="Content-Type" content="text/html;charset=utf-8" />
  <meta name='ocr-system' content='tesseract 3.04.00' />
  <meta name='ocr-capabilities' content='ocr_page ocr_carea ocr_par ocr_line ocrx_word'/>
</head>
<body>
  <div class='ocr_page' id='page_1' title='image "./classicorumauct00vatigoog_0524.png"; bbox 0 0 3382 5206; ppageno 0'>
   <div class='ocr_carea' id='block_1_1' title="bbox 592 589 1178 690">
    <p class='ocr_par' dir='ltr' id='par_1_1' title="bbox 592 589 1178 690">
     <span class='ocr_line' id='line_1_1' title="bbox 592 589 1178 690; baseline -0.003 -22"><span class='ocrx_word' id='word_1_1' title='bbox 592 616 763 682; x_wconf 72' lang='lat' dir='ltr'><strong>errrore.</strong></span> <span class='ocrx_word' id='word_1_2' title='bbox 1105 589 1178 690; x_wconf 67' lang='grc'><strong>459</strong></span> 
     </span>
    </p>
   </div>
   <div class='ocr_carea' id='block_1_2' title="bbox 114 717 1196 1856">
    <p class='ocr_par' dir='ltr' id='par_1_2' title="bbox 174 717 1086 925">
     <span class='ocr_line' id='line_1_2' title="bbox 174 717 1086 794; baseline 0.001 -1"><span class='ocrx_word' id='word_1_3' title='bbox 174 723 206 793; x_wconf 89' lang='lat' dir='ltr'><strong>S.</strong></span> <span class='ocrx_word' id='word_1_4' title='bbox 218 725 256 793; x_wconf 86' lang='lat' dir='ltr'><strong>Z.</strong></span> <span class='ocrx_word' id='word_1_5' title='bbox 281 725 399 793; x_wconf 84' lang='lat' dir='ltr'><strong>Nonne</strong></span> <span class='ocrx_word' id='word_1_6' title='bbox 420 717 480 793; x_wconf 87' lang='lat' dir='ltr'><strong>Dei</strong></span> <span class='ocrx_word' id='word_1_7' title='bbox 496 723 647 792; x_wconf 89' lang='lat' dir='ltr'><strong>manibus</strong></span> <span class='ocrx_word' id='word_1_8' title='bbox 666 723 798 790; x_wconf 84' lang='lat' dir='ltr'>crevisti</span> <span class='ocrx_word' id='word_1_9' title='bbox 822 739 940 792; x_wconf 81' lang='lat' dir='ltr'><strong>cuncta</strong></span> <span class='ocrx_word' id='word_1_10' title='bbox 959 720 1086 794; x_wconf 73' lang='lat' dir='ltr'><strong>levari?</strong></span> 
     </span>
     <span class='ocr_line' id='line_1_3' title="bbox 243 827 1081 925; baseline 0.002 -26"><span class='ocrx_word' id='word_1_11' title='bbox 243 834 297 899; x_wconf 84' lang='lat' dir='ltr'><strong>Tu</strong></span> <span class='ocrx_word' id='word_1_12' title='bbox 310 829 455 925; x_wconf 50' lang='lat' dir='ltr'><strong>‘quoque</strong></span> <span class='ocrx_word' id='word_1_13' title='bbox 477 827 579 896; x_wconf 77' lang='lat' dir='ltr'><strong>fretus</strong></span> <span class='ocrx_word' id='word_1_14' title='bbox 601 830 666 896; x_wconf 84' lang='lat' dir='ltr'><strong>eris</strong></span> <span class='ocrx_word' id='word_1_15' title='bbox 692 853 801 898; x_wconf 87' lang='lat' dir='ltr'><strong>nonne</strong></span> <span class='ocrx_word' id='word_1_16' title='bbox 822 828 883 896; x_wconf 90' lang='lat' dir='ltr'><strong>Dei</strong></span> <span class='ocrx_word' id='word_1_17' title='bbox 905 827 1081 901; x_wconf 74' lang='lat' dir='ltr'><strong>manibus?</strong></span> 
     </span>
    </p>

    <p class='ocr_par' dir='ltr' id='par_1_3' title="bbox 177 934 1149 1113">
     <span class='ocr_line' id='line_1_4' title="bbox 177 934 1149 1023; baseline -0.003 -19"><span class='ocrx_word' id='word_1_18' title='bbox 177 935 218 1006; x_wconf 81' lang='grc' dir='ltr'><strong>Α..</strong></span> <span class='ocrx_word' id='word_1_19' title='bbox 246 941 303 1005; x_wconf 83' lang='lat' dir='ltr'><strong>Eat</strong></span> <span class='ocrx_word' id='word_1_20' title='bbox 322 938 405 1004; x_wconf 80' lang='lat' dir='ltr'><strong>nihi</strong></span> <span class='ocrx_word' id='word_1_21' title='bbox 427 961 494 1005; x_wconf 92' lang='lat' dir='ltr'><strong>non</strong></span> <span class='ocrx_word' id='word_1_22' title='bbox 517 934 647 1003; x_wconf 90' lang='lat' dir='ltr'><strong>licitum</strong></span> <span class='ocrx_word' id='word_1_23' title='bbox 674 951 784 1002; x_wconf 90' lang='lat' dir='ltr'><strong>tecum</strong></span> <span class='ocrx_word' id='word_1_24' title='bbox 803 934 1000 1004; x_wconf 73' lang='lat' dir='ltr'><strong>contendere</strong></span> <span class='ocrx_word' id='word_1_25' title='bbox 1019 936 1149 1023; x_wconf 80' lang='lat' dir='ltr'><strong>verbis,</strong></span> 
     </span>
     <span class='ocr_line' id='line_1_5' title="bbox 245 1039 1062 1113; baseline -0.002 -3"><span class='ocrx_word' id='word_1_26' title='bbox 245 1043 391 1113; x_wconf 75' lang='lat' dir='ltr'><strong>Cernere</strong></span> <span class='ocrx_word' id='word_1_27' title='bbox 416 1043 469 1109; x_wconf 82' lang='lat' dir='ltr'><strong>vel</strong></span> <span class='ocrx_word' id='word_1_28' title='bbox 492 1043 632 1110; x_wconf 87' lang='lat' dir='ltr'><strong>Bobium</strong></span> <span class='ocrx_word' id='word_1_29' title='bbox 659 1059 706 1109; x_wconf 87' lang='lat' dir='ltr'><strong>est</strong></span> <span class='ocrx_word' id='word_1_30' title='bbox 727 1040 810 1107; x_wconf 86' lang='lat' dir='ltr'><strong>mihi</strong></span> <span class='ocrx_word' id='word_1_31' title='bbox 835 1064 901 1111; x_wconf 86' lang='lat' dir='ltr'><strong>nou</strong></span> <span class='ocrx_word' id='word_1_32' title='bbox 922 1039 1062 1108; x_wconf 88' lang='lat' dir='ltr'><strong>licitum.</strong></span> 
     </span>
    </p>

    <p class='ocr_par' dir='ltr' id='par_1_4' title="bbox 174 1145 1196 1348">
     <span class='ocr_line' id='line_1_6' title="bbox 174 1145 1196 1241; baseline 0 -26"><span class='ocrx_word' id='word_1_33' title='bbox 174 1147 207 1215; x_wconf 91' lang='lat' dir='ltr'><strong>S·</strong></span> <span class='ocrx_word' id='word_1_34' title='bbox 217 1149 254 1215; x_wconf 86' lang='lat' dir='ltr'><strong>Z.</strong></span> <span class='ocrx_word' id='word_1_35' title='bbox 268 1145 489 1241; x_wconf 75' lang='lat' dir='ltr'><strong>scottigenam</strong></span> <span class='ocrx_word' id='word_1_36' title='bbox 503 1147 625 1233; x_wconf 85' lang='lat' dir='ltr'><strong>recole,</strong></span> <span class='ocrx_word' id='word_1_37' title='bbox 638 1165 785 1214; x_wconf 89' lang='lat' dir='ltr'><strong>sanctum</strong></span> <span class='ocrx_word' id='word_1_38' title='bbox 799 1148 879 1241; x_wconf 93' lang='lat' dir='ltr'><strong>quin</strong></span> <span class='ocrx_word' id='word_1_39' title='bbox 893 1169 970 1218; x_wconf 62' lang='lat' dir='ltr'><strong>etse,</strong></span> <span class='ocrx_word' id='word_1_40' title='bbox 981 1146 1196 1228; x_wconf 68' lang='lat' dir='ltr'><strong>columbum</strong></span> 
     </span>
     <span class='ocr_line' id='line_1_7' title="bbox 238 1252 998 1348; baseline -0.003 -24"><span class='ocrx_word' id='word_1_41' title='bbox 238 1256 388 1324; x_wconf 85' lang='lat' dir='ltr'><strong>Verbera</strong></span> <span class='ocrx_word' id='word_1_42' title='bbox 415 1280 481 1348; x_wconf 89' lang='lat' dir='ltr'><strong>quo</strong></span> <span class='ocrx_word' id='word_1_43' title='bbox 505 1254 631 1347; x_wconf 66' lang='lat' dir='ltr'><strong>fugias,</strong></span> <span class='ocrx_word' id='word_1_44' title='bbox 650 1252 856 1348; x_wconf 78' lang='lat' dir='ltr'><strong>scottigena,</strong></span> <span class='ocrx_word' id='word_1_45' title='bbox 881 1253 998 1323; x_wconf 84' lang='lat' dir='ltr'><strong>recole.</strong></span> 
     </span>
    </p>

    <p class='ocr_par' dir='ltr' id='par_1_5' title="bbox 178 1355 1133 1552">
     <span class='ocr_line' id='line_1_8' title="bbox 178 1355 1133 1453; baseline 0.002 -27"><span class='ocrx_word' id='word_1_46' title='bbox 178 1355 221 1430; x_wconf 78' lang='lat' dir='ltr'><strong>A.</strong></span> <span class='ocrx_word' id='word_1_47' title='bbox 242 1362 397 1428; x_wconf 79' lang='lat' dir='ltr'><strong>Vestibus</strong></span> <span class='ocrx_word' id='word_1_48' title='bbox 417 1390 459 1430; x_wconf 89' lang='lat' dir='ltr'><strong>en</strong></span> <span class='ocrx_word' id='word_1_49' title='bbox 478 1386 574 1431; x_wconf 87' lang='lat' dir='ltr'><strong>careo</strong></span> <span class='ocrx_word' id='word_1_50' title='bbox 594 1360 706 1431; x_wconf 85' lang='lat' dir='ltr'><strong>solitus</strong></span> <span class='ocrx_word' id='word_1_51' title='bbox 728 1384 814 1428; x_wconf 84' lang='lat' dir='ltr'><strong>nova</strong></span> <span class='ocrx_word' id='word_1_52' title='bbox 840 1361 980 1453; x_wconf 81' lang='lat' dir='ltr'><strong>tegmine</strong></span> <span class='ocrx_word' id='word_1_53' title='bbox 1004 1358 1133 1429; x_wconf 75' lang='lat' dir='ltr'><strong>hebere</strong></span> 
     </span>
     <span class='ocr_line' id='line_1_9' title="bbox 245 1467 891 1552; baseline 0.003 -20"><span class='ocrx_word' id='word_1_54' title='bbox 245 1467 432 1533; x_wconf 86' lang='lat' dir='ltr'><strong>Festivitute</strong></span> <span class='ocrx_word' id='word_1_55' title='bbox 452 1490 532 1552; x_wconf 81' lang='lat' dir='ltr'><strong>sua,</strong></span> <span class='ocrx_word' id='word_1_56' title='bbox 555 1467 697 1540; x_wconf 82' lang='lat' dir='ltr'><strong>vestibus</strong></span> <span class='ocrx_word' id='word_1_57' title='bbox 718 1492 759 1534; x_wconf 90' lang='lat' dir='ltr'><strong>en</strong></span> <span class='ocrx_word' id='word_1_58' title='bbox 786 1487 891 1543; x_wconf 78' lang='lat' dir='ltr'><strong>cereo.</strong></span> 
     </span>
    </p>

    <p class='ocr_par' dir='ltr' id='par_1_6' title="bbox 178 1561 1164 1662">
     <span class='ocr_line' id='line_1_10' title="bbox 178 1561 1164 1662; baseline 0.001 -25"><span class='ocrx_word' id='word_1_59' title='bbox 178 1571 217 1639; x_wconf 86' lang='lat' dir='ltr'><strong>Z.</strong></span> <span class='ocrx_word' id='word_1_60' title='bbox 237 1561 397 1640; x_wconf 75' lang='lat' dir='ltr'><strong>praesolis</strong></span> <span class='ocrx_word' id='word_1_61' title='bbox 418 1576 453 1641; x_wconf 90' lang='lat' dir='ltr'><strong>in</strong></span> <span class='ocrx_word' id='word_1_62' title='bbox 476 1576 626 1644; x_wconf 86' lang='lat' dir='ltr'><strong>manibus</strong></span> <span class='ocrx_word' id='word_1_63' title='bbox 648 1572 799 1641; x_wconf 78' lang='lat' dir='ltr'><strong>lacrimas</strong></span> <span class='ocrx_word' id='word_1_64' title='bbox 828 1573 884 1640; x_wconf 76' lang='lat' dir='ltr'><strong>has</strong></span> <span class='ocrx_word' id='word_1_65' title='bbox 904 1595 991 1662; x_wconf 87' lang='lat' dir='ltr'><strong>pone</strong></span> <span class='ocrx_word' id='word_1_66' title='bbox 1011 1568 1164 1653; x_wconf 72' lang='lat' dir='ltr'><strong>miselle3</strong></span> 
     </span>
    </p>

    <p class='ocr_par' dir='ltr' id='par_1_7' title="bbox 114 1677 1084 1770">
     <span class='ocr_line' id='line_1_11' title="bbox 114 1677 1084 1770; baseline -0.005 -20"><span class='ocrx_word' id='word_1_67' title='bbox 114 1707 119 1721; x_wconf 61' lang='lat'>⁸</span> <span class='ocrx_word' id='word_1_68' title='bbox 243 1677 317 1750; x_wconf 83' lang='lat' dir='ltr'><strong>Hos</strong></span> <span class='ocrx_word' id='word_1_69' title='bbox 339 1703 466 1770; x_wconf 83' lang='lat' dir='ltr'><strong>quoque</strong></span> <span class='ocrx_word' id='word_1_70' title='bbox 485 1677 662 1747; x_wconf 84' lang='lat' dir='ltr'><strong>versiculos</strong></span> <span class='ocrx_word' id='word_1_71' title='bbox 681 1677 839 1769; x_wconf 82' lang='lat' dir='ltr'><strong>praesulis</strong></span> <span class='ocrx_word' id='word_1_72' title='bbox 864 1678 899 1745; x_wconf 94' lang='lat' dir='ltr'><strong>iu</strong></span> <span class='ocrx_word' id='word_1_73' title='bbox 921 1679 1084 1746; x_wconf 80' lang='lat' dir='ltr'><strong>mnibus.</strong></span> 
     </span>
    </p>

    <p class='ocr_par' dir='ltr' id='par_1_8' title="bbox 179 1779 1086 1856">
     <span class='ocr_line' id='line_1_12' title="bbox 179 1779 1086 1856; baseline 0.003 -7"><span class='ocrx_word' id='word_1_74' title='bbox 179 1779 220 1850; x_wconf 82' lang='lat' dir='ltr'><strong>A.</strong></span> <span class='ocrx_word' id='word_1_75' title='bbox 234 1782 353 1853; x_wconf 87' lang='lat' dir='ltr'><strong>Sancte</strong></span> <span class='ocrx_word' id='word_1_76' title='bbox 378 1786 470 1853; x_wconf 86' lang='lat' dir='ltr'><strong>Zeno</strong></span> <span class='ocrx_word' id='word_1_77' title='bbox 491 1783 647 1856; x_wconf 86' lang='lat' dir='ltr'><strong>dederam</strong></span> <span class='ocrx_word' id='word_1_78' title='bbox 669 1783 812 1854; x_wconf 81' lang='lat' dir='ltr'><strong>lacrimis</strong></span> <span class='ocrx_word' id='word_1_79' title='bbox 834 1799 867 1852; x_wconf 84' lang='lat' dir='ltr'><strong>et</strong></span> <span class='ocrx_word' id='word_1_80' title='bbox 890 1800 964 1852; x_wconf 87' lang='lat' dir='ltr'><strong>vota</strong></span> <span class='ocrx_word' id='word_1_81' title='bbox 983 1784 1086 1854; x_wconf 83' lang='lat' dir='ltr'><strong>sodali</strong></span> 
     </span>
    </p>
   </div>
   <div class='ocr_carea' id='block_1_3' title="bbox 179 1993 1298 2301">
    <p class='ocr_par' dir='ltr' id='par_1_9' title="bbox 179 1993 1298 2301">
     <span class='ocr_line' id='line_1_13' title="bbox 245 1993 1145 2087; baseline 0.004 -28"><span class='ocrx_word' id='word_1_82' title='bbox 245 1993 342 2060; x_wconf 88' lang='lat' dir='ltr'><strong>Hunc</strong></span> <span class='ocrx_word' id='word_1_83' title='bbox 368 2019 499 2087; x_wconf 81' lang='lat' dir='ltr'><strong>qnoque</strong></span> <span class='ocrx_word' id='word_1_84' title='bbox 519 1995 559 2063; x_wconf 89' lang='lat' dir='ltr'><strong>da</strong></span> <span class='ocrx_word' id='word_1_85' title='bbox 581 1996 746 2082; x_wconf 82' lang='lat' dir='ltr'><strong>mihimet,</strong></span> <span class='ocrx_word' id='word_1_86' title='bbox 767 1993 897 2087; x_wconf 86' lang='lat' dir='ltr'><strong>praesul</strong></span> <span class='ocrx_word' id='word_1_87' title='bbox 919 2012 1047 2080; x_wconf 73' lang='lat' dir='ltr'><strong>amate,¹</strong></span> <span class='ocrx_word' id='word_1_88' title='bbox 1069 1994 1145 2063; x_wconf 81' lang='lat' dir='ltr'><strong>tuit.</strong></span> 
     </span>
     <span class='ocr_line' id='line_1_14' title="bbox 179 2094 1298 2196; baseline 0.004 -32"><span class='ocrx_word' id='word_1_89' title='bbox 179 2094 220 2166; x_wconf 80' lang='lat' dir='ltr'><strong>A.</strong></span> <span class='ocrx_word' id='word_1_90' title='bbox 244 2099 333 2185; x_wconf 86' lang='lat' dir='ltr'><strong>Quid</strong></span> <span class='ocrx_word' id='word_1_91' title='bbox 355 2100 471 2171; x_wconf 85' lang='lat' dir='ltr'><strong>faciam</strong></span> <span class='ocrx_word' id='word_1_92' title='bbox 498 2099 644 2175; x_wconf 81' lang='lat' dir='ltr'><strong>misero?</strong></span> <span class='ocrx_word' id='word_1_93' title='bbox 664 2120 786 2172; x_wconf 83' lang='lat' dir='ltr'><strong>constat</strong></span> <span class='ocrx_word' id='word_1_94' title='bbox 809 2105 886 2196; x_wconf 89' lang='lat' dir='ltr'><strong>quia</strong></span> <span class='ocrx_word' id='word_1_95' title='bbox 899 2102 993 2170; x_wconf 81' lang='lat' dir='ltr'><strong>febre</strong></span> <span class='ocrx_word' id='word_1_96' title='bbox 1008 2118 1197 2194; x_wconf 82' lang='lat' dir='ltr'><strong>peremptus</strong></span> <span class='ocrx_word' id='word_1_97' title='bbox 1295 2155 1298 2160; x_wconf 93' lang='lat'><strong>.</strong></span> 
     </span>
     <span class='ocr_line' id='line_1_15' title="bbox 247 2202 1044 2301; baseline 0.011 -30"><span class='ocrx_word' id='word_1_98' title='bbox 247 2206 318 2274; x_wconf 87' lang='lat' dir='ltr'><strong>Nec</strong></span> <span class='ocrx_word' id='word_1_99' title='bbox 340 2207 449 2277; x_wconf 81' lang='lat' dir='ltr'><strong>babeo</strong></span> <span class='ocrx_word' id='word_1_100' title='bbox 472 2233 622 2295; x_wconf 80' lang='lat' dir='ltr'><strong>merum,</strong></span> <span class='ocrx_word' id='word_1_101' title='bbox 648 2208 730 2301; x_wconf 93' lang='lat' dir='ltr'><strong>quid</strong></span> <span class='ocrx_word' id='word_1_102' title='bbox 757 2205 874 2275; x_wconf 84' lang='lat' dir='ltr'><strong>faciam</strong></span> <span class='ocrx_word' id='word_1_103' title='bbox 894 2202 1044 2281; x_wconf 79' lang='lat' dir='ltr'><strong>misero?</strong></span> 
     </span>
    </p>
   </div>
   <div class='ocr_carea' id='block_1_4' title="bbox 178 2415 1193 2829">
    <p class='ocr_par' dir='ltr' id='par_1_10' title="bbox 178 2415 1175 2619">
     <span class='ocr_line' id='line_1_16' title="bbox 178 2415 1175 2511; baseline -0.003 -25"><span class='ocrx_word' id='word_1_104' title='bbox 178 2415 219 2486; x_wconf 78' lang='grc' dir='ltr'><strong>Α.</strong></span> <span class='ocrx_word' id='word_1_105' title='bbox 242 2420 345 2486; x_wconf 82' lang='lat' dir='ltr'><strong>Grata</strong></span> <span class='ocrx_word' id='word_1_106' title='bbox 366 2435 461 2510; x_wconf 81' lang='lat' dir='ltr'><strong>peter</strong></span> <span class='ocrx_word' id='word_1_107' title='bbox 484 2420 632 2490; x_wconf 87' lang='lat' dir='ltr'><strong>mihimet</strong></span> <span class='ocrx_word' id='word_1_108' title='bbox 655 2446 782 2511; x_wconf 83' lang='lat' dir='ltr'><strong>semper</strong></span> <span class='ocrx_word' id='word_1_109' title='bbox 805 2437 858 2486; x_wconf 85' lang='lat' dir='ltr'><strong>tua</strong></span> <span class='ocrx_word' id='word_1_110' title='bbox 885 2415 971 2485; x_wconf 84' lang='lat' dir='ltr'><strong>dictu</strong></span> <span class='ocrx_word' id='word_1_111' title='bbox 993 2440 1175 2508; x_wconf 83' lang='lat' dir='ltr'><strong>perennes</strong></span> 
     </span>
     <span class='ocr_line' id='line_1_17' title="bbox 235 2526 962 2619; baseline 0.004 -28"><span class='ocrx_word' id='word_1_112' title='bbox 235 2526 398 2619; x_wconf 82' lang='lat' dir='ltr'><strong>lixequar</strong></span> <span class='ocrx_word' id='word_1_113' title='bbox 420 2544 452 2593; x_wconf 88' lang='lat' dir='ltr'><strong>et</strong></span> <span class='ocrx_word' id='word_1_114' title='bbox 475 2528 555 2595; x_wconf 83' lang='lat' dir='ltr'><strong>votis</strong></span> <span class='ocrx_word' id='word_1_115' title='bbox 577 2547 668 2619; x_wconf 86' lang='lat' dir='ltr'><strong>grata</strong></span> <span class='ocrx_word' id='word_1_116' title='bbox 689 2546 782 2619; x_wconf 86' lang='lat' dir='ltr'><strong>pater</strong></span> <span class='ocrx_word' id='word_1_117' title='bbox 804 2526 962 2595; x_wconf 84' lang='lat' dir='ltr'><strong>mihimet.</strong></span> 
     </span>
    </p>

    <p class='ocr_par' dir='ltr' id='par_1_11' title="bbox 178 2628 1193 2829">
     <span class='ocr_line' id='line_1_18' title="bbox 178 2628 1193 2724; baseline -0.005 -26"><span class='ocrx_word' id='word_1_118' title='bbox 178 2633 217 2698; x_wconf 88' lang='lat' dir='ltr'><strong>Z·</strong></span> <span class='ocrx_word' id='word_1_119' title='bbox 239 2631 327 2722; x_wconf 82' lang='lat' dir='ltr'><strong>Ergo</strong></span> <span class='ocrx_word' id='word_1_120' title='bbox 351 2631 463 2698; x_wconf 86' lang='lat' dir='ltr'><strong>domos</strong></span> <span class='ocrx_word' id='word_1_121' title='bbox 487 2633 633 2700; x_wconf 86' lang='lat' dir='ltr'><strong>tribuens</strong></span> <span class='ocrx_word' id='word_1_122' title='bbox 655 2634 738 2701; x_wconf 87' lang='lat' dir='ltr'><strong>nosti</strong></span> <span class='ocrx_word' id='word_1_123' title='bbox 763 2628 853 2724; x_wconf 89' lang='lat' dir='ltr'><strong>quod</strong></span> <span class='ocrx_word' id='word_1_124' title='bbox 877 2646 1022 2720; x_wconf 86' lang='lat' dir='ltr'><strong>tempore</strong></span> <span class='ocrx_word' id='word_1_125' title='bbox 1044 2651 1193 2720; x_wconf 76' lang='lat' dir='ltr'><strong>possum,</strong></span> 
     </span>
     <span class='ocr_line' id='line_1_19' title="bbox 247 2734 953 2829; baseline -0.006 -26"><span class='ocrx_word' id='word_1_126' title='bbox 247 2737 288 2803; x_wconf 84' lang='lat' dir='ltr'><strong>Et</strong></span> <span class='ocrx_word' id='word_1_127' title='bbox 311 2736 430 2829; x_wconf 85' lang='lat' dir='ltr'><strong>largire</strong></span> <span class='ocrx_word' id='word_1_128' title='bbox 453 2734 540 2804; x_wconf 85' lang='lat' dir='ltr'><strong>focos</strong></span> <span class='ocrx_word' id='word_1_129' title='bbox 563 2761 640 2828; x_wconf 83' lang='lat' dir='ltr'><strong>ergo</strong></span> <span class='ocrx_word' id='word_1_130' title='bbox 661 2736 772 2805; x_wconf 84' lang='lat' dir='ltr'><strong>domos</strong></span> <span class='ocrx_word' id='word_1_131' title='bbox 797 2735 953 2802; x_wconf 86' lang='lat' dir='ltr'><strong>tribuens.</strong></span> 
     </span>
    </p>
   </div>
   <div class='ocr_carea' id='block_1_5' title="bbox 38 2835 1027 2932">
    <p class='ocr_par' dir='ltr' id='par_1_12' title="bbox 38 2835 1027 2932">
     <span class='ocr_line' id='line_1_20' title="bbox 38 2835 1027 2932; baseline 0 -28"><span class='ocrx_word' id='word_1_132' title='bbox 38 2879 43 2888; x_wconf 88' lang='lat'><strong>·</strong></span> <span class='ocrx_word' id='word_1_133' title='bbox 178 2839 317 2930; x_wconf 86' lang='lat' dir='ltr'><strong>Insuper</strong></span> <span class='ocrx_word' id='word_1_134' title='bbox 340 2842 478 2908; x_wconf 86' lang='lat' dir='ltr'><strong>adiciam</strong></span> <span class='ocrx_word' id='word_1_135' title='bbox 501 2858 661 2932; x_wconf 86' lang='lat' dir='ltr'><strong>potusque</strong></span> <span class='ocrx_word' id='word_1_136' title='bbox 683 2842 838 2932; x_wconf 79' lang='lat' dir='ltr'><strong>cibosque</strong></span> <span class='ocrx_word' id='word_1_137' title='bbox 860 2835 1027 2905; x_wconf 70' lang='lat' dir='ltr'><strong>salubres,</strong></span> 
     </span>
    </p>
   </div>
   <div class='ocr_carea' id='block_1_6' title="bbox 178 2943 968 3248">
    <p class='ocr_par' dir='ltr' id='par_1_13' title="bbox 178 2943 968 3248">
     <span class='ocr_line' id='line_1_21' title="bbox 247 2943 930 3037; baseline -0.001 -28"><span class='ocrx_word' id='word_1_138' title='bbox 247 2947 386 3012; x_wconf 80' lang='lat' dir='ltr'><strong>Poscere</strong></span> <span class='ocrx_word' id='word_1_139' title='bbox 408 2946 598 3037; x_wconf 83' lang='lat' dir='ltr'><strong>cornipedes</strong></span> <span class='ocrx_word' id='word_1_140' title='bbox 621 2948 756 3036; x_wconf 85' lang='lat' dir='ltr'><strong>insuper</strong></span> <span class='ocrx_word' id='word_1_141' title='bbox 778 2943 930 3027; x_wconf 85' lang='lat' dir='ltr'><strong>adiciam·</strong></span> 
     </span>
     <span class='ocr_line' id='line_1_22' title="bbox 178 3048 898 3140; baseline 0.001 -24"><span class='ocrx_word' id='word_1_142' title='bbox 178 3049 298 3116; x_wconf 86' lang='lat' dir='ltr'><strong>Vivere</strong></span> <span class='ocrx_word' id='word_1_143' title='bbox 324 3051 370 3114; x_wconf 89' lang='lat' dir='ltr'><strong>sic</strong></span> <span class='ocrx_word' id='word_1_144' title='bbox 393 3055 532 3140; x_wconf 83' lang='lat' dir='ltr'><strong>poteris,</strong></span> <span class='ocrx_word' id='word_1_145' title='bbox 554 3048 673 3117; x_wconf 83' lang='lat' dir='ltr'><strong>sacient</strong></span> <span class='ocrx_word' id='word_1_146' title='bbox 718 3100 727 3117; x_wconf 92' lang='lat'><strong>.</strong></span> <span class='ocrx_word' id='word_1_147' title='bbox 775 3099 783 3116; x_wconf 93' lang='lat'><strong>.</strong></span> <span class='ocrx_word' id='word_1_148' title='bbox 831 3100 839 3115; x_wconf 95' lang='lat'><strong>.</strong></span> <span class='ocrx_word' id='word_1_149' title='bbox 890 3100 898 3117; x_wconf 91' lang='lat'><strong>.</strong></span> 
     </span>
     <span class='ocr_line' id='line_1_23' title="bbox 246 3145 968 3248; baseline 0 -26"><span class='ocrx_word' id='word_1_150' title='bbox 246 3155 311 3222; x_wconf 87' lang='lat' dir='ltr'><strong>Sed</strong></span> <span class='ocrx_word' id='word_1_151' title='bbox 335 3152 453 3222; x_wconf 88' lang='lat' dir='ltr'><strong>facient</strong></span> <span class='ocrx_word' id='word_1_152' title='bbox 478 3159 507 3222; x_wconf 84' lang='lat' dir='ltr'><strong>la</strong></span> <span class='ocrx_word' id='word_1_153' title='bbox 531 3191 540 3211; x_wconf 93' lang='lat'><strong>·</strong></span> <span class='ocrx_word' id='word_1_154' title='bbox 565 3191 606 3215; x_wconf 85' lang='lat'><strong>.·</strong></span> <span class='ocrx_word' id='word_1_155' title='bbox 633 3145 743 3226; x_wconf 80' lang='lat' dir='ltr'><strong>rivere</strong></span> <span class='ocrx_word' id='word_1_156' title='bbox 765 3158 810 3222; x_wconf 84' lang='lat' dir='ltr'><strong>sic</strong></span> <span class='ocrx_word' id='word_1_157' title='bbox 834 3158 968 3248; x_wconf 77' lang='lat' dir='ltr'><strong>poteris.</strong></span> 
     </span>
    </p>
   </div>
   <div class='ocr_carea' id='block_1_7' title="bbox 0 0 1696 5206">
    <p class='ocr_par' dir='ltr' id='par_1_14' title="bbox 0 0 1696 5206">
     <span class='ocr_line' id='line_1_24' title="bbox 0 0 1696 5206; baseline 0 0"><span class='ocrx_word' id='word_1_158' title='bbox 0 0 1696 5206; x_wconf 95' lang='lat' dir='ltr'><strong> </strong></span> 
     </span>
    </p>
   </div>
  </div>
 </body>
</html>
