3382 5206
640 606 700 670 580
935 625 961 669 s.
986 621 1164 672 sanarunt
1190 625 1232 673 nr
1256 624 1298 672 nr

605 749 688 817 xrum
712 721 829 790 frivola
853 725 913 788 sub
938 725 1043 813 specie
1058 726 1249 814 prophetica
1266 730 1492 814 continentis,
1517 729 1583 797 sed
1602 746 1655 796 ta·

614 850 688 895 rnen
712 827 891 917 legitimam
916 827 1096 897 hexametri
1112 829 1259 922 regulam
1282 830 1655 924 servantis,eleganter

616 933 817 1023 deprompsit
832 932 1043 1001 dicens-iarn
1061 932 1186 999 dudum
1202 952 1372 1002 temerasse
1388 936 1491 1003 duces
1508 940 1569 1026 pia
1589 935 1654 1006 foe·

617 1037 694 1106 dera
719 1039 808 1128 pacis
827 1076 871 1093 -·
889 1036 1065 1106 scanditur
1088 1039 1132 1104 ita
1155 1038 1288 1124 iamdu,
1311 1040 1505 1108 dumtemes
1539 1067 1653 1111 rasse·

617 1140 685 1227 du,
709 1145 836 1233 ccspia‚
859 1140 990 1210 foedera
1023 1145 1122 1232 pacis·
1138 1159 1171 1206 a·
1193 1145 1242 1212 Da
1267 1142 1410 1235 exempla
1427 1146 1654 1237 significatio·

616 1250 714 1315 nibus
738 1250 985 1340 participiorum
1008 1251 1199 1339 approbata·
1218 1251 1265 1315 M·
1283 1252 1454 1319 Praeteriti
1481 1266 1515 1319 et
1542 1249 1649 1316 futuri

615 1358 771 1445 temporis
793 1358 966 1445 participia
991 1381 1008 1421 a
1033 1359 1183 1446 passivo,
1208 1358 1392 1439 communi,
1415 1375 1449 1424 et
1474 1355 1648 1445 deponen-

619 1463 642 1526 ti
667 1463 847 1544 venientia‚
870 1486 1028 1551 paeonem
1051 1464 1183 1529 tertium
1207 1487 1272 1551 non
1295 1460 1491 1551 repudiant,
1516 1480 1556 1526 ut
1571 1463 1647 1553 glo·

616 1586 759 1636 meratus
782 1566 1033 1658 glomerandus,
1061 1587 1234 1637 veneratus
1258 1568 1479 1636 venerandus,
1510 1568 1641 1634 iacula-

616 1689 666 1739 tus
679 1672 886 1741 iaculanduss
902 1674 1043 1740 imitatus
1057 1673 1244 1740 imitandus.
1258 1675 1360 1741 Ut-
1375 1673 1506 1741 demens
1521 1696 1645 1762 perpe

617 1783 663 1847 tui
679 1782 735 1873 qui
751 1804 815 1847 non
831 1781 989 1847 imitanda
1012 1783 1213 1871 parentis-
1226 1784 1296 1847 iura
1314 1781 1512 1848 caducorum
1527 1780 1646 1871 gradi-

616 1888 677 1955 bus
688 1886 852 1954 simularit
865 1888 1040 1956 honorum.
1050 1923 1096 1941 -
1110 1886 1162 1956 Ab
1178 1891 1282 1955 activo
1299 1912 1430 1980 quoque
1446 1905 1478 1955 et
1493 1905 1641 1973 neutro,

618 2006 653 2056 ut
668 1988 837 2083 fugiturus,
853 1994 1016 2062 ruiturus,
1033 1993 1235 2061 trahiturus,
1251 1992 1428 2074 doliturus,
1443 1992 1641 2058 domiturus.

613 2100 660 2166 Ut
673 2099 707 2164 iu
716 2102 873 2191 georgicis
882 2136 927 2152 -
937 2118 969 2164 et
980 2100 1100 2168 durum
1113 2099 1233 2168 Bacchi
1249 2099 1412 2165 domitura
1426 2119 1642 2186 saporem3-

615 2205 804 2294 petiturus,
828 2206 1003 2294 periturus·
1026 2217 1060 2266 A·
1085 2212 1192 2272 Paeon
1213 2204 1325 2270 tertius
1351 2228 1416 2293 qua
1441 2202 1641 2269 discretione

615 2307 864 2402 sequestratur?
890 2311 947 2375 ·M·
963 2307 1117 2399 Seacupla
1138 2308 1295 2376 divisione
1312 2306 1498 2374 dirimitur,
1514 2305 1575 2373 sed
1591 2331 1641 2370 ar

613 2417 656 2481 ais
680 2432 711 2481 et
736 2414 833 2482 thesis
847 2416 960 2504 paeoni
975 2414 1082 2503 primo
1097 2430 1129 2479 et
1149 2412 1292 2480 secundo
1307 2411 1534 2479 reluctantur,
1560 2411 1639 2476 dum

616 2522 695 2585 arsis
718 2536 854 2608 usurpat
876 2534 1023 2608 tempora
1046 2518 1146 2605 bina,
1169 2534 1201 2586 et
1225 2517 1324 2582 thesis
1349 2519 1447 2581 trina·
1464 2528 1500 2581 A·
1517 2514 1640 2598 Unde,

613 2651 717 2718 rogo>
743 2630 802 2693 ista
817 2627 993 2695 ‘diversitas
1016 2643 1049 2693 et
1073 2624 1175 2693 veluti
1198 2627 1429 2692 inconveniens
1457 2621 1639 2711 diaphonia

615 2750 790 2815 nascatur,
815 2756 890 2796 curn
912 2733 948 2797 in
971 2730 1160 2818 praedictis·
1183 2727 1229 2795 X·
1251 2728 1389 2818 pedihus
1413 2751 1521 2817 aequo
1551 2725 1640 2791 diri-

615 2837 713 2901 sionis
737 2836 847 2925 exagio
871 2835 1060 2901 trutinantis
1084 2835 1174 2925 quasi
1193 2831 1352 2925 quaedam
1375 2831 1549 2919 organicae
1572 2854 1641 2896 mo·

616 2939 790 3008 dolatiouis
812 2938 952 3008 melodia
975 2944 1019 3006 ita
1036 2963 1169 3008 concors
1187 2957 1370 3028 temporum
1388 2935 1562 3002 harmonia
1588 2952 1641 3002 te-

616 3063 733 3114 neatur
757 3047 814 3112 ·M·
837 3048 920 3132 Quia
944 3071 1047 3137 paeon
1080 3046 1190 3114 tenius
1218 3067 1346 3134 semper
1374 3058 1468 3107 acuto
1500 3057 1643 3108 accentu

615 3152 831 3242 penultimam
855 3152 1032 3243 producit,
1057 3171 1092 3218 ut
1115 3151 1359 3218 calamistrum,
1383 3146 1470 3215 unde
1504 3146 1642 3213 deriva-

615 3278 670 3326 tur
693 3258 930 3328 calamistratus
953 3258 1154 3349 epithetum
1179 3275 1234 3322 aut
1258 3255 1488 3336 circumflexo,
1512 3272 1549 3321 ut
1573 3276 1640 3322 me

615 3368 734 3432 dicina.
758 3369 868 3435 Paeon
895 3392 974 3435 vero
1002 3368 1127 3456 primus
1151 3384 1183 3432 et
1211 3362 1373 3432 secundus
1400 3385 1530 3450 semper
1562 3380 1642 3431 aute

614 3471 829 3564 penultimam
852 3499 968 3541 acuere
993 3490 1162 3541 accentum
1185 3470 1310 3562 legibus
1337 3466 1593 3557 compelluntur.

978 3684 1025 3750 De
1048 3706 1169 3770 paeone
1193 3681 1269 3747 llll.

661 3909 694 3963 Δ.
720 3901 863 3967 Promito
880 3899 1019 3964 tandem
1044 3897 1173 3987 paeonis
1201 3892 1304 3983 quarti
1331 3888 1496 3979 regulares
1527 3916 1644 3958 onem—

614 4003 742 4092 plorom
767 4003 921 4093 formulas
946 4006 1003 4070 ·M·
1026 4004 1177 4070 Strictius
1207 4000 1293 4064 hunc
1318 3994 1437 4086 pedem
1467 4020 1644 4064 commen·

613 4124 736 4174 taturus
756 4108 936 4200 expediam,
954 4108 1031 4176 dum
1049 4106 1144 4198 plura
1162 4102 1298 4194 exempli
1315 4100 1514 4169 documenta
1535 4103 1644 4171 uber·
