3382 5206
663 592 708 640 ΒΕ
733 583 977 640 coniunctiora
996 617 1018 638 ,ι

324 700 397 771 apud
414 698 560 769 Vergilium
583 726 598 740 ·
624 697 817 769 tuquoqurli·

327 784 431 839 turibus
449 784 546 838 nostris
571 784 663 837 aeneia
682 780 817 834 nutrium

326 874 353 925 Si
371 891 432 928 vero
449 890 560 946 quoque
575 870 721 925 ablativum
731 887 821 923 casum

245 980 249 987 ·
326 961 500 1032 respondeat,
520 961 573 1014 erit
597 976 762 1032 pronomen.
790 968 821 1013 ut

328 1061 394 1123 puta
409 1077 425 1091 ·
444 1067 589 1120 aquaque.

495 1226 536 1290 ri·
556 1243 655 1281 rosso·

363 1403 390 1453 si
409 1419 499 1455 verum
518 1400 671 1469 significat.
688 1399 742 1455 erit
760 1413 822 1450 eou-

328 1491 445 1549 iuuetio.
463 1500 494 1542 ut
512 1499 595 1561 puta,
609 1508 693 1559 porro
712 1501 820 1552 autem

326 1584 349 1633 si
368 1598 429 1633 vero
452 1598 536 1649 porro
564 1579 639 1646 louge
669 1577 820 1645 siguificat.

328 1668 380 1722 erit
402 1666 574 1725 adverbium,
596 1678 626 1720 ut
644 1668 711 1737 puta
728 1693 744 1706 -
762 1683 819 1736 por·

327 1773 355 1809 ra
372 1755 435 1809 binc
454 1754 489 1807 ad
507 1755 596 1809 stadia
614 1754 732 1807 mille·.

482 1927 524 1986 15.
545 1946 664 1997 ouiroo

363 2111 390 2163 Si
416 2122 548 2182 quatenus
579 2109 738 2178 siguificat,
766 2108 817 2163 crit

592 2282 660 2357 DE
687 2281 1100 2361 INTERIECTIONE.

370 2557 572 2671 1·Iutericctio
585 2627 626 2670 est
639 2633 699 2688 pars
715 2617 817 2671 oratio-

331 2704 371 2756 nis
390 2706 530 2759 ostendeus
549 2705 632 2757 animi
655 2717 754 2760 motum
771 2723 818 2778 per

329 2795 542 2864 suspirationem.
553 2796 636 2849 Vario
647 2807 737 2849 autom
746 2809 818 2851 motu

328 2883 448 2935 affectum
469 2884 552 2936 animi
570 2886 655 2938 nostri
684 2887 819 2957 expromi-

329 2987 385 3022 mus
412 2988 443 3023 ex
463 2971 662 3025 interiectione:
683 2986 731 3027 aut
749 2976 820 3028 enim

329 3056 462 3113 dolemus.
480 3069 511 3110 ut
529 3069 594 3129 puta
612 3059 681 3118 beu,
705 3061 768 3120 bei,
785 3083 820 3121 o,

327 3163 397 3203 eeu.
415 3163 461 3196 ve:
486 3156 534 3200 aut
551 3147 678 3200 laetamur
700 3169 749 3201 vu:
771 3162 820 3204 aut

328 3234 505 3293 admiramur,
521 3246 552 3288 ut
574 3247 640 3306 puta
665 3241 729 3292 habe
742 3219 818 3310 spa·

324 3341 377 3390 pet
405 3333 452 3374 aut
483 3319 666 3382 bacchamur,
698 3338 729 3380 ut
754 3341 819 3398 puta

330 3409 424 3461 euhoe..
450 3409 492 3460 Sic
510 3419 537 3462 ct
556 3422 661 3470 cetera.
680 3432 821 3482 quaecum

329 3496 443 3549 motione
463 3496 545 3548 animi
570 3498 733 3568 suspirantes
756 3520 819 3572 pro·

326 3595 454 3641 muntur.
478 3585 512 3636 ad
539 3585 746 3641 interiectionem
764 3609 820 3660 per·

329 3670 414 3724 tinere
432 3671 587 3742 probantur.
609 3674 676 3726 Saue
693 3689 756 3730 suut
776 3677 817 3730 in-

328 3758 517 3815 reflectiones,
546 3776 615 3827 quae
650 3774 678 3814 ct
707 3763 817 3818 aliarum

344 3845 462 3916 partium
474 3847 727 3906 orationishabeaut
741 3852 821 3921 sigui·

330 3933 488 3989 fluctiones.
510 3945 539 3988 ut
558 3947 623 4006 puta

1259 583 1325 664 271

872 695 1046 754 coniunctio,
1070 705 1102 749 ut
1128 705 1193 767 puta
1211 724 1226 738 ·
1255 699 1364 767 quaudo

870 784 921 838 hoc
934 783 985 837 tibi
999 785 1101 854 placet.
1116 785 1214 841 iactum
1224 797 1254 841 tu
1264 800 1363 860 puta·.

872 873 900 925 Si
918 888 979 928 vero
1007 869 1115 941 quaudo
1137 882 1240 944 tompus
1258 876 1363 945 siguifi-

871 969 934 1015 cat,
951 958 1003 1014 erit
1020 958 1194 1018 adverbium,
1218 970 1250 1013 ut
1266 972 1333 1032 puta
1348 992 1363 1004 ·

871 1048 980 1118 quaudo
997 1048 1050 1103 erit
1067 1049 1119 1102 ista
1141 1066 1183 1103 res
1207 1046 1279 1104 finti

999 1223 1039 1280 ιδ.
1060 1241 1231 1295 quanquam.

906 1398 935 1453 Si
948 1417 1001 1453 uou
1016 1401 1051 1454 ad
1061 1400 1243 1457 accusativum
1251 1419 1362 1476 respou-

872 1488 951 1547 deat.
975 1489 1028 1545 erit
1057 1489 1231 1549 coniunctio.
1260 1501 1292 1546 ut
1310 1511 1363 1564 pu-

870 1584 899 1627 ta
917 1603 933 1618 -
951 1593 1111 1648 quamquam
1129 1588 1218 1650 patres
1239 1579 1357 1634 couscri-

870 1660 912 1732 pti
920 1689 949 1711 ··
960 1663 987 1714 Si
999 1680 1060 1718 vero
1069 1684 1235 1739 quamquam
1242 1665 1276 1719 ad
1287 1683 1363 1719 accu-

869 1753 985 1809 sativum
1003 1771 1092 1810 casum
1110 1757 1286 1828 respondeat.
1311 1757 1365 1810 erit

869 1862 1027 1916 pronomen.
1047 1856 1078 1898 ut
1096 1846 1258 1917 puta-baur
1271 1865 1363 1919 quam·

870 1950 952 2003 quam
968 1961 1002 1986 -.

903 2021 943 2073 Do
956 2021 1143 2076 coniunctione
1153 2059 1160 2081 ‚
1179 2034 1310 2094 quantum
1320 2042 1366 2077 ra·

870 2106 908 2162 tio
925 2106 1068 2179 poscebat.
1087 2111 1272 2165 tractavimus.

1078 2545 1104 2582 u.
1122 2545 1187 2582 usu·

907 2617 958 2671 Sed
979 2616 1033 2670 beu
1061 2619 1084 2670 si
1110 2635 1170 2671 cum
1195 2617 1276 2671 animi
1302 2619 1367 2672 affc-

873 2714 918 2756 ctu
950 2703 1098 2777 proferatur
1119 2741 1126 2762 .
1151 2704 1201 2758 boc
1228 2716 1293 2762 est.
1321 2723 1368 2776 per

873 2790 1077 2860 suspirationem
1091 2829 1099 2850 ,
1116 2793 1169 2845 erit
1198 2792 1369 2852 interiectio.

874 2888 905 2932 ut
918 2878 992 2930 -bau
1003 2878 1096 2932 misero
1109 2878 1224 2932 coniunx
1233 2883 1264 2933 -!
1281 2880 1309 2931 si
1322 2896 1369 2934 ve-

873 2987 903 3020 ro
935 2967 986 3019 heu
1014 2967 1171 3038 simpliciter
1196 2966 1368 3037 proseratur.

872 3053 924 3106 erit
942 3053 1098 3106 adverbium
1113 3054 1317 3124 respondentis.
1336 3065 1367 3107 ut

872 3143 945 3194 bers:
966 3142 1007 3196 vel
1027 3142 1176 3199 laudantis.
1201 3152 1231 3196 ut
1252 3141 1306 3193 beu
1321 3141 1368 3205 br·

875 3226 1024 3282 refecisti.

1074 3315 1102 3372 3·
1122 3334 1181 3372 aar·

910 3408 938 3462 Si
956 3425 1014 3461 cum
1033 3411 1114 3463 animi
1137 3412 1232 3465 affectu
1256 3410 1371 3482 prosera-

875 3509 938 3557 tur.
958 3500 1008 3552 hoc
1020 3511 1060 3552 est
1086 3518 1132 3571 per
1144 3501 1349 3571 suspirationem
1363 3537 1370 3558 .

874 3588 927 3642 erit
960 3588 1128 3645 interiectio.
1152 3599 1183 3643 ut
1206 3600 1272 3661 puta
1289 3619 1303 3630 ·
1324 3589 1370 3643 bei

876 3676 943 3728 mihi
961 3687 1092 3745 quantum
1112 3687 1230 3732 mutatus
1257 3677 1292 3731 ab
1324 3677 1370 3734 iilo

875 3765 1008 3823 Hectorei
1028 3768 1055 3820 Si
1066 3767 1184 3821 verobei
1203 3771 1371 3840 provocatio·

875 3872 909 3907 us
934 3855 1025 3923 aliqua
1053 3855 1222 3926 proferatur,
1250 3856 1303 3911 erit
1321 3859 1372 3910 ad·

876 3944 995 3998 verbiuur
1029 3945 1204 3999 exclamantb
1240 3955 1270 3997 ιιι
1308 3955 1373 4016 puta

878 4030 943 4085 -bei
961 4032 1052 4090 mihi.
1070 4043 1145 4104 pater
1162 4049 1218 4086 usse
1237 4031 1312 4091 disce
1337 4029 1371 4083 ab
