3382 5206
688 591 734 636 nri
761 587 986 636 pronomine.

327 692 447 745 besuam·
463 690 572 747 Generis
584 689 704 744 seminini
716 728 724 749 .
735 708 823 742 nurne-

327 782 349 833 ri
362 781 524 849 singularia.
543 797 672 849 quaenam
692 814 699 835 .
728 779 819 830 cuiue-

327 885 406 923 nam.
425 868 530 918 cuinam
543 903 550 923 ‚
568 883 708 934 quamnam
721 901 728 921 ,
741 883 820 933 quae·

327 975 386 1008 uum
397 992 404 1012 ,
417 974 433 1007 a
446 974 571 1026 quanam.
584 954 690 1006 Numeri
700 954 821 1023 pluralis.

329 1063 480 1114 quaenam,
499 1062 689 1113 quarumnam,
709 1040 822 1110 quibus-

327 1151 403 1186 nam.
416 1150 544 1201 quasnam
556 1148 717 1200 ‚quaenam
729 1148 744 1180 a
759 1131 822 1197 qni-

328 1217 449 1270 busuam·
474 1218 583 1272 Generis
597 1218 702 1274 neutri.
721 1216 821 1268 numeri

329 1304 470 1371 singularis
480 1342 487 1361 ‚
501 1305 635 1375 quodnam
645 1341 652 1361 ,
670 1304 805 1356 cuiusnam
815 1339 822 1360 ‚

329 1408 453 1447 curnam.
482 1392 616 1461 quoduam
632 1429 639 1448 ,
664 1376 821 1462 quodnam·

330 1493 478 1546 aquonam.
491 1480 599 1532 Numeri
612 1479 730 1551 pluralis,
744 1496 821 1548 quae·

329 1584 408 1622 uam,
431 1584 605 1636 quorumnam
619 1603 627 1623 ‚
644 1567 822 1637 quibusnam.

330 1672 470 1723 quaenam,
483 1674 623 1724 quaenam,
633 1677 648 1708 a
656 1656 823 1726 quibusnam.

365 1742 503 1813 Quispiam
515 1762 656 1813 pronomen
672 1743 824 1801 infinitum,

329 1829 429 1893 generis
440 1830 577 1882 masculini
590 1868 597 1888 .
608 1834 704 1897 ligurac
723 1850 825 1901 compo·

331 1913 408 1969 sitae.
419 1917 521 1968 numeri
529 1917 678 1983 singularis.
692 1936 767 1969 casus
781 1939 826 1970 no·

331 2001 472 2061 minutim,
491 2016 519 2058 et
541 2005 690 2057 declinatur
704 2024 749 2075 per
768 2007 824 2057 ein·

332 2090 392 2155 gula
409 2110 518 2158 genera,
533 2093 699 2164 salvaspecie
712 2112 777 2150 aaa,
792 2092 825 2144 arl

331 2180 477 2249 encmplum
504 2183 648 2234 cuiusnam.

368 2268 472 2337 Aliquis
498 2290 640 2340 pronomen
674 2271 825 2329 inlinitum.

334 2356 433 2419 gean-is
448 2358 600 2414 masculini,
616 2362 713 2422 liparae
727 2378 825 2430 cumpo·

334 2453 411 2496 sitae.
424 2447 522 2495 nnmcri
534 2444 675 2511 »iugulatis
683 2481 690 2502 ‚
699 2464 775 2498 casus
785 2467 826 2499 no·

336 2530 474 2587 rui-rami,
497 2533 569 2601 quod
587 2534 762 2586 declinabitur
781 2537 827 2588 sic.

336 2620 445 2671 Nurrieri
462 2621 603 2687 singularis
620 2662 626 2680 .
641 2625 757 2695 aliquis,
777 2627 827 2678 ali-

337 2709 415 2760 enius
426 2747 431 2765 ,
443 2711 542 2767 alieni,
561 2713 674 2781 aliquem
687 2750 693 2767 .
711 2715 808 2781 aliquis
820 2749 827 2767 .

336 2795 371 2845 ab
386 2797 483 2865 aliquo·
498 2800 606 2850 bunion
625 2801 734 2870 pluralis
752 2836 758 2856 ‚
783 2801 829 2852 ali·

334 2888 382 2956 qui
399 2924 406 2942 .
428 2889 589 2956 aliquorum,
605 2889 759 2957 aliquibus,
780 2891 830 2940 ali-

335 2992 417 3043 quos.
438 2976 539 3044 aliqui.
560 2977 594 3026 ab
615 2977 757 3045 aliquibus·
783 2984 832 3030 lie-

334 3064 405 3114 nerie
428 3064 566 3119 seminini,
593 3066 694 3116 uulneri
715 3066 832 3128 singula-

336 3151 388 3208 ris,
422 3153 532 3221 aliqua.
562 3152 679 3220 aliqnius
702 3189 708 3208 .
732 3153 832 3210 alicui,

335 3240 466 3308 aliquam,
481 3243 586 3310 aliqua,
608 3242 641 3293 ab
659 3243 757 3311 aliqua.
781 3247 833 3294 bn-

336 3329 400 3378 mcri
417 3329 543 3398 pluralis,
565 3329 670 3398 aliquae
692 3365 698 3384 .
727 3330 834 3396 aliqua-

336 3435 420 3474 rum.
451 3418 585 3487 aliquibus
611 3455 617 3474 .
644 3420 764 3489 aliquam,
784 3422 833 3470 aii-

335 3522 435 3572 quae.
477 3505 511 3557 ab
546 3506 689 3576 aliquibus·
724 3509 832 3559 nonoris

336 3598 440 3653 uentri,
461 3597 562 3649 nnnaeri
585 3598 724 3662 singularis
746 3634 752 3653 .
782 3600 826 3649 ali·

335 3685 433 3754 quorl.
464 3688 607 3754 aliquius.
636 3688 716 3738 alicui
741 3723 748 3742 .
781 3691 830 3739 ali·

335 3776 408 3845 qumi
427 3813 435 3835 ,
465 3777 499 3828 ab
522 3780 622 3847 aliquo.
642 3780 749 3829 Numeri
778 3783 833 3850 plu·

335 3868 397 3920 ralis
410 3904 416 3924 ,
427 3868 536 3936 aliqua,
554 3871 702 3938 aliquorum
714 3910 721 3928 ‚
738 3872 833 3939 aliqui·

336 3952 395 4012 bas.
407 3954 496 4024 aliqua
509 3992 515 4011 ,
526 3956 630 4025 aliqua,
642 3957 675 4008 ab
687 3958 828 4027 aliquibus·

410 4077 448 4141 (r)
468 4079 523 4124 eorl.
542 4093 554 4119 e
572 4079 760 4137 qairrlr‘rcamqnc.

1273 562 1342 660 ²57

914 691 1013 760 bequis
1041 708 1184 761 pronomen
1212 688 1373 742 infinitum·

882 779 982 848 generis
994 778 1148 830 masculini.
1162 779 1258 843 figurae
1273 791 1374 844 cumpo·

882 865 957 919 sirac.
968 864 1068 916 numeri
1077 862 1229 929 singularis,
1239 879 1317 914 casus
1329 878 1374 913 un·
1400 871 1408 882 “

881 952 1003 1005 minativi
1023 962 1051 1003 et
1068 949 1244 1003 declinabitur
1257 965 1303 1020 per
1318 948 1373 1001 rin·

882 1045 942 1111 gula
955 1062 1062 1111 genera.
1078 1042 1150 1095 salva
1161 1040 1247 1111 speeie
1261 1056 1323 1094 eur.
1339 1038 1376 1090 erl

881 1132 1025 1201 exemplum
1043 1128 1164 1182 alicuius.

915 1220 1004 1288 Siquis
1016 1233 1157 1289 pronomen
1169 1212 1304 1268 infinitum
1315 1248 1323 1270 ,
1334 1229 1376 1280 ge·

880 1309 949 1362 neris
967 1306 1119 1363 masculini,
1132 1308 1230 1372 egum
1244 1299 1376 1372 composi-

881 1407 937 1451 tae.
950 1395 1052 1446 numeri
1062 1391 1203 1459 singularis
1213 1427 1222 1456 ,
1241 1407 1316 1442 carm
1326 1406 1377 1442 no-

881 1481 1003 1534 minatici
1020 1517 1028 1537 ‚
1050 1492 1078 1533 et
1096 1481 1244 1533 declinatur
1259 1493 1304 1546 per
1317 1474 1375 1527 sin·

882 1571 941 1635 gula
955 1587 1063 1635 genera,
1075 1569 1147 1620 calva
1160 1565 1247 1636 specie
1260 1580 1325 1620 sua,
1340 1560 1375 1614 ad

882 1660 1028 1729 exemplum
1045 1656 1164 1708 alicuius.

919 1746 1011 1815 Qualis
1022 1762 1162 1815 pronomen
1174 1739 1322 1796 inlinitum.
1338 1755 1378 1806 ge·

884 1837 954 1890 neris
968 1836 1129 1890 communia,
1145 1835 1243 1899 ligatae
1255 1826 1379 1900 composi·

884 1938 945 1982 tae.
960 1925 1061 1975 nurneri
1072 1918 1229 1987 singularis,
1240 1933 1316 1969 casus
1329 1934 1380 1968 no-

884 2016 1008 2070 minativi
1022 2051 1030 2071 ‚
1049 2011 1184 2082 gernetiri.
1204 2007 1320 2063 vocativi
1332 2016 1377 2065 ,et

884 2105 1027 2159 accusativi
1039 2101 1163 2173 pluralis,
1173 2097 1247 2170 quod
1265 2095 1379 2149 declina-

884 2191 1014 2246 bitursic·
1025 2191 1134 2243 Numeri
1147 2184 1303 2253 singularis,
1317 2198 1381 2250 que·

885 2280 936 2335 lis.
955 2278 1057 2348 qualis.
1074 2275 1165 2345 quali,
1183 2271 1301 2342 qualem,
1318 2286 1381 2339 qua·

885 2369 935 2424 lie,
964 2386 978 2418 n
1000 2367 1078 2435 quale
1101 2376 1160 2418 cta
1184 2361 1268 2431 quali.
1288 2361 1381 2413 Nume'·

885 2455 908 2505 ri
930 2454 1039 2522 pluralis
1059 2488 1065 2509 ‚
1093 2452 1184 2521 qrialm
1204 2485 1211 2506 ,
1238 2448 1383 2517 qualium.

885 2541 1024 2611 qualibus,
1039 2539 1129 2608 quales
1145 2548 1173 2589 ct
1188 2536 1276 2605 qualis
1289 2571 1295 2591 .
1315 2552 1380 2603 qua·

885 2635 938 2686 les.
952 2650 968 2682 a
984 2630 1115 2699 qualibus·
1137 2626 1246 2679 Generis
1270 2624 1358 2677 uentri
1374 2660 1381 2679 .

888 2722 988 2774 numeri
1005 2721 1166 2783 singularis.
1186 2716 1282 2786 quale.
1309 2733 1382 2783 qna·

889 2811 939 2866 ris,
957 2808 1152 2876 qual1.qoale‚
1168 2805 1264 2873 quale,
1282 2822 1297 2853 a
1315 2820 1383 2871 qua-

889 2898 914 2949 le
930 2906 958 2949 et
976 2913 991 2948 a
1011 2897 1092 2964 quali·
1121 2893 1228 2946 Numeri
1257 2892 1385 2962 pluralis.

890 2988 980 3055 qualia
1007 3022 1013 3041 .
1048 2985 1167 3052 qrralinru
1193 3019 1201 3039 ,
1230 2981 1354 3050 qualibus
1381 3018 1388 3037 .

892 3075 982 3143 qualia
994 3109 1001 3128 .
1020 3071 1110 3140 qualia
1123 3106 1129 3126 ,
1149 3089 1164 3119 a
1177 3070 1313 3137 qualibus.

926 3164 1133 3229 Qualiscumque
1162 3142 1303 3227 pronomen
1327 3156 1389 3207 infi-

893 3251 991 3303 nirnm,
1002 3248 1104 3310 generis
1118 3245 1277 3301 communis,
1292 3245 1402 3311 figurae

893 3337 1059 3405 compositae.
1075 3336 1174 3385 numeri
1185 3331 1338 3399 singularia,
1352 3348 1392 3382 ca·

893 3447 937 3480 sua
948 3426 1114 3478 nominativi.
1129 3422 1255 3489 genetivi.
1264 3420 1391 3475 vocativi.

893 3529 920 3568 et
936 3514 1080 3567 accusativi
1095 3512 1222 3583 pluralis,
1236 3510 1309 3580 quod
1316 3509 1395 3561 decli·

895 3605 965 3654 bitur
976 3604 1023 3654 sic·
1035 3600 1142 3653 numeri
1167 3597 1324 3665 singularis.
1343 3615 1392 3650 ue-

894 3690 1101 3759 qualiseumqoe,
1111 3689 1319 3758 ‹proliacumque
1331 3702 1397 3754 quu-

895 3780 1041 3847 licumque,
1051 3782 1265 3847 qualemcumque
1274 3813 1281 3835 .
1291 3776 1395 3846 qualis-

867 3914 870 3921 .
894 3885 1021 3936 cruraque,
1039 3887 1053 3918 a
1067 3867 1255 3936 qualicumque
1265 3875 1294 3918 et
1303 3864 1395 3933 quale·

893 3975 1013 4025 cumque.
1025 3957 1064 4026 (r)
1074 3956 1181 4008 berneri
1193 3953 1301 4026 pluralis
1311 3992 1316 4010 .
1328 3971 1396 4023 qua-
