3382 5206
598 743 827 796 srt=¹·¹tr1ca
854 748 897 794 cr
923 746 1083 794 neantes.
1276 728 1336 814 ⁵7¹

335 852 437 922 bitur.
457 853 504 917 M.
530 851 631 919 Tha·
671 884 676 925 t
713 844 780 916 :eut
810 844 864 910 du'·
884 848 911 897 ἢ
943 847 1020 911 llll·
1049 864 1230 934 'turp-scum
1255 845 1364 912 curri-

335 955 407 1021 cula
433 955 614 1047 gubernata
719 955 775 1020 “sis
796 952 945 1015 dai-unu.
968 966 999 1015 Δ.
1024 952 1074 1016 t-'n
1092 950 1120 1013 lc
1137 950 1199 1018 boc
1224 947 1361 1021 everrit?

333 1062 378 1126 M.
401 1064 484 1148 Quia
515 1060 625 1127 ultima
669 1062 776 1125 witur
795 1076 827 1126 ct
849 1054 1105 1147 :nstcpenul¹³····'
1130 1073 1310 1146 gravatur,
1330 1073 1363 1120 ut

334 1167 777 1255 populantes,marmanios,
801 1165 1035 1257 glonterantes›
1060 1179 1287 1246 numerantes,
1311 1186 1363 1226 ve·
1455 1206 1458 1213 -

335 1294 504 1342 nerantess
533 1290 565 1340 et
596 1278 703 1341 omnia
736 1270 976 1364 propemodum
1006 1271 1106 1336 rerba
1132 1273 1258 1359 primae
1282 1266 1362 1335 cori-

334 1378 507 1471 iugationis
534 1383 669 1470 quaein
687 1380 856 1447 tribracho
876 1378 1111 1468 congessimus,
1126 1400 1202 1442 cum
1221 1373 1263 1439 ad
1282 1397 1360 1462 par·

334 1490 520 1576 ticipiorum
544 1487 793 1577 significationes
815 1484 1021 1553 derivantur,
1046 1484 1145 1549 ionici
1166 1483 1301 1549 minoris
1317 1478 1363 1545 le-

335 1594 430 1683 gibus
458 1592 654 1659 subduntur.

685 1804 732 1871 De
752 1805 858 1869 ionico
882 1802 1008 1870 maiori.

379 2025 413 2077 Δ.
433 2016 480 2079 Da
497 2012 623 2103 regulas
637 2014 743 2080 misico
762 2015 882 2080 minori
898 2015 959 2080 rite
974 2028 1196 2100 congruentes.
1215 2009 1261 2076 M.
1279 2007 1360 2076 Cle-

333 2122 478 2190 mentia,
501 2122 679 2187 serstentias
702 2118 911 2186 eoncordia,
942 2117 1132 2198 discordia,
1160 2114 1334 2204 prudentia
1352 2163 1362 2195 ,

333 2226 514 2309 vecordia,
546 2232 724 2312 vaesania,
755 2226 938 2309 dementia,
966 2223 1168 2291 Germanias
1198 2223 1359 2290 Saxonis,

334 2334 520 2399 contentio,
541 2334 734 2401 conventio,
755 2333 926 2423 possessio,
942 2329 1119 2400 consessio,
1139 2329 1290 2395 insania»
1311 2330 1362 2394 in-

333 2435 455 2518 famia,
485 2436 669 2520 confectio,
697 2435 855 2519 desectio,
883 2432 1044 2502 resectio,
1077 2432 1267 2522 protectio,
1294 2432 1362 2496 rir-

334 2542 499 2629 guuculas
527 2541 717 2609 fornacula,
743 2539 931 2607 cunabula,
952 2534 1179 2630 paupercula,
1204 2555 1360 2604 materte-

334 2673 393 2715 ra,
419 2646 622 2714 matercula,
647 2646 847 2715 maiuscula,
873 2643 1062 2726 corticula,
1085 2641 1283 2731 vulpecula,
1306 2669 1363 2710 ve-

333 2752 492 2840 presule,
517 2753 705 2837 nubecula,
723 2750 927 2833 mercedula,
941 2749 1092 2816 ficedula.
1116 2752 1154 2815 ln
1175 2749 1226 2814 his
1245 2752 1295 2817 ·V·
1309 2774 1361 2816 no·

333 2862 475 2928 minibus
500 2887 536 2924 .e.
558 2859 776 2948 producitur,
803 2877 835 2924 ut
858 2859 1042 2924 Priscianus
1063 2857 1150 2923 libro
1175 2858 1244 2922 ·lll·
1269 2880 1362 2921 com·

333 2966 550 3030 meutabatur.
574 2965 619 3030 Es
641 2965 691 3030 liis
714 2966 841 3052 primae
865 2961 1093 3030 declinationis
1119 2964 1250 3027 uomina
1274 2962 1360 3050 trip-

333 3091 397 3139 tota
419 3092 494 3137 sunt
519 3073 551 3137 in
573 3071 754 3162 singulari,
777 3088 947 3158 tetraptota
967 3071 1001 3135 in
1026 3067 1156 3158 plurali.
1182 3071 1272 3154 Quae
1301 3095 1360 3132 au·

332 3196 398 3244 tem
422 3177 462 3242 de
493 3178 584 3244 tertia
613 3175 834 3244 declinatione
865 3176 906 3240 ad
931 3174 1075 3265 regulam
1105 3177 1201 3241 ionici
1229 3175 1354 3240 maiori«

331 3282 573 3372 decerpsimus,
599 3285 632 3348 in
654 3282 810 3372 singulari
837 3306 972 3349 numero
994 3298 1182 3372 pentaptota
1202 3298 1302 3362 sunt,
1328 3285 1347 3344 i·

329 3388 448 3477 plurali
473 3391 614 3477 triptota.
636 3391 718 3452 Item
746 3388 925 3452 masculina
955 3386 1005 3453 rel
1035 3389 1219 3454 communia
1241 3389 1353 3476 tripto-

331 3511 360 3557 ta
391 3511 531 3584 utroque
555 3518 716 3577 usimero,
740 3511 774 3558 ut
804 3493 990 3576 mirabilis,
1012 3491 1217 3558 laudabilis,
1242 3476 1344 3559 allabi

329 3597 387 3664 lis,
412 3598 559 3664 elsabilis.
578 3597 742 3687 Vergilius
757 3623 875 3664 -uec
902 3600 968 3662 visu
988 3597 1090 3665 facilis
1108 3623 1166 3664 uec
1191 3597 1280 3664 dictu
1309 3596 1357 3663 el-

327 3702 435 3769 labilis
448 3741 459 3771 ι
471 3737 517 3755 -·
529 3703 735 3792 spectabilis,
755 3703 939 3794 triplabilis.
956 3702 1162 3771 Sedulius-
1175 3703 1264 3793 quod
1278 3704 1357 3768 sim·

326 3808 399 3896 ples
427 3808 598 3897 triplicet»
627 3809 780 3900 quodque
809 3829 854 3875 est
874 3808 1043 3900 triplabile
1062 3808 1200 3898 simplex
1214 3830 1226 3887 ς
1239 3845 1285 3859 -
1298 3833 1354 3874 ra-

327 3912 511 3994 musculus,
535 3913 741 3978 rumusculus
763 3915 851 4005 quod
874 3934 921 3982 est
938 3915 1078 3981 rumoris
1103 3914 1356 3980 diminutivum,

326 4016 545 4100 fraterculus,
568 4016 772 4095 laterculus;
802 4043 876 4085 uam
905 4017 1092 4108 paterculus
1120 4042 1224 4109 paeon
1247 4040 1357 4084 securi·-

326 4121 385 4187 dus
400 4144 467 4189 esse
487 4121 694 4189 dinoscitur,
712 4121 928 4191 maiuscula,
949 4119 1220 4213 complusculus,
1238 4118 1349 4188 latrun

325 4223 448 4310 culus,
477 4223 672 4293 luruucluss
695 4224 945 4311 carbunculus,
967 4224 1196 4297 lenunculus,
1219 4225 1361 4292 authen—
