3382 5206
719 595 760 639 oo
788 595 978 645 emrtcrrro.
1285 581 1362 673 83,

339 705 424 778 sint.
444 702 643 802 Participia
663 720 787 777 autem
811 704 895 781 talia
915 723 1033 784 aunt:
1060 709 1213 784 studens
1236 767 1248 799 ,
1273 739 1358 788 nam
1432 700 1434 708 ¹

338 823 573 924 participium
592 821 657 896 hic·
673 823 843 922 temporis
867 825 983 899 luturi
1002 853 1023 898 a
1042 826 1227 927 plerisque
1252 855 1358 929 nega-

337 962 400 1018 tur
417 928 545 1018 haberi
556 999 566 1033 ,
579 960 622 1016 ut
641 943 849 1019 studiturus
870 972 946 1018 non
967 945 1132 1042 dicatur3
1145 948 1243 1048 quod
1258 949 1357 1047 igun-

336 1094 379 1138 ro
399 1091 509 1166 quam
526 1065 624 1139 bene
635 1080 811 1171 putetur:
831 1064 902 1138 nisi
914 1066 1008 1140 forte
1022 1094 1107 1141 cum
1117 1068 1357 1166 praeteritum

278 1192 281 1197 ’
335 1204 479 1285 tempus
498 1184 696 1259 indicativo
716 1184 824 1257 modo
844 1183 945 1258 verbi
963 1185 1075 1261 lruina
1095 1215 1171 1261 non
1185 1189 1353 1269 accidere

336 1304 509 1378 credatur
530 1333 541 1399 ;
560 1303 660 1405 quod
679 1303 828 1403 ponitus
849 1330 925 1376 non
948 1305 1119 1379 convenit
1143 1362 1153 1396 ,
1173 1306 1260 1407 quia
1280 1336 1354 1390 sae-

334 1454 379 1524 pe
391 1423 543 1521 legimus
556 1422 693 1496 studui.
703 1419 769 1495 Est
781 1423 891 1496 etiam
904 1423 1002 1498 aliud
1016 1424 1249 1523 participium
1265 1444 1353 1511 tam-

335 1543 432 1643 poris
444 1541 583 1630 futuri,
602 1539 702 1642 quod
715 1540 943 1616 solummodo
957 1543 1089 1616 ceteris
1104 1543 1280 1619 abdicatis
1299 1545 1353 1621 in·

334 1664 453 1739 veniri
471 1691 574 1762 posse
588 1662 801 1736 aestimatur
813 1717 823 1751 ‚
836 1680 879 1737 ut
891 1663 1098 1761 urgendus,
1111 1664 1271 1766 quasiab
1283 1695 1351 1743 ur·

334 1812 433 1881 gens·
444 1782 515 1880 legi
535 1808 611 1855 non
630 1780 768 1880 possit3
789 1781 889 1883 quod
917 1810 1027 1882 quam
1053 1785 1349 1884 frequentissime

332 1904 511 2001 legimus,
530 1919 567 1976 et
588 1902 756 2001 exemplis
777 1930 853 1975 non
875 1901 1026 1999 indiget.
1040 1902 1103 1977 Sic
1125 1905 1350 2004 etiamurgi·

335 2034 459 2111 turus,
480 2041 517 2097 et
536 2022 846 2120 urgitus.llicunt
867 2023 976 2097 etiarn
996 2024 1094 2124 quod
1117 2043 1268 2125 coeptus
1289 2027 1349 2103 de·

332 2145 505 2219 sectivum
529 2143 762 2243 participium
789 2144 835 2217 sit
856 2174 864 2219 :
893 2144 1142 2244 compellimur
1163 2162 1200 2220 et
1220 2174 1287 2221 noa
1307 2147 1345 2223 iu

330 2267 399 2339 hoc
425 2265 594 2338 assentiri
621 2263 673 2337 eis
696 2320 705 2351 ‚
726 2263 812 2363 quia
836 2263 975 2364 incipio
1001 2267 1169 2339 neutrale
1194 2269 1348 2343 verbnm

330 2404 395 2460 est.
417 2383 459 2458 Si
477 2387 571 2458 forte
591 2383 690 2457 dicas
711 2384 797 2485 quia
818 2385 921 2483 capio
941 2385 1099 2459 activum
1120 2403 1196 2476 est,
1209 2415 1252 2461 ex
1272 2416 1346 2488 quo

331 2523 506 2605 coeptus3
525 2533 602 2579 non
622 2504 673 2577 ita
694 2521 748 2578 est
766 2534 778 2581 :⁴
795 2531 880 2579 nam
900 2533 943 2579 ex
961 2505 1023 2577 illo
1045 2506 1251 2580 secundum
1270 2536 1346 2607 pas·

329 2627 439 2700 sivam
464 2624 767 2724 significationem
793 2651 869 2697 non
891 2640 1041 2722 coeptus
1062 2624 1125 2697 sed
1147 2642 1271 2724 captus
1289 2654 1346 2702 ve·

330 2746 415 2822 nit.

406 2869 460 2941 13.
481 2866 627 2942 Mirans
645 2845 768 2938 autem
788 2861 972 2961 quomodo
991 2861 1120 2960 passivi
1145 2863 1247 2936 verbi
1267 2892 1344 2963 par-

330 2988 496 3087 ticipium
508 3015 528 3060 a
541 2985 700 3060 neutrali
718 2984 829 3055 verbo
849 2982 973 3055 venire
994 2982 1132 3080 possit,
1152 2986 1342 3082 superhoc
1366 3087 1369 3094 Ι

232 3186 234 3190 ,
331 3105 494 3180 Aeneam
521 3106 761 3199 interrogasse
782 3099 956 3188 memini,
976 3117 1013 3172 et
1034 3101 1154 3174 taliter
1172 3101 1262 3176 mihi
1289 3132 1344 3178 re-

329 3226 498 3325 spondit:
517 3226 587 3298 lroc
614 3251 690 3296 non
718 3250 795 3295 esse
822 3220 1082 3321 participium,
1109 3222 1173 3294 sed
1203 3249 1340 3297 nomen

327 3348 547 3422 adiectivum
564 3343 754 3445 participio
775 3341 902 3416 simile.
922 3338 1001 3413 Hoc
1027 3339 1177 3415 Aeneae
1204 3342 1250 3417 de
1269 3343 1340 3417 isto

326 3469 516 3568 participio
537 3466 717 3538 iudicium
737 3462 909 3535 est.Cum
921 3462 1043 3560 itaque
1063 3461 1246 3535 audissem
1258 3491 1342 3538 eum

326 3588 478 3662 definite
513 3588 700 3662 dicentem
731 3581 830 3684 quod
861 3609 881 3652 a
913 3579 1094 3652 defectivis
1129 3579 1246 3653 verbis
1280 3581 1340 3656 de·

326 3709 455 3782 lectiva
485 3705 673 3807 participia
705 3730 846 3800 semper
884 3726 962 3772 esse
993 3697 1189 3786 debeant,
1227 3699 1339 3774 inter-

328 3828 446 3924 rogavi
477 3854 562 3900 eum
591 3825 749 3898 dicens:
779 3818 962 3922 quomodo
997 3845 1079 3913 ergo
1104 3875 1114 3906 ‚
1144 3819 1194 3890 mi
1225 3818 1338 3893 domi·

327 3975 373 4019 nc
398 4006 408 4036 ‚
436 3948 481 4020 ab
509 3946 569 4018 illo
598 3943 741 4028 verbo,
772 3937 871 4040 quod
906 3936 944 4009 in
970 3936 1135 4034 personis
1167 3936 1335 4026 defecit,

327 4066 530 4141 invenimus
561 4061 791 4165 participium
821 4054 955 4141 nasci,
986 4070 1028 4126 ut
1059 4070 1113 4125 est
1145 4055 1281 4130 decens
1315 4085 1336 4128 a

1025 4154 1093 4228 Οὔ
