<?xml version="1.0" encoding="UTF-8"?>
<!DOCTYPE html PUBLIC "-//W3C//DTD XHTML 1.0 Transitional//EN"
    "http://www.w3.org/TR/xhtml1/DTD/xhtml1-transitional.dtd">
<html xmlns="http://www.w3.org/1999/xhtml" xml:lang="en" lang="en">
 <head>
  <title>
</title>
<meta http-equiv="Content-Type" content="text/html;charset=utf-8" />
  <meta name='ocr-system' content='tesseract 3.04.00' />
  <meta name='ocr-capabilities' content='ocr_page ocr_carea ocr_par ocr_line ocrx_word'/>
</head>
<body>
  <div class='ocr_page' id='page_1' title='image "./classicorumauct00vatigoog_0282.png"; bbox 0 0 3382 5206; ppageno 0'>
   <div class='ocr_carea' id='block_1_1' title="bbox 362 583 432 635">
    <p class='ocr_par' dir='ltr' id='par_1_1' title="bbox 362 583 432 635">
     <span class='ocr_line' id='line_1_1' title="bbox 362 583 432 635; baseline 0 -2"><span class='ocrx_word' id='word_1_1' title='bbox 362 583 432 635; x_wconf 79' lang='lat'>220</span> 
     </span>
    </p>
   </div>
   <div class='ocr_carea' id='block_1_2' title="bbox 601 584 1083 643">
    <p class='ocr_par' dir='ltr' id='par_1_2' title="bbox 601 584 1083 643">
     <span class='ocr_line' id='line_1_2' title="bbox 601 584 1083 643; baseline 0.017 -8"><span class='ocrx_word' id='word_1_2' title='bbox 601 584 857 636; x_wconf 67' lang='lat' dir='ltr'>GUMATlClls</span> <span class='ocrx_word' id='word_1_3' title='bbox 883 588 1083 643; x_wconf 67' lang='lat' dir='ltr'>vartonus</span> 
     </span>
    </p>
   </div>
   <div class='ocr_carea' id='block_1_3' title="bbox 337 698 1408 776">
    <p class='ocr_par' dir='ltr' id='par_1_3' title="bbox 337 698 1408 776">
     <span class='ocr_line' id='line_1_3' title="bbox 337 698 1408 776; baseline 0.017 -25"><span class='ocrx_word' id='word_1_4' title='bbox 337 700 401 753; x_wconf 82' lang='lat' dir='ltr'>laria</span> <span class='ocrx_word' id='word_1_5' title='bbox 428 719 492 756; x_wconf 77' lang='lat' dir='ltr'>eus·</span> <span class='ocrx_word' id='word_1_6' title='bbox 518 703 614 758; x_wconf 74' lang='lat' dir='ltr'>litteris</span> <span class='ocrx_word' id='word_1_7' title='bbox 634 706 759 764; x_wconf 77' lang='lat' dir='ltr'>definiri.</span> <span class='ocrx_word' id='word_1_8' title='bbox 784 708 834 762; x_wconf 86' lang='lat' dir='ltr'>hoc</span> <span class='ocrx_word' id='word_1_9' title='bbox 885 698 950 748; x_wconf 54' lang='grc' dir='ltr'>Μή</span> <span class='ocrx_word' id='word_1_10' title='bbox 981 698 1090 768; x_wconf 72' lang='lat' dir='ltr'>P¹1¹¹²¹l⁸</span> <span class='ocrx_word' id='word_1_11' title='bbox 1119 702 1251 760; x_wconf 65' lang='lat' dir='ltr'>‘fficlffllv</span> <span class='ocrx_word' id='word_1_12' title='bbox 1268 715 1299 758; x_wconf 67' lang='lat'>¹¹2</span> <span class='ocrx_word' id='word_1_13' title='bbox 1322 722 1359 776; x_wconf 63' lang='grc' dir='ltr'>Ριι</span> <span class='ocrx_word' id='word_1_14' title='bbox 1386 714 1408 745; x_wconf 53' lang='lat'>⁸</span> 
     </span>
    </p>
   </div>
   <div class='ocr_carea' id='block_1_4' title="bbox 310 794 830 4099">
    <p class='ocr_par' dir='ltr' id='par_1_4' title="bbox 310 794 830 4099">
     <span class='ocr_line' id='line_1_4' title="bbox 334 794 830 862; baseline 0.018 -20"><span class='ocrx_word' id='word_1_15' title='bbox 334 806 489 848; x_wconf 68' lang='lat' dir='ltr'>maumas.</span> <span class='ocrx_word' id='word_1_16' title='bbox 522 794 594 862; x_wconf 89' lang='lat' dir='ltr'>quod</span> <span class='ocrx_word' id='word_1_17' title='bbox 615 814 647 847; x_wconf 79' lang='lat' dir='ltr'>cx</span> <span class='ocrx_word' id='word_1_18' title='bbox 671 814 702 847; x_wconf 88' lang='lat' dir='ltr'>ca</span> <span class='ocrx_word' id='word_1_19' title='bbox 724 816 775 849; x_wconf 88' lang='lat' dir='ltr'>nun</span> <span class='ocrx_word' id='word_1_20' title='bbox 799 815 830 852; x_wconf 82' lang='lat' dir='ltr'>eo</span> 
     </span>
     <span class='ocr_line' id='line_1_5' title="bbox 336 878 828 948; baseline 0.016 -19"><span class='ocrx_word' id='word_1_21' title='bbox 336 878 446 948; x_wconf 75' lang='lat' dir='ltr'>plurimi</span> <span class='ocrx_word' id='word_1_22' title='bbox 474 881 552 936; x_wconf 82' lang='lat' dir='ltr'>soni.</span> <span class='ocrx_word' id='word_1_23' title='bbox 581 881 631 934; x_wconf 87' lang='lat' dir='ltr'>hoc</span> <span class='ocrx_word' id='word_1_24' title='bbox 657 899 688 934; x_wconf 85' lang='lat' dir='ltr'>co</span> <span class='ocrx_word' id='word_1_25' title='bbox 709 893 750 935; x_wconf 81' lang='lat' dir='ltr'>eat</span> <span class='ocrx_word' id='word_1_26' title='bbox 776 903 828 937; x_wconf 90' lang='lat' dir='ltr'>nou</span> 
     </span>
     <span class='ocr_line' id='line_1_6' title="bbox 337 965 829 1038; baseline 0.02 -24"><span class='ocrx_word' id='word_1_27' title='bbox 337 965 451 1034; x_wconf 89' lang='lat' dir='ltr'>plurima</span> <span class='ocrx_word' id='word_1_28' title='bbox 466 967 585 1023; x_wconf 86' lang='lat' dir='ltr'>uomina.</span> <span class='ocrx_word' id='word_1_29' title='bbox 601 969 703 1038; x_wconf 75' lang='lat' dir='ltr'>possint</span> <span class='ocrx_word' id='word_1_30' title='bbox 723 970 829 1024; x_wconf 79' lang='lat' dir='ltr'>exhibe·</span> 
     </span>
     <span class='ocr_line' id='line_1_7' title="bbox 334 1052 828 1123; baseline 0.014 -20"><span class='ocrx_word' id='word_1_31' title='bbox 334 1052 367 1104; x_wconf 84' lang='lat' dir='ltr'>ri.</span> <span class='ocrx_word' id='word_1_32' title='bbox 386 1054 425 1106; x_wconf 84' lang='lat' dir='ltr'>De</span> <span class='ocrx_word' id='word_1_33' title='bbox 452 1054 532 1107; x_wconf 87' lang='lat' dir='ltr'>lurma</span> <span class='ocrx_word' id='word_1_34' title='bbox 556 1056 656 1123; x_wconf 77' lang='lat' dir='ltr'>generis</span> <span class='ocrx_word' id='word_1_35' title='bbox 673 1058 828 1116; x_wconf 85' lang='lat' dir='ltr'>masculini,</span> 
     </span>
     <span class='ocr_line' id='line_1_8' title="bbox 336 1140 828 1209; baseline 0.012 -18"><span class='ocrx_word' id='word_1_36' title='bbox 336 1144 391 1209; x_wconf 87' lang='lat' dir='ltr'>qua</span> <span class='ocrx_word' id='word_1_37' title='bbox 418 1140 535 1196; x_wconf 81' lang='lat' dir='ltr'>ablativo</span> <span class='ocrx_word' id='word_1_38' title='bbox 556 1160 617 1195; x_wconf 82' lang='lat' dir='ltr'>casu</span> <span class='ocrx_word' id='word_1_39' title='bbox 645 1147 746 1196; x_wconf 85' lang='lat' dir='ltr'>numeri</span> <span class='ocrx_word' id='word_1_40' title='bbox 770 1145 828 1197; x_wconf 83' lang='lat' dir='ltr'>sin-</span> 
     </span>
     <span class='ocr_line' id='line_1_9' title="bbox 333 1226 827 1293; baseline 0.006 -15"><span class='ocrx_word' id='word_1_41' title='bbox 333 1226 432 1293; x_wconf 67' lang='lat' dir='ltr'>gularis</span> <span class='ocrx_word' id='word_1_42' title='bbox 446 1230 553 1281; x_wconf 85' lang='lat' dir='ltr'>numina</span> <span class='ocrx_word' id='word_1_43' title='bbox 577 1248 612 1282; x_wconf 88' lang='lat' dir='ltr'>·u·</span> <span class='ocrx_word' id='word_1_44' title='bbox 629 1229 719 1282; x_wconf 85' lang='lat' dir='ltr'>littera</span> <span class='ocrx_word' id='word_1_45' title='bbox 734 1230 827 1283; x_wconf 85' lang='lat' dir='ltr'>termi-</span> 
     </span>
     <span class='ocr_line' id='line_1_10' title="bbox 335 1315 827 1372; baseline 0.006 -8"><span class='ocrx_word' id='word_1_46' title='bbox 335 1325 451 1372; x_wconf 82' lang='lat' dir='ltr'>nantur,</span> <span class='ocrx_word' id='word_1_47' title='bbox 469 1326 496 1368; x_wconf 82' lang='lat' dir='ltr'>et</span> <span class='ocrx_word' id='word_1_48' title='bbox 517 1315 681 1368; x_wconf 80' lang='lat' dir='ltr'>nominativo</span> <span class='ocrx_word' id='word_1_49' title='bbox 702 1333 763 1368; x_wconf 79' lang='lat' dir='ltr'>caru</span> <span class='ocrx_word' id='word_1_50' title='bbox 776 1334 827 1369; x_wconf 91' lang='lat' dir='ltr'>nu·</span> 
     </span>
     <span class='ocr_line' id='line_1_11' title="bbox 334 1403 826 1472; baseline 0.006 -19"><span class='ocrx_word' id='word_1_51' title='bbox 334 1406 400 1454; x_wconf 84' lang='lat' dir='ltr'>meri</span> <span class='ocrx_word' id='word_1_52' title='bbox 418 1403 558 1472; x_wconf 73' lang='lat' dir='ltr'>ringularia</span> <span class='ocrx_word' id='word_1_53' title='bbox 579 1422 645 1456; x_wconf 70' lang='lat' dir='ltr'>eus·</span> <span class='ocrx_word' id='word_1_54' title='bbox 665 1404 763 1457; x_wconf 78' lang='lat' dir='ltr'>litteris</span> <span class='ocrx_word' id='word_1_55' title='bbox 778 1404 826 1456; x_wconf 88' lang='lat' dir='ltr'>‹le-</span> 
     </span>
     <span class='ocr_line' id='line_1_12' title="bbox 330 1490 824 1563; baseline 0.01 -22"><span class='ocrx_word' id='word_1_56' title='bbox 330 1490 476 1551; x_wconf 85' lang='lat' dir='ltr'>liniuntur,</span> <span class='ocrx_word' id='word_1_57' title='bbox 498 1502 627 1562; x_wconf 86' lang='lat' dir='ltr'>quantum</span> <span class='ocrx_word' id='word_1_58' title='bbox 643 1491 713 1543; x_wconf 88' lang='lat' dir='ltr'>ratio</span> <span class='ocrx_word' id='word_1_59' title='bbox 733 1507 824 1563; x_wconf 80' lang='lat' dir='ltr'>posce-</span> 
     </span>
     <span class='ocr_line' id='line_1_13' title="bbox 330 1574 596 1633; baseline 0.03 -8"><span class='ocrx_word' id='word_1_60' title='bbox 330 1574 394 1633; x_wconf 84' lang='lat' dir='ltr'>bat.</span> <span class='ocrx_word' id='word_1_61' title='bbox 414 1579 596 1633; x_wconf 77' lang='lat' dir='ltr'>tractavimus.</span> 
     </span>
     <span class='ocr_line' id='line_1_14' title="bbox 485 1665 732 1730; baseline 0.012 -14"><span class='ocrx_word' id='word_1_62' title='bbox 485 1665 528 1730; x_wconf 66' lang='grc'>44.</span> <span class='ocrx_word' id='word_1_63' title='bbox 549 1682 584 1718; x_wconf 76' lang='lat' dir='ltr'>ua</span> <span class='ocrx_word' id='word_1_64' title='bbox 606 1680 670 1718; x_wconf 75' lang='lat' dir='ltr'>una·</span> <span class='ocrx_word' id='word_1_65' title='bbox 731 1674 732 1679; x_wconf 78' lang='grc'>’</span> 
     </span>
     <span class='ocr_line' id='line_1_15' title="bbox 365 1753 825 1825; baseline 0 -21"><span class='ocrx_word' id='word_1_66' title='bbox 365 1753 553 1825; x_wconf 83' lang='lat' dir='ltr'>Quaecumque</span> <span class='ocrx_word' id='word_1_67' title='bbox 584 1755 689 1807; x_wconf 87' lang='lat' dir='ltr'>nomina</span> <span class='ocrx_word' id='word_1_68' title='bbox 722 1753 825 1820; x_wconf 77' lang='lat' dir='ltr'>generis</span> 
     </span>
     <span class='ocr_line' id='line_1_16' title="bbox 330 1841 822 1896; baseline 0.002 -5"><span class='ocrx_word' id='word_1_69' title='bbox 330 1841 469 1894; x_wconf 72' lang='lat' dir='ltr'>masculini</span> <span class='ocrx_word' id='word_1_70' title='bbox 490 1841 608 1896; x_wconf 81' lang='lat' dir='ltr'>ablativo</span> <span class='ocrx_word' id='word_1_71' title='bbox 631 1859 693 1894; x_wconf 84' lang='lat' dir='ltr'>casu</span> <span class='ocrx_word' id='word_1_72' title='bbox 721 1841 822 1893; x_wconf 83' lang='lat' dir='ltr'>numeri</span> 
     </span>
     <span class='ocr_line' id='line_1_17' title="bbox 337 1931 823 1998; baseline 0.002 -13"><span class='ocrx_word' id='word_1_73' title='bbox 337 1931 478 1998; x_wconf 71' lang='lat' dir='ltr'>singularis</span> <span class='ocrx_word' id='word_1_74' title='bbox 499 1954 535 1988; x_wconf 89' lang='lat' dir='ltr'>·u·</span> <span class='ocrx_word' id='word_1_75' title='bbox 564 1932 653 1985; x_wconf 85' lang='lat' dir='ltr'>littera</span> <span class='ocrx_word' id='word_1_76' title='bbox 676 1933 823 1986; x_wconf 84' lang='lat' dir='ltr'>terminan-</span> 
     </span>
     <span class='ocr_line' id='line_1_18' title="bbox 329 2021 822 2083; baseline 0.002 -9"><span class='ocrx_word' id='word_1_77' title='bbox 329 2031 394 2083; x_wconf 84' lang='lat' dir='ltr'>tur,</span> <span class='ocrx_word' id='word_1_78' title='bbox 410 2030 437 2074; x_wconf 86' lang='lat' dir='ltr'>et</span> <span class='ocrx_word' id='word_1_79' title='bbox 460 2021 625 2076; x_wconf 83' lang='lat' dir='ltr'>nominativo</span> <span class='ocrx_word' id='word_1_80' title='bbox 643 2038 705 2074; x_wconf 75' lang='lat' dir='ltr'>casn</span> <span class='ocrx_word' id='word_1_81' title='bbox 721 2023 822 2075; x_wconf 86' lang='lat' dir='ltr'>numeri</span> 
     </span>
     <span class='ocr_line' id='line_1_19' title="bbox 326 2108 822 2180; baseline 0.004 -19"><span class='ocrx_word' id='word_1_82' title='bbox 326 2108 471 2177; x_wconf 69' lang='lat' dir='ltr'>singularia</span> <span class='ocrx_word' id='word_1_83' title='bbox 491 2110 553 2163; x_wconf 80' lang='lat' dir='ltr'>·iur·</span> <span class='ocrx_word' id='word_1_84' title='bbox 576 2110 676 2180; x_wconf 67' lang='lat' dir='ltr'>syllaba</span> <span class='ocrx_word' id='word_1_85' title='bbox 695 2110 822 2165; x_wconf 82' lang='lat' dir='ltr'>deliniun-</span> 
     </span>
     <span class='ocr_line' id='line_1_20' title="bbox 328 2198 819 2269; baseline 0.006 -21"><span class='ocrx_word' id='word_1_86' title='bbox 328 2207 390 2254; x_wconf 88' lang='lat' dir='ltr'>tur,</span> <span class='ocrx_word' id='word_1_87' title='bbox 413 2210 442 2250; x_wconf 84' lang='lat' dir='ltr'>ut</span> <span class='ocrx_word' id='word_1_88' title='bbox 463 2209 528 2269; x_wconf 85' lang='lat' dir='ltr'>puta</span> <span class='ocrx_word' id='word_1_89' title='bbox 541 2198 575 2250; x_wconf 91' lang='lat' dir='ltr'>ab</span> <span class='ocrx_word' id='word_1_90' title='bbox 593 2200 643 2252; x_wconf 86' lang='lat' dir='ltr'>hoc</span> <span class='ocrx_word' id='word_1_91' title='bbox 665 2202 751 2254; x_wconf 85' lang='lat' dir='ltr'>Gaio.</span> <span class='ocrx_word' id='word_1_92' title='bbox 775 2201 819 2252; x_wconf 78' lang='lat' dir='ltr'>laic</span> 
     </span>
     <span class='ocr_line' id='line_1_21' title="bbox 329 2283 821 2358; baseline 0.006 -22"><span class='ocrx_word' id='word_1_93' title='bbox 329 2283 416 2336; x_wconf 78' lang='lat' dir='ltr'>Gaius</span> <span class='ocrx_word' id='word_1_94' title='bbox 429 2322 435 2341; x_wconf 83' lang='lat'><em>.</em></span> <span class='ocrx_word' id='word_1_95' title='bbox 450 2285 515 2337; x_wconf 86' lang='lat' dir='ltr'>haec</span> <span class='ocrx_word' id='word_1_96' title='bbox 526 2286 559 2337; x_wconf 87' lang='lat' dir='ltr'>ad</span> <span class='ocrx_word' id='word_1_97' title='bbox 569 2286 618 2340; x_wconf 81' lang='lat' dir='ltr'>lauc</span> <span class='ocrx_word' id='word_1_98' title='bbox 626 2289 768 2358; x_wconf 79' lang='lat' dir='ltr'>exemplum</span> <span class='ocrx_word' id='word_1_99' title='bbox 781 2288 821 2339; x_wconf 78' lang='lat' dir='ltr'>de</span> 
     </span>
     <span class='ocr_line' id='line_1_22' title="bbox 326 2368 820 2439; baseline 0.014 -20"><span class='ocrx_word' id='word_1_100' title='bbox 326 2368 469 2422; x_wconf 79' lang='lat' dir='ltr'>clinautur·</span> <span class='ocrx_word' id='word_1_101' title='bbox 490 2372 596 2424; x_wconf 86' lang='lat' dir='ltr'>Numeri</span> <span class='ocrx_word' id='word_1_102' title='bbox 610 2375 749 2439; x_wconf 70' lang='lat' dir='ltr'>singularis</span> <span class='ocrx_word' id='word_1_103' title='bbox 761 2373 820 2431; x_wconf 89' lang='lat' dir='ltr'>‚hic</span> 
     </span>
     <span class='ocr_line' id='line_1_23' title="bbox 327 2454 818 2517; baseline 0.01 -9"><span class='ocrx_word' id='word_1_104' title='bbox 327 2454 430 2513; x_wconf 80' lang='lat' dir='ltr'>Gaius,</span> <span class='ocrx_word' id='word_1_105' title='bbox 445 2457 527 2510; x_wconf 84' lang='lat' dir='ltr'>huiur</span> <span class='ocrx_word' id='word_1_106' title='bbox 551 2459 621 2515; x_wconf 84' lang='lat' dir='ltr'>Gai.</span> <span class='ocrx_word' id='word_1_107' title='bbox 648 2458 710 2509; x_wconf 87' lang='lat' dir='ltr'>huic</span> <span class='ocrx_word' id='word_1_108' title='bbox 734 2460 818 2517; x_wconf 85' lang='lat' dir='ltr'>Gaio.</span> 
     </span>
     <span class='ocr_line' id='line_1_24' title="bbox 325 2543 816 2603; baseline 0.012 -7"><span class='ocrx_word' id='word_1_109' title='bbox 325 2543 397 2596; x_wconf 90' lang='lat' dir='ltr'>hunc</span> <span class='ocrx_word' id='word_1_110' title='bbox 410 2544 519 2599; x_wconf 82' lang='lat' dir='ltr'>Gaium.</span> <span class='ocrx_word' id='word_1_111' title='bbox 533 2566 549 2598; x_wconf 92' lang='grc' dir='ltr'>ο</span> <span class='ocrx_word' id='word_1_112' title='bbox 558 2547 618 2603; x_wconf 83' lang='lat' dir='ltr'>Gai.</span> <span class='ocrx_word' id='word_1_113' title='bbox 631 2545 721 2598; x_wconf 82' lang='lat' dir='ltr'>abhoc</span> <span class='ocrx_word' id='word_1_114' title='bbox 732 2548 816 2602; x_wconf 78' lang='lat' dir='ltr'>Gaio·</span> 
     </span>
     <span class='ocr_line' id='line_1_25' title="bbox 310 2630 815 2703; baseline 0.006 -21"><span class='ocrx_word' id='word_1_115' title='bbox 310 2630 435 2684; x_wconf 62' lang='lat' dir='ltr'>numeri</span> <span class='ocrx_word' id='word_1_116' title='bbox 457 2633 566 2703; x_wconf 83' lang='lat' dir='ltr'>pluralia</span> <span class='ocrx_word' id='word_1_117' title='bbox 588 2633 615 2684; x_wconf 81' lang='lat' dir='ltr'>lii</span> <span class='ocrx_word' id='word_1_118' title='bbox 645 2636 709 2699; x_wconf 81' lang='lat' dir='ltr'>Gai,</span> <span class='ocrx_word' id='word_1_119' title='bbox 723 2634 815 2687; x_wconf 87' lang='lat' dir='ltr'>horum</span> 
     </span>
     <span class='ocr_line' id='line_1_26' title="bbox 326 2716 815 2779; baseline 0.01 -10"><span class='ocrx_word' id='word_1_120' title='bbox 326 2716 453 2770; x_wconf 85' lang='lat' dir='ltr'>Gaiorum</span> <span class='ocrx_word' id='word_1_121' title='bbox 465 2755 472 2776; x_wconf 83' lang='lat'><em>,</em></span> <span class='ocrx_word' id='word_1_122' title='bbox 490 2718 533 2771; x_wconf 83' lang='lat' dir='ltr'>his</span> <span class='ocrx_word' id='word_1_123' title='bbox 545 2720 628 2776; x_wconf 72' lang='lat' dir='ltr'>Gaia,</span> <span class='ocrx_word' id='word_1_124' title='bbox 650 2721 698 2773; x_wconf 77' lang='lat' dir='ltr'>bos</span> <span class='ocrx_word' id='word_1_125' title='bbox 718 2721 815 2779; x_wconf 80' lang='lat' dir='ltr'>Gaios,</span> 
     </span>
     <span class='ocr_line' id='line_1_27' title="bbox 323 2805 814 2864; baseline 0.01 -8"><span class='ocrx_word' id='word_1_126' title='bbox 323 2822 339 2857; x_wconf 92' lang='lat' dir='ltr'><strong>o</strong></span> <span class='ocrx_word' id='word_1_127' title='bbox 359 2805 428 2863; x_wconf 82' lang='lat' dir='ltr'>Gai,</span> <span class='ocrx_word' id='word_1_128' title='bbox 448 2806 481 2857; x_wconf 84' lang='lat' dir='ltr'>ab</span> <span class='ocrx_word' id='word_1_129' title='bbox 501 2807 544 2859; x_wconf 83' lang='lat' dir='ltr'>hir</span> <span class='ocrx_word' id='word_1_130' title='bbox 559 2809 633 2860; x_wconf 77' lang='lat' dir='ltr'>Gais-</span> <span class='ocrx_word' id='word_1_131' title='bbox 652 2810 693 2860; x_wconf 79' lang='lat' dir='ltr'>sic</span> <span class='ocrx_word' id='word_1_132' title='bbox 714 2821 741 2864; x_wconf 88' lang='lat' dir='ltr'>et</span> <span class='ocrx_word' id='word_1_133' title='bbox 763 2810 814 2862; x_wconf 87' lang='lat' dir='ltr'>alia</span> 
     </span>
     <span class='ocr_line' id='line_1_28' title="bbox 324 2893 815 2968; baseline 0.014 -24"><span class='ocrx_word' id='word_1_134' title='bbox 324 2893 426 2959; x_wconf 71' lang='lat' dir='ltr'>generis</span> <span class='ocrx_word' id='word_1_135' title='bbox 445 2896 583 2948; x_wconf 79' lang='lat' dir='ltr'>masculini</span> <span class='ocrx_word' id='word_1_136' title='bbox 603 2898 725 2955; x_wconf 83' lang='lat' dir='ltr'>numina,</span> <span class='ocrx_word' id='word_1_137' title='bbox 746 2917 815 2968; x_wconf 90' lang='lat' dir='ltr'>quae</span> 
     </span>
     <span class='ocr_line' id='line_1_29' title="bbox 325 2978 816 3054; baseline 0.018 -24"><span class='ocrx_word' id='word_1_138' title='bbox 325 2978 443 3034; x_wconf 83' lang='lat' dir='ltr'>ablativo</span> <span class='ocrx_word' id='word_1_139' title='bbox 463 2999 524 3035; x_wconf 77' lang='lat' dir='ltr'>casu</span> <span class='ocrx_word' id='word_1_140' title='bbox 550 2985 649 3036; x_wconf 82' lang='lat' dir='ltr'>numeri</span> <span class='ocrx_word' id='word_1_141' title='bbox 675 2986 816 3054; x_wconf 72' lang='lat' dir='ltr'>singularis</span> 
     </span>
     <span class='ocr_line' id='line_1_30' title="bbox 326 3067 813 3127; baseline 0.01 -8"><span class='ocrx_word' id='word_1_142' title='bbox 326 3085 362 3119; x_wconf 88' lang='lat'>·0·</span> <span class='ocrx_word' id='word_1_143' title='bbox 384 3067 474 3121; x_wconf 77' lang='lat' dir='ltr'>littera</span> <span class='ocrx_word' id='word_1_144' title='bbox 485 3070 660 3123; x_wconf 72' lang='lat' dir='ltr'>terminantur</span> <span class='ocrx_word' id='word_1_145' title='bbox 674 3110 678 3127; x_wconf 89' lang='lat'>‚</span> <span class='ocrx_word' id='word_1_146' title='bbox 691 3081 719 3125; x_wconf 86' lang='lat' dir='ltr'>et</span> <span class='ocrx_word' id='word_1_147' title='bbox 728 3074 813 3126; x_wconf 89' lang='lat' dir='ltr'>nomi-</span> 
     </span>
     <span class='ocr_line' id='line_1_31' title="bbox 323 3153 815 3225; baseline 0.016 -20"><span class='ocrx_word' id='word_1_148' title='bbox 323 3153 419 3209; x_wconf 79' lang='lat' dir='ltr'>nativo</span> <span class='ocrx_word' id='word_1_149' title='bbox 453 3176 514 3210; x_wconf 81' lang='lat' dir='ltr'>casu</span> <span class='ocrx_word' id='word_1_150' title='bbox 545 3159 645 3211; x_wconf 85' lang='lat' dir='ltr'>uumcri</span> <span class='ocrx_word' id='word_1_151' title='bbox 677 3159 815 3225; x_wconf 78' lang='lat' dir='ltr'>singularia</span> 
     </span>
     <span class='ocr_line' id='line_1_32' title="bbox 324 3240 815 3310; baseline 0.012 -18"><span class='ocrx_word' id='word_1_152' title='bbox 324 3240 386 3293; x_wconf 77' lang='lat' dir='ltr'>0ius·</span> <span class='ocrx_word' id='word_1_153' title='bbox 398 3242 500 3310; x_wconf 58' lang='lat' dir='ltr'>syllaba</span> <span class='ocrx_word' id='word_1_154' title='bbox 510 3245 682 3301; x_wconf 76' lang='lat' dir='ltr'>definiuntur,</span> <span class='ocrx_word' id='word_1_155' title='bbox 693 3245 815 3298; x_wconf 76' lang='lat' dir='ltr'>adenem·</span> 
     </span>
     <span class='ocr_line' id='line_1_33' title="bbox 320 3330 814 3402; baseline 0.016 -21"><span class='ocrx_word' id='word_1_156' title='bbox 320 3330 392 3401; x_wconf 85' lang='lat' dir='ltr'>plura</span> <span class='ocrx_word' id='word_1_157' title='bbox 412 3333 464 3384; x_wconf 87' lang='lat' dir='ltr'>Gai</span> <span class='ocrx_word' id='word_1_158' title='bbox 484 3351 531 3402; x_wconf 78' lang='lat' dir='ltr'>per</span> <span class='ocrx_word' id='word_1_159' title='bbox 549 3351 637 3386; x_wconf 78' lang='lat' dir='ltr'>omnes</span> <span class='ocrx_word' id='word_1_160' title='bbox 652 3351 744 3388; x_wconf 73' lang='lat' dir='ltr'>casuue</span> <span class='ocrx_word' id='word_1_161' title='bbox 767 3336 814 3389; x_wconf 86' lang='lat' dir='ltr'>de·</span> 
     </span>
     <span class='ocr_line' id='line_1_34' title="bbox 321 3410 554 3470; baseline 0.017 -3"><span class='ocrx_word' id='word_1_162' title='bbox 321 3416 462 3470; x_wconf 86' lang='lat' dir='ltr'>clinantur.</span> <span class='ocrx_word' id='word_1_163' title='bbox 550 3410 554 3418; x_wconf 81' lang='grc'><em>’</em></span> 
     </span>
     <span class='ocr_line' id='line_1_35' title="bbox 357 3505 814 3581; baseline 0.013 -25"><span class='ocrx_word' id='word_1_164' title='bbox 357 3505 434 3558; x_wconf 82' lang='lat' dir='ltr'>Nunc</span> <span class='ocrx_word' id='word_1_165' title='bbox 458 3509 484 3559; x_wconf 88' lang='lat' dir='ltr'>in</span> <span class='ocrx_word' id='word_1_166' title='bbox 507 3508 557 3559; x_wconf 78' lang='lat' dir='ltr'>liae</span> <span class='ocrx_word' id='word_1_167' title='bbox 573 3510 814 3581; x_wconf 72' lang='lat' dir='ltr'>suprascriptalor·</span> 
     </span>
     <span class='ocr_line' id='line_1_36' title="bbox 321 3596 814 3668; baseline 0.018 -24"><span class='ocrx_word' id='word_1_168' title='bbox 321 3610 363 3645; x_wconf 82' lang='lat' dir='ltr'>aaa</span> <span class='ocrx_word' id='word_1_169' title='bbox 392 3596 441 3648; x_wconf 84' lang='lat' dir='ltr'>huc</span> <span class='ocrx_word' id='word_1_170' title='bbox 471 3615 627 3655; x_wconf 83' lang='lat' dir='ltr'>monemus.</span> <span class='ocrx_word' id='word_1_171' title='bbox 657 3600 729 3668; x_wconf 73' lang='lat' dir='ltr'>«prod</span> <span class='ocrx_word' id='word_1_172' title='bbox 760 3600 814 3653; x_wconf 81' lang='lat' dir='ltr'>sint</span> 
     </span>
     <span class='ocr_line' id='line_1_37' title="bbox 321 3680 813 3758; baseline 0.014 -26"><span class='ocrx_word' id='word_1_173' title='bbox 321 3680 372 3732; x_wconf 83' lang='lat' dir='ltr'>alia</span> <span class='ocrx_word' id='word_1_174' title='bbox 384 3682 488 3735; x_wconf 87' lang='lat' dir='ltr'>nomina</span> <span class='ocrx_word' id='word_1_175' title='bbox 500 3703 569 3753; x_wconf 71' lang='lat' dir='ltr'>quiae</span> <span class='ocrx_word' id='word_1_176' title='bbox 588 3686 718 3738; x_wconf 77' lang='lat' dir='ltr'>interdum</span> <span class='ocrx_word' id='word_1_177' title='bbox 733 3705 813 3758; x_wconf 82' lang='lat' dir='ltr'>prop-</span> 
     </span>
     <span class='ocr_line' id='line_1_38' title="bbox 321 3771 813 3826; baseline 0.014 -7"><span class='ocrx_word' id='word_1_178' title='bbox 321 3777 359 3819; x_wconf 87' lang='lat' dir='ltr'>ter</span> <span class='ocrx_word' id='word_1_179' title='bbox 378 3781 460 3821; x_wconf 85' lang='lat' dir='ltr'>metra</span> <span class='ocrx_word' id='word_1_180' title='bbox 480 3771 520 3823; x_wconf 78' lang='lat' dir='ltr'>vel</span> <span class='ocrx_word' id='word_1_181' title='bbox 540 3784 685 3824; x_wconf 75' lang='lat' dir='ltr'>structuras</span> <span class='ocrx_word' id='word_1_182' title='bbox 704 3773 813 3826; x_wconf 82' lang='lat' dir='ltr'>exabla·</span> 
     </span>
     <span class='ocr_line' id='line_1_39' title="bbox 319 3853 811 3928; baseline 0.022 -23"><span class='ocrx_word' id='word_1_183' title='bbox 319 3853 376 3909; x_wconf 87' lang='lat' dir='ltr'>tivo</span> <span class='ocrx_word' id='word_1_184' title='bbox 402 3873 463 3910; x_wconf 81' lang='lat' dir='ltr'>casu</span> <span class='ocrx_word' id='word_1_185' title='bbox 485 3860 584 3912; x_wconf 88' lang='lat' dir='ltr'>numeri</span> <span class='ocrx_word' id='word_1_186' title='bbox 611 3861 752 3928; x_wconf 77' lang='lat' dir='ltr'>singularis</span> <span class='ocrx_word' id='word_1_187' title='bbox 775 3882 811 3916; x_wconf 88' lang='lat'>·0·</span> 
     </span>
     <span class='ocr_line' id='line_1_40' title="bbox 319 3940 813 4002; baseline 0.026 -12"><span class='ocrx_word' id='word_1_188' title='bbox 319 3940 441 3993; x_wconf 85' lang='lat' dir='ltr'>ultimum</span> <span class='ocrx_word' id='word_1_189' title='bbox 459 3953 487 3997; x_wconf 88' lang='lat' dir='ltr'>ct</span> <span class='ocrx_word' id='word_1_190' title='bbox 508 3944 535 3998; x_wconf 87' lang='lat' dir='ltr'>in</span> <span class='ocrx_word' id='word_1_191' title='bbox 556 3965 620 3998; x_wconf 88' lang='lat' dir='ltr'>·um·</span> <span class='ocrx_word' id='word_1_192' title='bbox 640 3949 742 4001; x_wconf 79' lang='lat' dir='ltr'>litteras</span> <span class='ocrx_word' id='word_1_193' title='bbox 752 3966 813 4002; x_wconf 82' lang='lat' dir='ltr'>coar·</span> 
     </span>
     <span class='ocr_line' id='line_1_41' title="bbox 316 4033 811 4099; baseline 0.016 -19"><span class='ocrx_word' id='word_1_194' title='bbox 316 4037 423 4081; x_wconf 84' lang='lat' dir='ltr'>vertunt</span> <span class='ocrx_word' id='word_1_195' title='bbox 446 4039 477 4083; x_wconf 90' lang='lat' dir='ltr'>ut</span> <span class='ocrx_word' id='word_1_196' title='bbox 487 4033 636 4099; x_wconf 74' lang='lat' dir='ltr'>genetivum</span> <span class='ocrx_word' id='word_1_197' title='bbox 659 4053 747 4089; x_wconf 79' lang='lat' dir='ltr'>casum</span> <span class='ocrx_word' id='word_1_198' title='bbox 761 4055 811 4088; x_wconf 88' lang='lat' dir='ltr'>nu·</span> 
     </span>
    </p>
   </div>
   <div class='ocr_carea' id='block_1_5' title="bbox 873 784 1371 1897">
    <p class='ocr_par' dir='ltr' id='par_1_5' title="bbox 873 784 1371 1897">
     <span class='ocr_line' id='line_1_42' title="bbox 881 784 1370 858; baseline 0.008 -20"><span class='ocrx_word' id='word_1_199' title='bbox 881 796 908 838; x_wconf 90' lang='lat' dir='ltr'>ta</span> <span class='ocrx_word' id='word_1_200' title='bbox 924 784 958 836; x_wconf 87' lang='lat' dir='ltr'>ab</span> <span class='ocrx_word' id='word_1_201' title='bbox 971 786 1021 840; x_wconf 88' lang='lat' dir='ltr'>hcc</span> <span class='ocrx_word' id='word_1_202' title='bbox 1034 790 1125 857; x_wconf 79' lang='lat' dir='ltr'>graio,</span> <span class='ocrx_word' id='word_1_203' title='bbox 1143 791 1238 852; x_wconf 80' lang='lat' dir='ltr'>hurum</span> <span class='ocrx_word' id='word_1_204' title='bbox 1260 795 1370 858; x_wconf 70' lang='lat' dir='ltr'>graium.</span> 
     </span>
     <span class='ocr_line' id='line_1_43' title="bbox 879 873 1371 947; baseline 0.02 -23"><span class='ocrx_word' id='word_1_205' title='bbox 879 873 927 925; x_wconf 85' lang='lat' dir='ltr'>Sed</span> <span class='ocrx_word' id='word_1_206' title='bbox 948 874 1012 928; x_wconf 86' lang='lat' dir='ltr'>haec</span> <span class='ocrx_word' id='word_1_207' title='bbox 1035 894 1104 947; x_wconf 88' lang='lat' dir='ltr'>quae</span> <span class='ocrx_word' id='word_1_208' title='bbox 1124 879 1178 933; x_wconf 84' lang='lat' dir='ltr'>siut</span> <span class='ocrx_word' id='word_1_209' title='bbox 1201 882 1322 938; x_wconf 83' lang='lat' dir='ltr'>nomina.</span> <span class='ocrx_word' id='word_1_210' title='bbox 1343 893 1371 934; x_wconf 87' lang='lat' dir='ltr'>et</span> 
     </span>
     <span class='ocr_line' id='line_1_44' title="bbox 878 961 1368 1037; baseline 0.02 -28"><span class='ocrx_word' id='word_1_211' title='bbox 878 977 933 1027; x_wconf 89' lang='lat' dir='ltr'>qua</span> <span class='ocrx_word' id='word_1_212' title='bbox 956 961 988 1012; x_wconf 88' lang='lat' dir='ltr'>de</span> <span class='ocrx_word' id='word_1_213' title='bbox 1016 981 1095 1016; x_wconf 78' lang='lat' dir='ltr'>cauca</span> <span class='ocrx_word' id='word_1_214' title='bbox 1114 981 1148 1018; x_wconf 78' lang='lat' dir='ltr'>ea</span> <span class='ocrx_word' id='word_1_215' title='bbox 1161 968 1368 1037; x_wconf 80' lang='lat' dir='ltr'>supradictoca·</span> 
     </span>
     <span class='ocr_line' id='line_1_45' title="bbox 877 1046 1370 1123; baseline 0.018 -27"><span class='ocrx_word' id='word_1_216' title='bbox 877 1063 907 1097; x_wconf 86' lang='lat' dir='ltr'>su</span> <span class='ocrx_word' id='word_1_217' title='bbox 927 1046 1058 1101; x_wconf 82' lang='lat' dir='ltr'>interdum</span> <span class='ocrx_word' id='word_1_218' title='bbox 1088 1064 1196 1123; x_wconf 87' lang='lat' dir='ltr'>propter</span> <span class='ocrx_word' id='word_1_219' title='bbox 1222 1064 1305 1107; x_wconf 82' lang='lat' dir='ltr'>metra</span> <span class='ocrx_word' id='word_1_220' title='bbox 1327 1054 1370 1106; x_wconf 80' lang='lat' dir='ltr'>vel</span> 
     </span>
     <span class='ocr_line' id='line_1_46' title="bbox 877 1138 1367 1194; baseline 0.016 -12"><span class='ocrx_word' id='word_1_221' title='bbox 877 1141 1024 1187; x_wconf 78' lang='lat' dir='ltr'>structuras</span> <span class='ocrx_word' id='word_1_222' title='bbox 1033 1155 1069 1189; x_wconf 88' lang='lat' dir='ltr'>·o·</span> <span class='ocrx_word' id='word_1_223' title='bbox 1088 1138 1208 1191; x_wconf 86' lang='lat' dir='ltr'>ultimum</span> <span class='ocrx_word' id='word_1_224' title='bbox 1218 1151 1245 1194; x_wconf 83' lang='lat' dir='ltr'>et</span> <span class='ocrx_word' id='word_1_225' title='bbox 1258 1140 1286 1192; x_wconf 90' lang='lat' dir='ltr'>in</span> <span class='ocrx_word' id='word_1_226' title='bbox 1301 1157 1367 1190; x_wconf 76' lang='lat' dir='ltr'>«um-</span> 
     </span>
     <span class='ocr_line' id='line_1_47' title="bbox 878 1219 1367 1295; baseline 0.014 -25"><span class='ocrx_word' id='word_1_227' title='bbox 878 1219 981 1275; x_wconf 80' lang='lat' dir='ltr'>litteras</span> <span class='ocrx_word' id='word_1_228' title='bbox 989 1237 1159 1285; x_wconf 78' lang='lat' dir='ltr'>convertant.</span> <span class='ocrx_word' id='word_1_229' title='bbox 1176 1239 1207 1279; x_wconf 90' lang='lat' dir='ltr'>ut</span> <span class='ocrx_word' id='word_1_230' title='bbox 1216 1228 1367 1295; x_wconf 81' lang='lat' dir='ltr'>genetivum</span> 
     </span>
     <span class='ocr_line' id='line_1_48' title="bbox 878 1315 1367 1385; baseline 0.033 -28"><span class='ocrx_word' id='word_1_231' title='bbox 878 1325 966 1362; x_wconf 84' lang='lat' dir='ltr'>casum</span> <span class='ocrx_word' id='word_1_232' title='bbox 985 1315 1086 1366; x_wconf 81' lang='lat' dir='ltr'>numeri</span> <span class='ocrx_word' id='word_1_233' title='bbox 1109 1315 1217 1385; x_wconf 77' lang='lat' dir='ltr'>pluralia</span> <span class='ocrx_word' id='word_1_234' title='bbox 1234 1316 1367 1373; x_wconf 77' lang='lat' dir='ltr'>afficiant.</span> 
     </span>
     <span class='ocr_line' id='line_1_49' title="bbox 877 1395 1367 1457; baseline 0.02 -10"><span class='ocrx_word' id='word_1_235' title='bbox 877 1395 927 1450; x_wconf 78' lang='lat' dir='ltr'>lroc</span> <span class='ocrx_word' id='word_1_236' title='bbox 946 1399 975 1452; x_wconf 90' lang='lat' dir='ltr'>iu</span> <span class='ocrx_word' id='word_1_237' title='bbox 993 1401 1083 1454; x_wconf 78' lang='lat' dir='ltr'>metria</span> <span class='ocrx_word' id='word_1_238' title='bbox 1096 1403 1136 1454; x_wconf 84' lang='lat' dir='ltr'>vel</span> <span class='ocrx_word' id='word_1_239' title='bbox 1156 1405 1297 1457; x_wconf 72' lang='lat' dir='ltr'>structuris</span> <span class='ocrx_word' id='word_1_240' title='bbox 1305 1421 1367 1457; x_wconf 82' lang='lat' dir='ltr'>cou-</span> 
     </span>
     <span class='ocr_line' id='line_1_50' title="bbox 875 1491 1366 1555; baseline 0.016 -17"><span class='ocrx_word' id='word_1_241' title='bbox 875 1497 996 1555; x_wconf 74' lang='lat' dir='ltr'>patenter</span> <span class='ocrx_word' id='word_1_242' title='bbox 1025 1491 1207 1544; x_wconf 79' lang='lat' dir='ltr'>tractabimus·</span> <span class='ocrx_word' id='word_1_243' title='bbox 1236 1493 1312 1545; x_wconf 85' lang='lat' dir='ltr'>Nunc</span> <span class='ocrx_word' id='word_1_244' title='bbox 1339 1494 1366 1546; x_wconf 89' lang='lat' dir='ltr'>in</span> 
     </span>
     <span class='ocr_line' id='line_1_51' title="bbox 874 1570 1366 1650; baseline 0.018 -28"><span class='ocrx_word' id='word_1_245' title='bbox 874 1570 923 1623; x_wconf 89' lang='lat' dir='ltr'>hac</span> <span class='ocrx_word' id='word_1_246' title='bbox 934 1573 1015 1627; x_wconf 86' lang='lat' dir='ltr'>lorma</span> <span class='ocrx_word' id='word_1_247' title='bbox 1026 1577 1127 1642; x_wconf 78' lang='lat' dir='ltr'>generis</span> <span class='ocrx_word' id='word_1_248' title='bbox 1138 1579 1294 1635; x_wconf 76' lang='lat' dir='ltr'>masculini,</span> <span class='ocrx_word' id='word_1_249' title='bbox 1311 1598 1366 1650; x_wconf 85' lang='lat' dir='ltr'>qua</span> 
     </span>
     <span class='ocr_line' id='line_1_52' title="bbox 875 1660 1365 1720; baseline 0.016 -9"><span class='ocrx_word' id='word_1_250' title='bbox 875 1660 993 1715; x_wconf 78' lang='lat' dir='ltr'>diximus</span> <span class='ocrx_word' id='word_1_251' title='bbox 1023 1663 1141 1720; x_wconf 82' lang='lat' dir='ltr'>ablativo</span> <span class='ocrx_word' id='word_1_252' title='bbox 1168 1683 1229 1719; x_wconf 77' lang='lat' dir='ltr'>caru</span> <span class='ocrx_word' id='word_1_253' title='bbox 1262 1667 1365 1720; x_wconf 87' lang='lat' dir='ltr'>numeri</span> 
     </span>
     <span class='ocr_line' id='line_1_53' title="bbox 873 1747 1365 1815; baseline 0.014 -16"><span class='ocrx_word' id='word_1_254' title='bbox 873 1747 1016 1815; x_wconf 72' lang='lat' dir='ltr'>singularia</span> <span class='ocrx_word' id='word_1_255' title='bbox 1035 1753 1140 1805; x_wconf 88' lang='lat' dir='ltr'>nomina</span> <span class='ocrx_word' id='word_1_256' title='bbox 1156 1773 1193 1807; x_wconf 85' lang='lat' dir='ltr'>·o·</span> <span class='ocrx_word' id='word_1_257' title='bbox 1209 1753 1299 1807; x_wconf 84' lang='lat' dir='ltr'>littera</span> <span class='ocrx_word' id='word_1_258' title='bbox 1312 1765 1365 1808; x_wconf 86' lang='lat' dir='ltr'>ter·</span> 
     </span>
     <span class='ocr_line' id='line_1_54' title="bbox 873 1838 1364 1897; baseline 0.018 -8"><span class='ocrx_word' id='word_1_259' title='bbox 873 1838 983 1896; x_wconf 84' lang='lat' dir='ltr'>minari,</span> <span class='ocrx_word' id='word_1_260' title='bbox 1004 1851 1032 1893; x_wconf 85' lang='lat' dir='ltr'>et</span> <span class='ocrx_word' id='word_1_261' title='bbox 1048 1842 1211 1896; x_wconf 81' lang='lat' dir='ltr'>nominativo</span> <span class='ocrx_word' id='word_1_262' title='bbox 1225 1860 1288 1897; x_wconf 83' lang='lat' dir='ltr'>casu</span> <span class='ocrx_word' id='word_1_263' title='bbox 1311 1864 1364 1897; x_wconf 92' lang='lat' dir='ltr'>nu-</span> 
     </span>
    </p>
   </div>
   <div class='ocr_carea' id='block_1_6' title="bbox 873 1920 1446 1997">
    <p class='ocr_par' dir='ltr' id='par_1_6' title="bbox 873 1920 1446 1997">
     <span class='ocr_line' id='line_1_55' title="bbox 873 1920 1446 1997; baseline 0.021 -24"><span class='ocrx_word' id='word_1_264' title='bbox 873 1924 936 1976; x_wconf 86' lang='lat' dir='ltr'>meri</span> <span class='ocrx_word' id='word_1_265' title='bbox 956 1925 1097 1993; x_wconf 78' lang='lat' dir='ltr'>singularia</span> <span class='ocrx_word' id='word_1_266' title='bbox 1117 1929 1178 1981; x_wconf 83' lang='lat' dir='ltr'>·ius·</span> <span class='ocrx_word' id='word_1_267' title='bbox 1196 1928 1298 1997; x_wconf 72' lang='lat' dir='ltr'>syllaba</span> <span class='ocrx_word' id='word_1_268' title='bbox 1318 1931 1364 1984; x_wconf 78' lang='lat' dir='ltr'>de·</span> <span class='ocrx_word' id='word_1_269' title='bbox 1442 1920 1446 1931; x_wconf 47' lang='lat'><strong><em>¹</em></strong></span> 
     </span>
    </p>
   </div>
   <div class='ocr_carea' id='block_1_7' title="bbox 865 2013 1363 3403">
    <p class='ocr_par' dir='ltr' id='par_1_7' title="bbox 865 2013 1363 3403">
     <span class='ocr_line' id='line_1_56' title="bbox 873 2013 1363 2086; baseline 0.02 -24"><span class='ocrx_word' id='word_1_270' title='bbox 873 2013 959 2072; x_wconf 85' lang='lat' dir='ltr'>liniri,</span> <span class='ocrx_word' id='word_1_271' title='bbox 978 2013 1027 2067; x_wconf 87' lang='lat' dir='ltr'>boc</span> <span class='ocrx_word' id='word_1_272' title='bbox 1043 2034 1174 2069; x_wconf 81' lang='lat' dir='ltr'>monemus</span> <span class='ocrx_word' id='word_1_273' title='bbox 1183 2054 1191 2074; x_wconf 86' lang='lat'><strong>.</strong></span> <span class='ocrx_word' id='word_1_274' title='bbox 1201 2017 1273 2086; x_wconf 87' lang='lat' dir='ltr'>quod</span> <span class='ocrx_word' id='word_1_275' title='bbox 1286 2036 1318 2071; x_wconf 86' lang='lat' dir='ltr'>ex</span> <span class='ocrx_word' id='word_1_276' title='bbox 1331 2037 1363 2072; x_wconf 86' lang='lat' dir='ltr'>ea</span> 
     </span>
     <span class='ocr_line' id='line_1_57' title="bbox 873 2104 1362 2174; baseline 0.018 -21"><span class='ocrx_word' id='word_1_277' title='bbox 873 2120 926 2154; x_wconf 89' lang='lat' dir='ltr'>non</span> <span class='ocrx_word' id='word_1_278' title='bbox 944 2104 1129 2174; x_wconf 77' lang='lat' dir='ltr'>quamplurimi</span> <span class='ocrx_word' id='word_1_279' title='bbox 1155 2105 1230 2162; x_wconf 77' lang='lat' dir='ltr'>soni,</span> <span class='ocrx_word' id='word_1_280' title='bbox 1252 2107 1302 2159; x_wconf 82' lang='lat' dir='ltr'>lruc</span> <span class='ocrx_word' id='word_1_281' title='bbox 1322 2120 1362 2162; x_wconf 80' lang='lat' dir='ltr'>est</span> 
     </span>
     <span class='ocr_line' id='line_1_58' title="bbox 873 2192 1362 2263; baseline 0.014 -24"><span class='ocrx_word' id='word_1_282' title='bbox 873 2208 926 2242; x_wconf 88' lang='lat' dir='ltr'>uon</span> <span class='ocrx_word' id='word_1_283' title='bbox 945 2192 1138 2261; x_wconf 84' lang='lat' dir='ltr'>quamplurima</span> <span class='ocrx_word' id='word_1_284' title='bbox 1157 2192 1279 2249; x_wconf 86' lang='lat' dir='ltr'>nomina,</span> <span class='ocrx_word' id='word_1_285' title='bbox 1299 2212 1362 2263; x_wconf 85' lang='lat' dir='ltr'>pos-</span> 
     </span>
     <span class='ocr_line' id='line_1_59' title="bbox 871 2277 1363 2346; baseline 0.01 -16"><span class='ocrx_word' id='word_1_286' title='bbox 871 2277 925 2330; x_wconf 84' lang='lat' dir='ltr'>sint</span> <span class='ocrx_word' id='word_1_287' title='bbox 946 2278 1074 2331; x_wconf 73' lang='lat' dir='ltr'>exhiberi.</span> <span class='ocrx_word' id='word_1_288' title='bbox 1099 2281 1138 2331; x_wconf 88' lang='lat' dir='ltr'>De</span> <span class='ocrx_word' id='word_1_289' title='bbox 1154 2279 1237 2332; x_wconf 79' lang='lat' dir='ltr'>forma</span> <span class='ocrx_word' id='word_1_290' title='bbox 1262 2283 1363 2346; x_wconf 74' lang='lat' dir='ltr'>generis</span> 
     </span>
     <span class='ocr_line' id='line_1_60' title="bbox 871 2365 1362 2434; baseline 0.014 -20"><span class='ocrx_word' id='word_1_291' title='bbox 871 2365 1024 2422; x_wconf 87' lang='lat' dir='ltr'>masculini,</span> <span class='ocrx_word' id='word_1_292' title='bbox 1047 2384 1101 2434; x_wconf 86' lang='lat' dir='ltr'>qua</span> <span class='ocrx_word' id='word_1_293' title='bbox 1112 2366 1228 2420; x_wconf 79' lang='lat' dir='ltr'>ablativo</span> <span class='ocrx_word' id='word_1_294' title='bbox 1242 2383 1303 2418; x_wconf 79' lang='lat' dir='ltr'>casu</span> <span class='ocrx_word' id='word_1_295' title='bbox 1314 2387 1362 2420; x_wconf 85' lang='lat' dir='ltr'>nu·</span> 
     </span>
     <span class='ocr_line' id='line_1_61' title="bbox 871 2450 1360 2517; baseline 0.012 -16"><span class='ocrx_word' id='word_1_296' title='bbox 871 2450 934 2503; x_wconf 85' lang='lat' dir='ltr'>meri</span> <span class='ocrx_word' id='word_1_297' title='bbox 954 2451 1093 2517; x_wconf 73' lang='lat' dir='ltr'>singularis</span> <span class='ocrx_word' id='word_1_298' title='bbox 1113 2453 1218 2504; x_wconf 84' lang='lat' dir='ltr'>numina</span> <span class='ocrx_word' id='word_1_299' title='bbox 1236 2472 1272 2505; x_wconf 85' lang='lat' dir='ltr'>.o·</span> <span class='ocrx_word' id='word_1_300' title='bbox 1284 2453 1360 2508; x_wconf 86' lang='lat' dir='ltr'>litte-</span> 
     </span>
     <span class='ocr_line' id='line_1_62' title="bbox 869 2541 1359 2597; baseline 0.012 -6"><span class='ocrx_word' id='word_1_301' title='bbox 869 2557 897 2591; x_wconf 89' lang='lat' dir='ltr'>ra</span> <span class='ocrx_word' id='word_1_302' title='bbox 928 2541 1122 2597; x_wconf 82' lang='lat' dir='ltr'>terminantur.</span> <span class='ocrx_word' id='word_1_303' title='bbox 1143 2554 1170 2593; x_wconf 87' lang='lat' dir='ltr'>ct</span> <span class='ocrx_word' id='word_1_304' title='bbox 1194 2541 1359 2597; x_wconf 83' lang='lat' dir='ltr'>nominativo</span> 
     </span>
     <span class='ocr_line' id='line_1_63' title="bbox 869 2629 1360 2700; baseline 0.014 -22"><span class='ocrx_word' id='word_1_305' title='bbox 869 2646 930 2680; x_wconf 85' lang='lat' dir='ltr'>casu</span> <span class='ocrx_word' id='word_1_306' title='bbox 950 2630 1050 2682; x_wconf 83' lang='lat' dir='ltr'>numeri</span> <span class='ocrx_word' id='word_1_307' title='bbox 1070 2629 1212 2695; x_wconf 77' lang='lat' dir='ltr'>singularis</span> <span class='ocrx_word' id='word_1_308' title='bbox 1228 2632 1290 2682; x_wconf 82' lang='lat' dir='ltr'>·ius·</span> <span class='ocrx_word' id='word_1_309' title='bbox 1307 2633 1360 2700; x_wconf 83' lang='lat' dir='ltr'>syl·</span> 
     </span>
     <span class='ocr_line' id='line_1_64' title="bbox 868 2715 1359 2785; baseline 0.008 -18"><span class='ocrx_word' id='word_1_310' title='bbox 868 2715 927 2767; x_wconf 81' lang='lat' dir='ltr'>laba</span> <span class='ocrx_word' id='word_1_311' title='bbox 945 2716 1124 2772; x_wconf 80' lang='lat' dir='ltr'>definiuntur,</span> <span class='ocrx_word' id='word_1_312' title='bbox 1144 2726 1273 2785; x_wconf 82' lang='lat' dir='ltr'>qaaantum</span> <span class='ocrx_word' id='word_1_313' title='bbox 1288 2718 1359 2771; x_wconf 87' lang='lat' dir='ltr'>ratio</span> 
     </span>
     <span class='ocr_line' id='line_1_65' title="bbox 865 2804 1207 2874; baseline -0.006 -18"><span class='ocrx_word' id='word_1_314' title='bbox 865 2804 1007 2874; x_wconf 84' lang='lat' dir='ltr'>poscebat,</span> <span class='ocrx_word' id='word_1_315' title='bbox 1026 2804 1207 2856; x_wconf 72' lang='lat' dir='ltr'>tractavimus.</span> 
     </span>
     <span class='ocr_line' id='line_1_66' title="bbox 1024 2891 1198 2959; baseline -0.011 -10"><span class='ocrx_word' id='word_1_316' title='bbox 1024 2891 1067 2959; x_wconf 72' lang='lat'>45.</span> <span class='ocrx_word' id='word_1_317' title='bbox 1088 2911 1122 2948; x_wconf 88' lang='lat' dir='ltr'>ur</span> <span class='ocrx_word' id='word_1_318' title='bbox 1146 2911 1198 2947; x_wconf 74' lang='lat' dir='ltr'>ms·</span> 
     </span>
     <span class='ocr_line' id='line_1_67' title="bbox 901 2981 1352 3052; baseline 0.007 -20"><span class='ocrx_word' id='word_1_319' title='bbox 901 2983 1086 3052; x_wconf 83' lang='lat' dir='ltr'>Quaecumque</span> <span class='ocrx_word' id='word_1_320' title='bbox 1114 2981 1219 3034; x_wconf 87' lang='lat' dir='ltr'>nomina</span> <span class='ocrx_word' id='word_1_321' title='bbox 1250 2981 1352 3048; x_wconf 77' lang='lat' dir='ltr'>generis</span> 
     </span>
     <span class='ocr_line' id='line_1_68' title="bbox 867 3068 1357 3124; baseline -0.006 -1"><span class='ocrx_word' id='word_1_322' title='bbox 867 3070 1004 3124; x_wconf 79' lang='lat' dir='ltr'>masculini</span> <span class='ocrx_word' id='word_1_323' title='bbox 1023 3069 1141 3123; x_wconf 84' lang='lat' dir='ltr'>ablativo</span> <span class='ocrx_word' id='word_1_324' title='bbox 1165 3086 1225 3119; x_wconf 87' lang='lat' dir='ltr'>casu</span> <span class='ocrx_word' id='word_1_325' title='bbox 1253 3068 1357 3120; x_wconf 86' lang='lat' dir='ltr'>numeri</span> 
     </span>
     <span class='ocr_line' id='line_1_69' title="bbox 865 3156 1357 3228; baseline -0.01 -15"><span class='ocrx_word' id='word_1_326' title='bbox 865 3159 1005 3228; x_wconf 79' lang='lat' dir='ltr'>singularis</span> <span class='ocrx_word' id='word_1_327' title='bbox 1017 3177 1052 3209; x_wconf 88' lang='lat' dir='ltr'>·o·</span> <span class='ocrx_word' id='word_1_328' title='bbox 1061 3158 1149 3209; x_wconf 84' lang='lat' dir='ltr'>littura</span> <span class='ocrx_word' id='word_1_329' title='bbox 1166 3156 1340 3209; x_wconf 87' lang='lat' dir='ltr'>terminantur</span> <span class='ocrx_word' id='word_1_330' title='bbox 1349 3195 1357 3215; x_wconf 84' lang='lat'><em>,</em></span> 
     </span>
     <span class='ocr_line' id='line_1_70' title="bbox 865 3244 1358 3300; baseline -0.008 0"><span class='ocrx_word' id='word_1_331' title='bbox 865 3257 892 3300; x_wconf 86' lang='lat' dir='ltr'>et</span> <span class='ocrx_word' id='word_1_332' title='bbox 919 3245 1083 3298; x_wconf 86' lang='lat' dir='ltr'>nominativo</span> <span class='ocrx_word' id='word_1_333' title='bbox 1105 3261 1167 3294; x_wconf 70' lang='lat' dir='ltr'>casu</span> <span class='ocrx_word' id='word_1_334' title='bbox 1187 3245 1288 3297; x_wconf 86' lang='lat' dir='ltr'>numeri</span> <span class='ocrx_word' id='word_1_335' title='bbox 1302 3244 1358 3297; x_wconf 78' lang='lat' dir='ltr'>siu·</span> 
     </span>
     <span class='ocr_line' id='line_1_71' title="bbox 867 3332 1359 3403; baseline 0.004 -19"><span class='ocrx_word' id='word_1_336' title='bbox 867 3335 965 3403; x_wconf 65' lang='lat' dir='ltr'>perlatis</span> <span class='ocrx_word' id='word_1_337' title='bbox 986 3352 1038 3386; x_wconf 73' lang='lat' dir='ltr'>ms·</span> <span class='ocrx_word' id='word_1_338' title='bbox 1058 3332 1162 3401; x_wconf 75' lang='lat' dir='ltr'>syllaba</span> <span class='ocrx_word' id='word_1_339' title='bbox 1182 3343 1244 3385; x_wconf 84' lang='lat' dir='ltr'>ante</span> <span class='ocrx_word' id='word_1_340' title='bbox 1263 3332 1293 3384; x_wconf 90' lang='lat' dir='ltr'>·i·</span> <span class='ocrx_word' id='word_1_341' title='bbox 1312 3333 1359 3387; x_wconf 89' lang='lat' dir='ltr'>lit·</span> 
     </span>
    </p>
   </div>
   <div class='ocr_carea' id='block_1_8' title="bbox 786 3418 1358 3489">
    <p class='ocr_par' dir='ltr' id='par_1_8' title="bbox 786 3418 1358 3489">
     <span class='ocr_line' id='line_1_72' title="bbox 786 3418 1358 3489; baseline -0.007 -14"><span class='ocrx_word' id='word_1_342' title='bbox 786 3439 788 3444; x_wconf 86' lang='lat'><em>·</em></span> <span class='ocrx_word' id='word_1_343' title='bbox 865 3435 946 3475; x_wconf 87' lang='lat' dir='ltr'>teram</span> <span class='ocrx_word' id='word_1_344' title='bbox 966 3421 1153 3476; x_wconf 85' lang='lat' dir='ltr'>definiuntur,</span> <span class='ocrx_word' id='word_1_345' title='bbox 1180 3429 1296 3489; x_wconf 86' lang='lat' dir='ltr'>utputa</span> <span class='ocrx_word' id='word_1_346' title='bbox 1322 3418 1358 3471; x_wconf 87' lang='lat' dir='ltr'>ab</span> 
     </span>
    </p>
   </div>
   <div class='ocr_carea' id='block_1_9' title="bbox 860 3505 1357 4107">
    <p class='ocr_par' dir='ltr' id='par_1_9' title="bbox 860 3505 1357 4107">
     <span class='ocr_line' id='line_1_73' title="bbox 865 3505 1357 3578; baseline -0.008 -16"><span class='ocrx_word' id='word_1_347' title='bbox 865 3510 917 3562; x_wconf 84' lang='lat' dir='ltr'>hoc</span> <span class='ocrx_word' id='word_1_348' title='bbox 932 3508 1097 3578; x_wconf 82' lang='lat' dir='ltr'>Sempronio,</span> <span class='ocrx_word' id='word_1_349' title='bbox 1116 3507 1160 3558; x_wconf 90' lang='lat' dir='ltr'>hic</span> <span class='ocrx_word' id='word_1_350' title='bbox 1174 3505 1357 3576; x_wconf 83' lang='lat' dir='ltr'>Sempronius.</span> 
     </span>
     <span class='ocr_line' id='line_1_74' title="bbox 864 3592 1356 3665; baseline -0.01 -15"><span class='ocrx_word' id='word_1_351' title='bbox 864 3599 930 3650; x_wconf 85' lang='lat' dir='ltr'>haec</span> <span class='ocrx_word' id='word_1_352' title='bbox 951 3597 982 3648; x_wconf 88' lang='lat' dir='ltr'>ad</span> <span class='ocrx_word' id='word_1_353' title='bbox 1002 3596 1051 3648; x_wconf 90' lang='lat' dir='ltr'>huc</span> <span class='ocrx_word' id='word_1_354' title='bbox 1065 3592 1356 3665; x_wconf 75' lang='lat' dir='ltr'>exemplumdecliuan·</span> 
     </span>
     <span class='ocr_line' id='line_1_75' title="bbox 864 3681 1355 3748; baseline -0.01 -11"><span class='ocrx_word' id='word_1_355' title='bbox 864 3696 915 3737; x_wconf 88' lang='lat' dir='ltr'>tur.</span> <span class='ocrx_word' id='word_1_356' title='bbox 926 3684 1032 3736; x_wconf 88' lang='lat' dir='ltr'>Numeri</span> <span class='ocrx_word' id='word_1_357' title='bbox 1051 3683 1204 3748; x_wconf 80' lang='lat' dir='ltr'>singularis,</span> <span class='ocrx_word' id='word_1_358' title='bbox 1215 3681 1260 3733; x_wconf 87' lang='lat' dir='ltr'>hic</span> <span class='ocrx_word' id='word_1_359' title='bbox 1280 3683 1355 3733; x_wconf 87' lang='lat' dir='ltr'>Sem-</span> 
     </span>
     <span class='ocr_line' id='line_1_76' title="bbox 862 3772 1355 3847; baseline -0.008 -21"><span class='ocrx_word' id='word_1_360' title='bbox 862 3774 970 3847; x_wconf 86' lang='lat' dir='ltr'>pronius</span> <span class='ocrx_word' id='word_1_361' title='bbox 986 3811 992 3830; x_wconf 83' lang='lat'><em>.</em></span> <span class='ocrx_word' id='word_1_362' title='bbox 1014 3773 1093 3824; x_wconf 81' lang='lat' dir='ltr'>huius</span> <span class='ocrx_word' id='word_1_363' title='bbox 1106 3773 1268 3842; x_wconf 85' lang='lat' dir='ltr'>Sempronii,</span> <span class='ocrx_word' id='word_1_364' title='bbox 1290 3772 1355 3823; x_wconf 87' lang='lat' dir='ltr'>huic</span> 
     </span>
     <span class='ocr_line' id='line_1_77' title="bbox 862 3860 1351 3931; baseline -0.004 -18"><span class='ocrx_word' id='word_1_365' title='bbox 862 3861 1029 3931; x_wconf 87' lang='lat' dir='ltr'>Sempronio.</span> <span class='ocrx_word' id='word_1_366' title='bbox 1053 3860 1125 3912; x_wconf 84' lang='lat' dir='ltr'>hunc</span> <span class='ocrx_word' id='word_1_367' title='bbox 1151 3860 1351 3931; x_wconf 80' lang='lat' dir='ltr'>Sempronium,</span> 
     </span>
     <span class='ocr_line' id='line_1_78' title="bbox 862 3947 1348 4018; baseline 0.004 -17"><span class='ocrx_word' id='word_1_368' title='bbox 862 3968 878 4001; x_wconf 92' lang='lat'><strong>0</strong></span> <span class='ocrx_word' id='word_1_369' title='bbox 895 3948 1046 4018; x_wconf 84' lang='lat' dir='ltr'>Semproni.</span> <span class='ocrx_word' id='word_1_370' title='bbox 1067 3947 1100 4000; x_wconf 86' lang='lat' dir='ltr'>ab</span> <span class='ocrx_word' id='word_1_371' title='bbox 1115 3947 1164 4000; x_wconf 88' lang='lat' dir='ltr'>hoc</span> <span class='ocrx_word' id='word_1_372' title='bbox 1177 3948 1348 4017; x_wconf 83' lang='lat' dir='ltr'>Sempronio.</span> 
     </span>
     <span class='ocr_line' id='line_1_79' title="bbox 860 4033 1357 4107; baseline -0.002 -18"><span class='ocrx_word' id='word_1_373' title='bbox 860 4035 1089 4107; x_wconf 84' lang='lat' dir='ltr'>numeripluralis,</span> <span class='ocrx_word' id='word_1_374' title='bbox 1097 4035 1126 4087; x_wconf 82' lang='lat' dir='ltr'>lri</span> <span class='ocrx_word' id='word_1_375' title='bbox 1139 4033 1294 4105; x_wconf 80' lang='lat' dir='ltr'>Sempronii,</span> <span class='ocrx_word' id='word_1_376' title='bbox 1307 4033 1357 4088; x_wconf 83' lang='lat' dir='ltr'>ho·</span> 
     </span>
    </p>
   </div>
   <div class='ocr_carea' id='block_1_10' title="bbox 0 0 1696 5206">
    <p class='ocr_par' dir='ltr' id='par_1_10' title="bbox 0 0 1696 5206">
     <span class='ocr_line' id='line_1_80' title="bbox 0 0 1696 5206; baseline 0 6"><span class='ocrx_word' id='word_1_377' title='bbox 0 0 1696 5206; x_wconf 95' lang='lat' dir='ltr'> </span> 
     </span>
    </p>
   </div>
  </div>
 </body>
</html>
