3382 5206
736 623 781 670 titt
808 619 961 670 nomint.

325 722 817 800 productatcrminantur,eaadexem-

327 819 399 888 plum
430 817 528 888 speciei
561 832 607 886 per
628 832 716 868 omnes
740 831 817 866 casus

327 904 505 956 declinantur.
519 902 594 954 Nunc
613 902 640 953 in
661 902 711 952 hac
723 918 817 971 supra-

329 993 402 1046 dicta
423 991 505 1046 forma
528 1009 582 1061 qua
601 990 717 1043 diximus
744 988 819 1041 abla-

329 1081 386 1133 tive
404 1096 467 1131 casu
485 1079 586 1131 numeri
605 1077 748 1143 singularis
769 1095 818 1130 no-

328 1168 400 1220 mina
417 1185 451 1222 ·e·
470 1167 560 1220 littera
577 1167 705 1238 producta
727 1165 819 1216 termi-

328 1256 407 1312 nari.
429 1255 478 1309 boc
492 1272 641 1311 monemus,
663 1253 735 1322 quod
755 1252 820 1304 haee

329 1343 382 1394 tria
399 1342 524 1397 nomina,
544 1341 614 1393 idest
630 1357 682 1397 res.
695 1357 771 1410 spes.
788 1341 820 1391 h-

329 1431 375 1483 des
397 1466 405 1487 ,
429 1448 476 1501 per
499 1430 601 1499 aliquos
616 1447 692 1483 casus
712 1446 818 1482 anoma-

328 1517 353 1569 le
366 1519 550 1586 repperiantur
566 1516 693 1568 declinari
703 1552 710 1572 ,
722 1525 749 1568 et
761 1515 819 1568 ideo

329 1606 470 1659 eorundem
507 1604 710 1658 declinationem
744 1603 822 1656 suhi-

330 1694 414 1747 cimus
435 1730 443 1750 .
467 1711 521 1763 qua
548 1693 700 1745 dinoscatur
722 1692 821 1761 quibus

330 1778 435 1830 casibus
451 1777 569 1828 anomale
584 1776 758 1828 declinantur.
771 1777 822 1828 Nu·

331 1864 392 1917 meri
418 1864 572 1929 singularis,
585 1863 718 1920 hareses,
743 1863 823 1914 huius

332 1949 822 2008 rei.huicrei.hancrem‚orcs,ab

331 2038 380 2090 hac
393 2056 428 2091 re·
444 2040 551 2093 Numeri
564 2040 673 2111 pluralis
683 2076 689 2097 ‚
699 2039 750 2090 hac
765 2056 803 2092 res
815 2075 822 2097 .

330 2127 424 2180 barum
435 2146 537 2186 rerum.
549 2129 592 2182 his
607 2128 693 2186 rebus,
704 2129 754 2182 has
766 2147 805 2181 res
817 2165 823 2186 2

331 2234 348 2267 o
371 2215 633 2274 res.ubhisrcbus.
654 2217 697 2268 Sic
721 2227 749 2269 et
767 2234 825 2288 spes

331 2315 359 2357 et
373 2305 437 2358 fides
445 2325 455 2370 ς
468 2305 515 2358 sed
531 2322 590 2376 spes
611 2322 626 2356 t
638 2305 758 2373 genetivo
777 2322 824 2357 ea-

330 2411 361 2445 su
386 2393 488 2447 numeri
510 2393 621 2465 pluralis
654 2393 824 2452 abstinetur,

333 2481 397 2534 tides
413 2498 476 2535 vero
488 2483 616 2551 pluralem
634 2499 771 2535 numerum
783 2481 823 2533 ia-

334 2569 562 2640 cereprobibetur.
583 2569 633 2623 Sed
646 2570 745 2640 quade
758 2587 822 2622 cru·

334 2673 363 2710 sa
372 2674 430 2729 spes
443 2658 565 2726 genetivo
579 2676 640 2712 casu
652 2657 752 2712 numeri
763 2657 824 2729 plu·

336 2743 398 2795 ralis
410 2743 592 2801 abstineatur.
609 2757 635 2798 et
650 2747 714 2798 fides
732 2764 824 2799 nurne-

335 2846 393 2884 rum
403 2832 529 2905 pluralem
539 2832 624 2886 heere
634 2832 807 2903 prohibeatur
818 2868 826 2889 0

337 2920 377 2974 vel
395 2938 442 2991 per
466 2925 659 2991 suprascriptos
681 2940 756 2975 casus
777 2939 823 2975 su-

337 3008 459 3079 pradicta
482 3009 535 3061 tria
566 3010 673 3062 nomina
705 3010 825 3065 ariomale

335 3097 518 3153 declinentur.
539 3096 589 3150 hoc
613 3096 641 3150 in
665 3097 737 3150 sonis
766 3114 825 3148 cum

335 3183 445 3254 syllabis
457 3193 626 3253 conpetenter
646 3182 827 3236 tractabimus.

373 3274 450 3326 Nune
471 3273 498 3323 in
507 3270 557 3321 bac
576 3271 728 3342 supradicta
745 3270 826 3323 lorma

338 3359 477 3430 quaeritur
500 3375 559 3409 cum
574 3357 640 3409 baec
661 3359 714 3410 tria
737 3376 828 3430 supra-

337 3445 410 3499 dicta
429 3446 534 3498 nomina
554 3447 582 3497 ia
597 3448 717 3512 genetivo
732 3456 760 3497 et
782 3446 827 3498 da·

339 3535 396 3588 tivo
416 3551 478 3586 casu
498 3533 598 3586 numeri
613 3534 755 3600 singularis
768 3570 774 3590 .
787 3533 827 3586 vel

338 3625 365 3674 in
394 3623 514 3691 genetivo
539 3622 631 3675 dativo
653 3633 680 3674 et
709 3621 827 3675 ablativo

336 3728 398 3763 casu
415 3709 517 3762 numeri
544 3708 653 3778 pluralis
676 3727 726 3759 non
748 3707 828 3759 decli-

338 3810 434 3852 nentur
444 3799 477 3851 ad
488 3798 596 3850 sormam
608 3797 779 3867 speciei,qrra
793 3799 826 3849 de

338 3903 416 3938 causa
435 3896 462 3937 et
475 3885 576 3937 hisdem
598 3883 704 3936 casibus
720 3904 772 3936 non
786 3884 826 3936 ‹ti-

340 3983 434 4025 eantur
456 3971 575 4024 anomale
602 3968 753 4022 declinari?
775 3972 825 4024 hac

339 4060 372 4113 de
387 4079 481 4118 causa,
500 4060 628 4130 quonism
646 4077 826 4130 quaecumque

1264 613 1330 665 201

870 721 978 775 nomina
1003 717 1037 770 ab
1062 735 1094 770 ·e·
1115 718 1245 792 producto
1272 717 1364 772 venire

871 808 1077 880 repperiuntur,
1104 807 1169 859 haec
1200 823 1233 858 ex
1261 804 1365 857 hisdem

871 894 1032 966 supradictis
1052 892 1157 946 casibus
1177 892 1298 945 ultimam
1317 891 1365 945 lit-

873 996 975 1039 teram.
997 983 1038 1037 vel
1062 983 1196 1053 syllabamj
1216 981 1365 1038 omittunt.

873 1085 901 1126 et
918 1072 1063 1127 ablativum
1084 1090 1172 1125 casum
1192 1069 1295 1124 numeri
1305 1068 1364 1121 siu-

873 1162 970 1229 gularis
986 1163 1139 1217 ostendunt·
1157 1161 1235 1215 Nune
1254 1176 1313 1212 cum
1338 1168 1367 1210 et

872 1252 937 1304 haec
957 1251 1112 1322 supradicta
1131 1249 1239 1303 nomina
1261 1264 1294 1300 ex
1317 1263 1365 1298 su·

874 1340 1004 1410 predictis
1024 1337 1129 1392 casibus
1142 1337 1192 1392 hoe
1211 1336 1295 1388 lacere
1307 1351 1367 1404 rep·

873 1430 1010 1500 periantur
1039 1439 1066 1483 et
1087 1428 1146 1482 ideo
1163 1426 1191 1481 in
1206 1425 1306 1478 hisdem
1320 1441 1368 1476 ca-

875 1516 948 1570 sibus
966 1517 1101 1585 analogice
1119 1535 1173 1571 non
1190 1513 1308 1569 anomale
1323 1511 1369 1565 de-

873 1607 1014 1660 clinantur.

911 1696 977 1747 ltem
995 1693 1132 1765 quaeritur
1148 1691 1182 1747 de
1203 1691 1307 1746 hisdem
1326 1706 1369 1744 su·

877 1782 1007 1855 pradictis
1031 1780 1183 1835 nominibus
1212 1791 1240 1835 et
1269 1779 1296 1833 in
1319 1776 1369 1831 ab·

876 1872 959 1926 lativo
996 1874 1057 1925 c'asu
1091 1871 1194 1924 numeri
1225 1870 1368 1940 singularis

876 1980 936 2014 cum
956 1961 990 2013 ad
1010 1959 1119 2014 sormam
1138 1959 1236 2032 speciei
1254 1979 1306 2014 non
1322 1960 1366 2013 in-

875 2051 1016 2104 veniantur
1048 2048 1176 2102 declinari
1204 2083 1213 2105 .
1251 2068 1305 2119 que
1333 2049 1367 2102 de

876 2154 956 2189 causa
969 2146 997 2190 et
1013 2135 1041 2188 iu
1052 2135 1143 2190 eodem
1156 2154 1218 2190 casu
1232 2154 1285 2190 non
1307 2155 1370 2190 anu·

876 2224 943 2298 male
964 2223 1089 2276 dicantur
1107 2219 1298 2294 pronuntiari?
1316 2222 1367 2276 bac

876 2311 908 2363 de
926 2328 1006 2363 eausa
1029 2310 1155 2379 quoniam
1182 2326 1365 2380 quaecumque

877 2398 984 2450 nomina
993 2394 1112 2450 ablativo
1126 2412 1188 2450 essu
1199 2396 1301 2450 numeri
1310 2395 1369 2450 sin·

876 2486 974 2553 gularis
1004 2505 1037 2540 ·e·
1068 2486 1158 2540 littera
1191 2486 1368 2538 terminantur

877 2587 904 2629 et
925 2576 952 2628 in
967 2575 1057 2629 eodem
1072 2575 1172 2639 integro
1189 2573 1307 2627 ablativo
1325 2591 1368 2625 ea·

877 2682 908 2717 su
921 2663 1022 2716 numeri
1038 2662 1179 2729 singularis
1192 2678 1267 2712 uum·
1287 2659 1368 2729 sylla-

876 2749 936 2802 bam
953 2749 1104 2820 accipiunt,
1124 2758 1152 2800 et
1162 2745 1312 2812 genetivum
1322 2761 1368 2797 ea·

876 2858 933 2894 sum
955 2837 1055 2891 numeri
1072 2835 1181 2907 pluralis
1201 2833 1366 2888 ostendunt·

875 2927 941 2979 haec
956 2925 990 2978 ab
1011 2942 1043 2976 ·e.
1062 2922 1191 2994 producto
1205 2920 1296 2974 venire
1309 2938 1370 2990 rep-

878 3014 1025 3085 periuntur.
1040 3012 1117 3063 Nunc
1135 3026 1194 3061 cum
1205 3019 1233 3060 et
1246 3006 1312 3059 hacc
1327 3023 1371 3059 su·

878 3100 998 3172 pradictu
1016 3098 1121 3152 nomina
1142 3095 1168 3148 in
1179 3095 1230 3176 bot
1243 3093 1369 3163 supradi-

879 3198 923 3241 cto
933 3205 994 3238 caru
1006 3185 1056 3240 hoe
1066 3183 1152 3236 lacere
1164 3180 1348 3253 repperiantur
1361 3214 1368 3234 .

879 3287 907 3328 et
920 3276 980 3327 ideo
993 3275 1020 3325 in
1034 3273 1125 3326 eodem
1136 3268 1290 3342 supradicto
1305 3285 1368 3322 casu

881 3382 932 3415 non
956 3361 1075 3414 anomale
1095 3359 1224 3412 declinari
1247 3375 1369 3429 pronun·

881 3451 992 3502 tiantur.

916 3539 980 3589 ltcm
1013 3534 1152 3606 quaeritur
1185 3532 1279 3584 harum
1308 3547 1369 3581 mu-

880 3627 972 3679 lierum
994 3643 1052 3676 cum
1074 3622 1177 3675 hisdem
1200 3619 1297 3673 litteris
1325 3618 1370 3671 de·

879 3717 988 3770 huiatnr
1007 3713 1050 3765 hic
1069 3712 1207 3778 genetivus
1225 3706 1324 3779 quibus
1345 3719 1373 3762 ct

880 3804 922 3855 ille
943 3802 990 3871 qui
1011 3798 1044 3851 ab
1061 3798 1148 3870 specie
1164 3797 1256 3851 venire
1270 3793 1371 3866 proba·

878 3899 938 3946 tur,
956 3906 1010 3957 qua
1025 3885 1058 3939 de
1071 3902 1151 3937 causa
1165 3883 1304 3937 mulierum
1317 3900 1370 3935 non

878 3974 912 4026 ab
933 3991 966 4026 ·e·
985 3973 1116 4044 producto
1140 3970 1231 4025 venire
1254 3986 1370 4041 pronun·

881 4058 985 4116 tieturl
1003 4061 1053 4113 hae
1071 4060 1106 4113 de
1127 4074 1226 4119 causa,
1241 4057 1370 4130 quontm
