3382 5206
647 572 713 640 tte
839 612 853 631 a
947 593 973 638 a.
998 589 1177 640 ttonrttn
1202 566 1249 639 ur
1270 593 1313 640 nr

618 720 657 758 vo
680 691 779 759 modo
802 694 970 783 epitritum
995 693 1128 760 tertium
1155 692 1373 776 derivari,·ut
1404 712 1652 784 emungerent,

616 816 823 882 excuterent,
847 798 1076 867 retruderent,
1092 819 1313 883 rarescerent,
1338 799 1561 869 vilescerent,
1577 800 1653 868 len·

616 925 800 976 tescereuts
827 907 1098 998 squalescerent,
1124 908 1349 997 ignoscerent,
1376 906 1653 996 depromerent,

617 1014 850 1104 depecterent,
880 1031 1098 1080 connecterent.
1123 1027 1158 1080 Δ,
1182 1016 1290 1098 Quare
1312 1014 1420 1101 prima
1436 1031 1471 1079 et
1495 1013 1653 1080 secunda

615 1122 798 1208 coniugatio
822 1144 880 1208 per
904 1119 988 1184 hauc
1013 1142 1225 1206 personarum
1247 1119 1281 1183 in
1304 1119 1517 1186 subiunctivo
1546 1119 1652 1187 modo

612 1229 744 1315 epitrito
768 1228 863 1292 tertio
888 1226 1022 1292 minime
1046 1219 1261 1315 congruunt?
1285 1224 1331 1288 M.
1349 1223 1444 1308 Quod
1469 1241 1651 1290 utrarum-

613 1357 679 1424 que
702 1332 802 1400 verba
827 1331 1093 1420 coniugationnm
1119 1332 1153 1396 in
1176 1328 1342 1418 praedicto
1374 1328 1474 1397 modo
1505 1347 1648 1420 tempo·

615 1463 652 1505 re
679 1438 855 1528 praeterito
882 1435 1062 1526 inperfecto
1082 1434 1153 1503 loco
1177 1433 1357 1524 penultimo
1386 1434 1647 1523 producuntur,

615 1563 649 1610 ut
672 1559 898 1611 macerarent,
926 1541 1132 1618 lacerarent;
1158 1541 1235 1606 item
1258 1539 1447 1622 maderent,
1464 1541 1653 1628 vigerent,

612 1650 809 1742 squalerent.
841 1649 925 1713 Nam
959 1668 1117 1737 utraeque
1149 1647 1391 1738 coniugationes
1423 1646 1646 1735 imperativus

611 1753 790 1845 producit,
815 1779 902 1843 qnae
927 1777 977 1818 ret
1006 1749 1199 1840 penultimas
1222 1750 1468 1838 praedictorum
1491 1749 1643 1842 tyllabaa

612 1860 789 1928 verborum
813 1876 978 1947 correptas
1005 1857 1075 1922 fore
1103 1880 1312 1947 nequaquam
1347 1859 1479 1945 patitur.
1511 1870 1546 1921 Δ.
1573 1856 1644 1923 Ar-

611 1965 655 2030 tis
681 1982 712 2031 et
742 1964 840 2030 thesio
867 1964 985 2053 quibus
1015 1961 1260 2026 discriminibus
1294 1960 1481 2027 alternatim
1508 1979 1644 2053 tempo-¹

610 2093 682 2134 rum
706 2069 865 2159 particula
892 2065 1119 2158 sequestrant?
1146 2069 1191 2136 M.
1219 2068 1319 2133 blodo
1344 2069 1422 2134 ursis
1446 2086 1638 2159 temporum

613 2192 742 2264 tropaeo
766 2175 946 2262 triumphat
971 2173 1049 2238 dunt
1077 2177 1172 2240 octies
1200 2176 1293 2240 semis
1321 2175 1509 2263 gubernat3
1537 2174 1641 2239 thesis

613 2302 689 2345 vero
714 2302 805 2346 versa
838 2278 910 2344 vice
935 2280 1035 2346 series
1061 2278 1158 2344 sentis
1185 2296 1345 2366 usurpat3
1371 2295 1402 2344 et
1429 2302 1515 2368 quae
1545 2281 1639 2368 prius

612 2386 646 2450 in
666 2383 940 2474 praecedentibus
961 2384 1098 2472 epitritis
1122 2384 1202 2451 arsia
1223 2383 1430 2476 subiugando
1446 2387 1563 2451 victrix
1582 2413 1641 2451 et-

609 2488 718 2558 titerat
736 2542 746 2576 ,
763 2515 851 2557 nuuc
875 2489 1008 2554 demum
1030 2492 1065 2554 in
1086 2490 1336 2559 succedentibus
1360 2492 1448 2559 idem
1471 2493 1642 2560 serviliter

611 2595 829 2685 mancipando
849 2611 882 2662 et
900 2596 1061 2660 enerviter
1091 2595 1240 2663 cedendo
1262 2597 1456 2663 succumbit.
1482 2611 1518 2663 Δ.
1543 2599 1641 2686 Ope·

613 2725 670 2768 rao
691 2703 834 2791 pretium
855 2717 904 2768 est
929 2719 963 2766 ut
989 2699 1301 2768 manifestandarum
1329 2728 1439 2768 rerum
1461 2705 1570 2793 gratia
1592 2729 1641 2770 re·

609 2806 708 2897 plices
725 2806 815 2873 uude
836 2807 900 2873 boc
921 2823 1069 2872 constare
1085 2806 1248 2872 credatur.
1269 2810 1314 2873 M.
1334 2809 1459 2897 Nempe
1476 2809 1543 2876 hoc
1565 2834 1641 2898 pro

609 2913 718 2980 aodiae
745 2937 838 2980 causa
868 2912 1056 3002 contingere
1090 2913 1195 2995 solet,
1226 2917 1301 3004 quia
1331 2915 1384 2978 bic
1414 2915 1569 3003 epiuitus
1598 2917 1641 2980 de

610 3042 675 3111 quo
703 3021 738 3085 in
763 3022 1019 3108 praesentiarum
1048 3046 1225 3110 parumper
1244 3022 1443 3086 comminisci
1472 3023 1641 3102 nitimur,

607 3126 642 3190 in
657 3125 917 3216 antepenultima
933 3145 1028 3192 acuto
1047 3127 1233 3218 proferatur
1249 3146 1383 3195 accentu
1402 3178 1411 3211 ,
1432 3131 1521 3195 sicut
1543 3154 1639 3216 prae-

608 3256 713 3301 cessor
740 3231 935 3322 penultima.

937 3448 985 3514 De
1009 3449 1141 3537 epitrito
1165 3467 1292 3539 quarto.

648 3673 683 3723 Δ.
708 3659 845 3751 Regulus
870 3685 909 3726 er
938 3661 1086 3749 partibus
1106 3663 1292 3727 orationum
1318 3685 1403 3751 qnae
1429 3661 1555 3748 epitriti
1587 3659 1640 3728 le·

604 3763 700 3852 gibus
721 3779 905 3854 'congruant
936 3765 1129 3856 quantocius
1165 3764 1357 3855 depromito·
1385 3765 1433 3830 Μ.
1466 3765 1638 3832 Constan-

607 3871 695 3952 tius,
722 3867 937 3936 Marcellinus
953 3869 1169 3953 Saturninus,
1189 3869 1406 3952 cancellatus,
1427 3866 1638 3957 fortunatus,

605 3977 835 4065 contignatus,
856 3998 1090 4044 aerumnosus,
1115 3974 1313 4043 libertinus,
1334 3974 1641 4060 conlibertus,Aa-

604 4085 766 4173 guatinas,
790 4082 1016 4168 Caelestinus,
1035 4081 1268 4185 crystallinus,
1284 4082 1521 4176 smaragdinus.
1543 4087 1639 4156 Haec
