3382 5206
735 634 877 683 cannara
905 635 968 683 vu.
1260 609 1327 701 441

408 741 472 810 Pro
497 764 561 834 quo
586 764 695 830 passus
722 756 792 808 erat
816 738 966 805 conditor
989 754 1088 830 atque
1109 740 1207 807 Deus.

265 842 314 907 15.
339 847 593 938 Humanumque
616 870 715 939 genus
739 862 843 912 totum
864 845 1030 927 rerqoavit
1051 844 1093 911 ab
1121 862 1216 913 antro

403 950 566 1020 Aeternae
590 952 723 1021 morsis,
747 975 812 1043 quo
837 948 924 1015 cadit
947 949 1177 1019 omnishomo.

338 1057 486 1124 Muneris
512 1060 658 1150 ingratus
683 1060 769 1125 vitae
793 1074 987 1147 spretorque
1015 1055 1128 1123 salutis

404 1164 509 1249 Quam
532 1163 668 1255 largitus
689 1178 759 1230 erat
784 1161 942 1227 maximus
968 1160 1143 1227 archiater.

335 1268 367 1333 Ο
394 1291 453 1332 rex
477 1267 646 1358 praeclaro
673 1271 732 1360 qui
753 1266 871 1335 lustras
892 1264 1016 1334 lumine
1037 1263 1201 1334 mundum

256 1385 310 1429 ²⁰·
403 1373 535 1464 Largito
557 1372 681 1442 Karolo
704 1397 861 1463 prospera
889 1389 1009 1439 cuncta
1032 1390 1099 1440 tuo.

335 1478 476 1572 Indulge
499 1480 620 1549 famulo
647 1478 769 1570 fragilis
794 1479 980 1545 contamina
1006 1479 1108 1562 vitae,

401 1590 448 1656 Ut
473 1588 580 1657 valeat
600 1611 702 1677 purus
725 1610 860 1656 cernere
879 1609 978 1676 regna
1004 1603 1071 1652 tua.

336 1691 457 1776 Στοῒχοι
479 1697 533 1758 τοῦ
556 1689 694 1778 Ἰωᾶννιου
715 1702 758 1775 τῷ
780 1691 864 1780 euplo
886 1693 979 1758 αὐτοῦ
1002 1688 1110 1758 ’ἄνακτι
1134 1686 1250 1784 Κιρόλῳ
1264 1686 1325 1780 (ι).

698 1899 884 1972 cAuMEN
908 1905 999 1974 vttl.

647 2114 697 2182 De
725 2115 838 2184 Verbo
862 2115 1042 2182 incarnato.

337 2253 399 2392 Si
420 2324 472 2389 via
494 2320 623 2414 οὐρανίας
646 2346 773 2391 sursum
800 2321 936 2393 volitare
960 2348 1020 2415 per
1044 2347 1161 2410 auras,

335 2428 572 2520 Empyriosque
598 2427 687 2516 polos
708 2430 825 2494 mentis
849 2427 977 2494 sulcare
1004 2446 1136 2513 meatu,

331 2536 484 2602 Ommate
503 2532 688 2624 glaucivido
704 2536 753 2622 (a)
775 2532 932 2602 lustrabis
954 2533 1075 2624 templa
1098 2533 1254 2623 sophlae‚

329 2641 477 2724 Quorum
503 2665 628 2705 summa
656 2641 736 2731 tegit
760 2641 919 2709 condensa
941 2641 1031 2709 nube
1056 2639 1184 2730 caligo,

274 2752 305 2816 5.
327 2745 450 2812 Omnes
471 2770 556 2836 quae
581 2764 711 2835 superat
729 2770 840 2813 sensus
861 2757 1044 2838 noerosque
1066 2745 1235 2837 logosque.

327 2852 411 2918 Inde
432 2849 534 2932 γνόφος
556 2852 722 2943 quondam
746 2852 876 2920 velabat
899 2854 978 2922 Sina
1002 2849 1140 2940 κορυφῖιν»

327 2960 415 3023 Dum
440 2962 526 3026 Deus
551 2960 724 3049 antiquum
745 2957 857 3046 θεσμὸν
883 2962 1017 3052 Moyseo
1043 2960 1198 3041 doceret,

328 3065 531 3130 Umbrarum
555 3067 666 3134 medio
695 3066 848 3157 linquens
876 3067 1007 3157 vestigia
1030 3067 1157 3156 τηροῦν.

329 3165 404 3234 Illic
431 3171 567 3258 aspicies
588 3171 762 3260 Seraphim
790 3170 919 3239 oculosa
948 3169 1076 3239 volares

256 3302 313 3365 ιο.
336 3272 380 3337 Et
406 3298 497 3341 sonas
522 3275 675 3366 πτέρυγας
700 3294 793 3345 terno
819 3277 859 3345 de
886 3276 1021 3344 cardine
1047 3302 1181 3367 pansas,

331 3381 429 3449 Circa
451 3398 588 3472 postque
609 3386 715 3450 Deum
739 3382 991 3475 polymorphota
1013 3383 1156 3474 plurima
1180 3385 1251 3474 ζῖοα

330 3488 430 3556 Claro
458 3505 648 3554 cunctorum
672 3487 870 3576 speculantia
893 3486 1016 3557 lumine
1041 3514 1191 3574 cataaam,

251 3602 254 3607 '
327 3593 441 3660 Unum
465 3592 663 3682 principium
690 3616 756 3683 quo
780 3615 892 3658 rerum
920 3592 1062 3662 volvitur
1089 3593 1173 3661 ordo

329 3699 513 3791 Ingenusin
522 3698 642 3787 species
656 3697 895 3790 rhythmosque
905 3699 1111 3792 chronosque
1119 3701 1348 3794 toposque(3)‚

414 3867 454 3939 (a)
474 3867 544 3919 llaec
562 3885 670 3936 quoque
689 3885 780 3933 graeca
800 3868 930 3924 sententia
948 3879 990 3926 est
1008 3870 1079 3943 apud
1098 3871 1204 3940 glossat·
1223 3871 1272 3929 loc.
1290 3875 1338 3926 cit·

417 3953 457 4024 (a)
477 3954 569 4008 Glossa
587 3955 666 4005 oculu
685 3942 835 4007 troctivr’tlo.

416 4036 456 4112 (3)
475 4040 570 4094 Glossa
586 4041 668 4091 toras.
