3382 5206
369 578 440 628 100
747 579 890 627 nnuma
917 583 938 628 t.
1006 627 1017 677 l

335 681 548 785 querihabin
561 682 737 774 dicimus,
756 685 854 785 quod
869 685 1014 759 incocta
1028 686 1208 785 coquendi
1222 685 1351 759 habeat

336 800 526 877 ditionem.
548 800 614 877 III.
632 829 738 876 maen
759 802 913 895 dicitur,
935 803 1033 905 quod
1051 804 1176 877 ardeat.
1196 802 1281 877 IIII.
1299 831 1351 879 ca-

335 944 421 1010 ω,
446 919 593 1008 calaris,
618 949 661 994 ex
682 920 809 996 calore.
828 920 872 997 V.
892 949 1062 1012 saracinos,
1087 952 1128 996 ex
1146 921 1348 1022 spiramine.

333 1035 396 1112 VI.
418 1066 533 1128 nusm,
554 1037 599 1113 de
619 1028 749 1114 rubere
766 1038 847 1114 VII.
867 1065 1011 1128 resnou,
1035 1069 1078 1114 ex
1097 1042 1234 1137 fragore
1255 1041 1350 1112 flam·

332 1181 413 1230 mae
435 1159 493 1257 (a).
511 1156 612 1231 VIII.
628 1186 800 1248 rumaren,
820 1159 988 1233 desumo.
1003 1157 1123 1234 VIIII.
1144 1186 1281 1246 uerna,
1301 1157 1347 1230 de

334 1274 489 1349 urendo.
502 1273 550 1348 X.
567 1303 695 1364 vinus,
710 1277 800 1381 quia¹
811 1305 925 1378 paene
944 1277 1104 1351 membra
1122 1294 1266 1350 mortua
1280 1303 1348 1348 suo

330 1394 451 1493 vigore
469 1397 635 1471 vivificat.
652 1396 718 1474 XI.
732 1426 910 1486 secessus,
929 1426 974 1472 eo
995 1397 1095 1499 quod
1114 1398 1160 1472 de
1181 1397 1281 1472 silice
1303 1396 1347 1470 si-

331 1515 414 1595 Iiat:
432 1519 533 1594 unde
553 1538 590 1593 et
609 1519 697 1595 silex
715 1548 792 1595 non
809 1537 908 1596 recte
932 1519 1093 1610 dicitur,
1113 1520 1187 1596 nisi
1211 1548 1254 1594 ex
1276 1545 1347 1618 qua

332 1638 490 1713 scintilla
513 1639 593 1716 silit.
614 1637 699 1717 XII.
718 1667 868 1731 aanor,
887 1641 933 1715 de
953 1669 1068 1716 aeneo
1089 1641 1153 1742 qui
1175 1640 1213 1713 in
1236 1669 1278 1713 ee
1293 1638 1343 1738 (b)

330 1757 501 1846 habitat,
529 1757 601 1832 sive
625 1785 646 1831 a
674 1756 778 1833 cuius
803 1759 849 1860 (c)
880 1758 1065 1835 elementis
1088 1760 1196 1833 ssatus
1221 1760 1344 1830 fertur.

332 1874 396 1950 Sic
411 1873 614 1977 peremnia
629 1905 745 1977 paene
762 1879 935 1953 vocabula
954 1879 1003 1979 (d)
1017 1879 1128 1954 latina
1148 1907 1189 1953 ac
1206 1905 1344 1952 summa

329 2024 507 2095 generum
528 2001 753 2100 subputatur.
772 1997 884 2078 Finit.

435 2237 629 2313 INCIPIT
657 2238 705 2313 II.
731 2238 799 2312 DE
827 2237 1241 2315 SCINDERATIONE

684 2356 989 2435 PIIONORUM.

497 2511 536 2610 )

410 2624 438 2673 ι.
468 2508 506 2671 l
540 2599 651 2671 rirnus
673 2595 817 2671 Aeneas
838 2616 924 2699 aput
943 2627 1010 2672 nes
1036 2601 1154 2699 pliona
1176 2600 1342 2674 scindere

328 2735 527 2792 consuetus
540 2736 634 2793 erat:
654 2719 752 2819 qued
768 2747 851 2793 cum
863 2721 907 2792 ab
923 2748 965 2795 co
980 2719 1253 2818 diligentissime
1267 2750 1344 2820 per-

326 2855 546 2927 cunctarer,
569 2867 633 2912 cur
651 2838 720 2910 hoc
741 2839 899 2928 Iaceret,
920 2839 970 2912 ait
984 2868 993 2914 ε
1009 2866 1029 2912 ο
1046 2838 1119 2926 fili,
1134 2838 1278 2939 inquit,
1295 2842 1341 2912 oh

323 2974 395 3032 tres
413 2986 537 3032 causas
550 2960 668 3058 pliona
681 2957 894 3034 finduntur:
908 2958 1020 3058 prima
1034 2976 1107 3047 est,
1120 2975 1160 3032 ut
1175 2958 1343 3055 sagacita-

322 3095 397 3153 tem
416 3081 462 3180 (ο)
476 3078 697 3153 discentium
713 3097 920 3154 nostrorum
932 3077 970 3151 in
983 3077 1215 3180 inquirendis
1233 3096 1341 3178 atque

322 3197 553 3272 inveniendis
574 3199 652 3281 Iris,
674 3226 766 3297 quae
785 3199 938 3272 obscura
960 3215 1067 3285 sunt,
1089 3198 1338 3296 adprobemus.

323 3314 495 3392 Secunde
520 3335 663 3418 prepter
686 3317 860 3390 decorum
885 3315 1248 3415 aedificationemque
1271 3316 1339 3389 elo-

321 3437 503 3536 quentiae.
519 3435 643 3509 Tertia
655 3463 702 3509 nc
719 3433 890 3533 mystica,
908 3462 1000 3535 quae
1019 3433 1102 3509 solis
1119 3435 1237 3530 gnaris
1253 3462 1338 3533 pan·

320 3554 359 3631 di
383 3556 536 3645 debent,
563 3556 693 3655 passim
715 3557 759 3629 ab
782 3554 916 3628 infimis
938 3583 979 3628 ac
1002 3553 1119 3628 stultis
1141 3553 1244 3626 saeile
1260 3581 1336 3652 rep-

319 3672 527 3774 periantur3
554 3702 596 3748 ac
624 3674 829 3750 seeundum
854 3673 1066 3774 antiquum,
1088 3699 1170 3745 sues
1205 3699 1337 3770 marga-

318 3792 404 3872 ritas
423 3794 565 3868 calcent
577 3824 586 3871 ε
598 3794 735 3868 etenim
746 3794 776 3868 si
790 3792 842 3867 illi
858 3791 1057 3867 didicerint
1070 3793 1164 3865 hanc
1177 3810 1334 3882 sectam,

403 3955 442 4026 (a)
459 3959 516 4010 ced.
530 3961 646 4021 frameae·
695 3960 732 4021 (Is)
750 3961 808 4008 Ced.
829 3960 859 4005 de
875 3976 949 4004 aenea
970 3960 1001 4003 de
1023 3976 1049 4002 eo
1070 3965 1111 4021 qut
1136 3965 1160 4002 in
1178 3977 1204 4004 co
1230 3960 1331 4006 habiret.

325 4035 364 4104 (c)
380 4039 438 4092 cad.
452 4055 468 4084 ι
483 4055 537 4101 quo·
568 4037 607 4104 (d)
623 4041 679 4089 cod.
701 4039 810 4091 ararad«,
842 4034 880 4107 (a)
897 4039 953 4090 ced.
969 4047 1088 4097 captate.
1121 4049 1122 4052 ’
