3382 5206
726 624 870 670 serrone
898 624 950 669 ru·
1247 595 1317 671 115
1343 625 1347 632 ¹

331 733 449 833 plenis
479 733 571 830 agris
601 731 834 832 domibusque
865 732 961 805 ornni
994 731 1184 804 substantia
1218 730 1348 804 redun-

328 854 432 940 dans,
454 880 515 952 per
541 855 609 925 hoc
636 880 705 925 nec
735 853 816 925 belli
846 854 1031 951 pervicax,
1063 880 1130 925 noc
1161 851 1346 923 doctrinae

331 989 424 1044 extat
446 972 568 1043 efficax
583 1002 592 1044 :
610 970 762 1069 populus
782 987 899 1042 autem
921 999 962 1042 ex
981 998 1095 1069 pope,
1122 971 1190 1042 hoc
1219 985 1272 1042 est
1305 996 1347 1041 ex
1370 1063 1374 1071 Ι

291 1149 294 1157 .
325 1091 531 1164 fortitudine
558 1091 614 1162 vel
639 1117 809 1163 manuurn
836 1090 887 1162 vel
917 1116 1042 1161 sensus
1064 1089 1114 1161 sic
1140 1087 1347 1187 appellatur.

329 1211 428 1284 Inter
446 1238 549 1283 verus
570 1226 605 1282 et
630 1237 750 1284 verax:
781 1237 884 1282 verus
911 1209 1006 1281 enirn
1025 1207 1068 1280 ad
1097 1223 1246 1280 naturae
1273 1225 1348 1281 tnn-

330 1347 407 1403 tum
430 1330 612 1403 veritatem
639 1331 811 1417 refertur,
838 1328 941 1402 verax'
972 1344 1091 1401 autern
1121 1328 1255 1400 dicitur
1283 1327 1348 1428 qui

328 1473 551 1548 nequaquam
577 1449 759 1522 mentitur.
783 1447 860 1520 Cur
879 1448 972 1547 quod
1002 1449 1047 1548 (a)
1082 1463 1258 1521 creaturas
1283 1473 1347 1545 pro

331 1565 545 1654 elementis,
583 1583 617 1639 et
651 1566 820 1639 elementa
850 1594 913 1665 pro
943 1565 1116 1639 creaturis
1150 1552 1348 1639 ex'nostris

330 1685 473 1785 quidam
493 1687 672 1785 posuere?
693 1713 776 1759 curn
799 1687 1016 1759 elementum
1034 1686 1243 1759 aethereum
1265 1712 1350 1785 qua·

334 1807 361 1879 si
391 1808 552 1880 divinum
582 1807 713 1907 aliquid
745 1808 943 1881 vocandum
969 1809 1022 1881 sit.
1049 1805 1097 1888 ὅτι
1131 1807 1227 1879 enirn
1253 1805 1347 1905 apud

333 1925 510 1999 Hebraeos
522 1924 624 1999 Deus
636 1926 787 2022 dicitur3
801 1926 896 1999 unde
908 1943 943 2000 et
954 1924 1046 2026 aputl
1060 1925 1215 1999 Graecos
1228 1924 1342 2028 lim&

333 2044 382 2115 sol
401 2044 605 2143 appellatur.
629 2042 798 2116 Creaturu
819 2062 939 2118 autem
957 2061 1099 2117 vocatur
1119 2040 1291 2144 quicquid
1303 2042 1348 2114 de

334 2181 444 2236 terrae
466 2165 607 2236 matoria
629 2183 787 2238 creatum
809 2182 871 2241 est.
899 2164 994 2238 Sunt
1022 2181 1056 2237 et
1087 2166 1260 2255 elementa
1285 2161 1349 2233 ini-

333 2284 380 2354 tia
398 2283 636 2371 litteraturae,
656 2312 745 2383 quae
767 2314 808 2357 ex
831 2286 1055 2375 elimatione,
1074 2285 1142 2358 lroc
1164 2301 1216 2357 est
1234 2284 1278 2356 ab
1299 2269 1350 2354 in·

332 2402 520 2500 scriptione
539 2403 751 2479 vocitantur.
773 2403 867 2477 llaec
888 2403 932 2476 de
959 2403 1142 2478 dialectica
1175 2419 1249 2476 arte
1278 2403 1349 2474 sint

333 2519 427 2594 dieta
450 2523 515 2620 (ι).

412 2667 446 2739 9.
467 2638 669 2713 Geometria
697 2659 830 2714 estare
856 2670 947 2742 quae
971 2641 1132 2714 omniurn
1161 2640 1352 2712 herbarum

335 2760 602 2859 graminumque
630 2761 911 2860 experimentum
943 2761 1126 2835 enuntiat:
1157 2757 1254 2832 unde
1280 2785 1352 2831 me·

330 2875 428 2948 dicos
447 2895 640 2973 geometras
659 2907 844 2967 vocamus,
866 2878 900 2949 id
918 2897 969 2952 est
984 2895 1141 2978 expertos
1154 2877 1351 2950 herbarum.

333 2993 554 3069 Astronomia
576 3016 629 3071 est
647 3028 738 3098 quae
768 3017 944 3072 astrorum
973 2999 1135 3072 omniurn
1164 3024 1284 3070 cursus
1315 2995 1354 3068 li·

333 3144 488 3217 neasque
519 3120 691 3208 ostendit,
721 3121 759 3191 in
791 3149 860 3219 qua
891 3137 965 3193 arte
992 3137 1194 3220 temporum
1224 3118 1351 3215 signa,

334 3264 481 3336 operum
501 3238 1073 3337 opportunitaterintellcguntur2
1095 3266 1136 3311 ex
1164 3265 1235 3338 qua
1260 3235 1355 3307 ·Xll·

337 3356 432 3452 signa
453 3357 658 3456 principalia
680 3374 941 3458 supputantur,
974 3387 1063 3458 quae
1097 3356 1225 3429 Graeci
1249 3382 1360 3427 muzu-

334 3505 397 3550 rou
417 3494 563 3566 vocant,
583 3477 676 3577 apud
695 3506 781 3577 quos
802 3506 872 3551 uon
895 3478 987 3550 ·Xll·
1007 3479 1067 3552 sod
1089 3477 1204 3550 xlll-
1221 3476 1357 3553 habeu-

338 3615 417 3685 tur,
435 3625 585 3696 quorum
606 3614 688 3671 sunt
708 3599 852 3671 nomina
874 3600 1059 3688 monrnalr,
1082 3616 1198 3689 tonte,
1220 3598 1354 3700 phinon

332 3718 386 3791 les
405 3715 572 3804 damech,
593 3716 778 3815 persellea,
808 3716 980 3814 belgalic,
1013 3717 1200 3815 margalet,
1227 3717 1352 3803 lutum·

419 3877 458 3946 (ι)
478 3888 519 3927 Pro
535 3884 595 3939 qnld
611 3885 683 3943 quod.

413 4011 462 4079 (ι)
482 4013 550 4077 Ergo
569 4011 716 4081 superiores
746 4013 917 4082 etpurologiac
946 4015 1051 4085 potiore
1080 4013 1137 4066 iure
1158 4014 1349 4086 arlcpitoururn

348 4097 411 4148 llll.
433 4098 615 4152 arrraudaudae
634 4110 734 4153 esseut.

1093 4191 1161 4262 80
