<?xml version="1.0" encoding="UTF-8"?>
<!DOCTYPE html PUBLIC "-//W3C//DTD XHTML 1.0 Transitional//EN"
    "http://www.w3.org/TR/xhtml1/DTD/xhtml1-transitional.dtd">
<html xmlns="http://www.w3.org/1999/xhtml" xml:lang="en" lang="en">
 <head>
  <title>
</title>
<meta http-equiv="Content-Type" content="text/html;charset=utf-8" />
  <meta name='ocr-system' content='tesseract 3.04.00' />
  <meta name='ocr-capabilities' content='ocr_page ocr_carea ocr_par ocr_line ocrx_word'/>
</head>
<body>
  <div class='ocr_page' id='page_1' title='image "./classicorumauct00vatigoog_0186.png"; bbox 0 0 3382 5206; ppageno 0'>
   <div class='ocr_carea' id='block_1_1' title="bbox 744 506 956 555">
    <p class='ocr_par' dir='ltr' id='par_1_1' title="bbox 744 506 956 555">
     <span class='ocr_line' id='line_1_1' title="bbox 744 506 956 555; baseline 0.014 -4"><span class='ocrx_word' id='word_1_1' title='bbox 744 506 887 553; x_wconf 70' lang='lat' dir='ltr'><strong>armona</strong></span> <span class='ocrx_word' id='word_1_2' title='bbox 913 506 956 555; x_wconf 78' lang='lat' dir='ltr'><strong>vl.</strong></span> 
     </span>
    </p>
   </div>
   <div class='ocr_carea' id='block_1_2' title="bbox 643 745 1053 823">
    <p class='ocr_par' dir='ltr' id='par_1_2' title="bbox 643 745 1053 823">
     <span class='ocr_line' id='line_1_2' title="bbox 643 745 1053 823; baseline 0.012 -5"><span class='ocrx_word' id='word_1_3' title='bbox 643 745 704 823; x_wconf 84' lang='lat' dir='ltr'><strong>Vl.</strong></span> <span class='ocrx_word' id='word_1_4' title='bbox 731 746 797 821; x_wconf 87' lang='lat' dir='ltr'><strong>DE</strong></span> <span class='ocrx_word' id='word_1_5' title='bbox 826 748 1053 823; x_wconf 80' lang='lat' dir='ltr'><strong>LITTERA.</strong></span> 
     </span>
    </p>
   </div>
   <div class='ocr_carea' id='block_1_3' title="bbox 308 903 1358 1598">
    <p class='ocr_par' dir='ltr' id='par_1_3' title="bbox 308 903 1358 1598">
     <span class='ocr_line' id='line_1_3' title="bbox 336 903 1358 1096; baseline 0.013 -35"><span class='ocrx_word' id='word_1_6' title='bbox 336 903 411 1072; x_wconf 81' lang='lat' dir='ltr'>L</span> <span class='ocrx_word' id='word_1_7' title='bbox 418 991 521 1064; x_wconf 87' lang='lat' dir='ltr'><strong>ittera</strong></span> <span class='ocrx_word' id='word_1_8' title='bbox 543 1011 594 1067; x_wconf 89' lang='lat' dir='ltr'><strong>est</strong></span> <span class='ocrx_word' id='word_1_9' title='bbox 612 995 723 1069; x_wconf 83' lang='lat' dir='ltr'><strong>veluti</strong></span> <span class='ocrx_word' id='word_1_10' title='bbox 744 996 918 1096; x_wconf 84' lang='lat' dir='ltr'>quaedam</span> <span class='ocrx_word' id='word_1_11' title='bbox 936 997 1076 1094; x_wconf 89' lang='lat' dir='ltr'><strong>legendi</strong></span> <span class='ocrx_word' id='word_1_12' title='bbox 1098 999 1276 1073; x_wconf 74' lang='lat' dir='ltr'><strong>nativitas:</strong></span> <span class='ocrx_word' id='word_1_13' title='bbox 1292 1027 1358 1073; x_wconf 92' lang='lat' dir='ltr'><strong>un·</strong></span> 
     </span>
     <span class='ocr_line' id='line_1_4' title="bbox 336 1114 1356 1210; baseline 0.01 -24"><span class='ocrx_word' id='word_1_14' title='bbox 336 1114 381 1187; x_wconf 89' lang='lat' dir='ltr'><strong>de</strong></span> <span class='ocrx_word' id='word_1_15' title='bbox 410 1134 446 1189; x_wconf 91' lang='lat' dir='ltr'><strong>et</strong></span> <span class='ocrx_word' id='word_1_16' title='bbox 475 1118 549 1194; x_wconf 89' lang='lat' dir='ltr'><strong>eius</strong></span> <span class='ocrx_word' id='word_1_17' title='bbox 576 1118 828 1210; x_wconf 86' lang='lat' dir='ltr'><strong>incrementa,</strong></span> <span class='ocrx_word' id='word_1_18' title='bbox 858 1121 1028 1195; x_wconf 78' lang='lat' dir='ltr'><strong>infantuli</strong></span> <span class='ocrx_word' id='word_1_19' title='bbox 1057 1151 1076 1194; x_wconf 89' lang='lat' dir='ltr'><strong>e</strong></span> <span class='ocrx_word' id='word_1_20' title='bbox 1104 1126 1226 1195; x_wconf 89' lang='lat' dir='ltr'><strong>matris</strong></span> <span class='ocrx_word' id='word_1_21' title='bbox 1255 1141 1356 1196; x_wconf 88' lang='lat' dir='ltr'><strong>utero</strong></span> 
     </span>
     <span class='ocr_line' id='line_1_5' title="bbox 335 1246 1353 1348; baseline 0.005 -31"><span class='ocrx_word' id='word_1_22' title='bbox 335 1246 597 1345; x_wconf 89' lang='lat' dir='ltr'><strong>prorumpentis</strong></span> <span class='ocrx_word' id='word_1_23' title='bbox 617 1247 789 1321; x_wconf 87' lang='lat' dir='ltr'><strong>aetatibus</strong></span> <span class='ocrx_word' id='word_1_24' title='bbox 816 1264 1084 1348; x_wconf 77' lang='lat' dir='ltr'><strong>comparantur.</strong></span> <span class='ocrx_word' id='word_1_25' title='bbox 1110 1249 1162 1323; x_wconf 94' lang='lat' dir='ltr'><strong>Ut</strong></span> <span class='ocrx_word' id='word_1_26' title='bbox 1186 1250 1281 1322; x_wconf 88' lang='lat' dir='ltr'><strong>enim</strong></span> <span class='ocrx_word' id='word_1_27' title='bbox 1299 1249 1353 1322; x_wconf 93' lang='lat' dir='ltr'><strong>in·</strong></span> 
     </span>
     <span class='ocr_line' id='line_1_6' title="bbox 336 1367 1355 1472; baseline 0.005 -32"><span class='ocrx_word' id='word_1_28' title='bbox 336 1370 413 1442; x_wconf 86' lang='lat' dir='ltr'><strong>sans</strong></span> <span class='ocrx_word' id='word_1_29' title='bbox 432 1367 566 1444; x_wconf 87' lang='lat' dir='ltr'><strong>dieitur</strong></span> <span class='ocrx_word' id='word_1_30' title='bbox 586 1372 650 1471; x_wconf 91' lang='lat' dir='ltr'><strong>qui</strong></span> <span class='ocrx_word' id='word_1_31' title='bbox 668 1370 767 1472; x_wconf 89' lang='lat' dir='ltr'><strong>loqui</strong></span> <span class='ocrx_word' id='word_1_32' title='bbox 787 1372 919 1467; x_wconf 84' lang='lat' dir='ltr'><strong>nescit3</strong></span> <span class='ocrx_word' id='word_1_33' title='bbox 936 1390 971 1444; x_wconf 91' lang='lat' dir='ltr'><strong>et</strong></span> <span class='ocrx_word' id='word_1_34' title='bbox 990 1373 1156 1471; x_wconf 88' lang='lat' dir='ltr'><strong>parvulus</strong></span> <span class='ocrx_word' id='word_1_35' title='bbox 1178 1400 1259 1446; x_wconf 88' lang='lat' dir='ltr'><strong>eum</strong></span> <span class='ocrx_word' id='word_1_36' title='bbox 1279 1400 1355 1472; x_wconf 89' lang='lat' dir='ltr'><strong>par-</strong></span> 
     </span>
     <span class='ocr_line' id='line_1_7' title="bbox 308 1495 1353 1598; baseline 0.002 -31"><span class='ocrx_word' id='word_1_37' title='bbox 308 1520 373 1567; x_wconf 62' lang='lat' dir='ltr'><strong>«va</strong></span> <span class='ocrx_word' id='word_1_38' title='bbox 394 1520 580 1592; x_wconf 82' lang='lat' dir='ltr'>gressuum</span> <span class='ocrx_word' id='word_1_39' title='bbox 597 1495 780 1569; x_wconf 81' lang='lat' dir='ltr'><strong>molimina</strong></span> <span class='ocrx_word' id='word_1_40' title='bbox 801 1496 928 1568; x_wconf 89' lang='lat' dir='ltr'><strong>nititur</strong></span> <span class='ocrx_word' id='word_1_41' title='bbox 948 1496 1179 1596; x_wconf 83' lang='lat' dir='ltr'><strong>imprimere3</strong></span> <span class='ocrx_word' id='word_1_42' title='bbox 1207 1515 1240 1570; x_wconf 87' lang='lat' dir='ltr'><strong>et</strong></span> <span class='ocrx_word' id='word_1_43' title='bbox 1266 1525 1353 1598; x_wconf 90' lang='lat' dir='ltr'><strong>puer</strong></span> 
     </span>
    </p>
   </div>
   <div class='ocr_carea' id='block_1_4' title="bbox 330 1618 1353 2084">
    <p class='ocr_par' dir='ltr' id='par_1_4' title="bbox 330 1618 1353 2084">
     <span class='ocr_line' id='line_1_8' title="bbox 333 1618 1353 1723; baseline 0.003 -33"><span class='ocrx_word' id='word_1_44' title='bbox 333 1618 478 1718; x_wconf 88' lang='lat' dir='ltr'><strong>quando</strong></span> <span class='ocrx_word' id='word_1_45' title='bbox 500 1619 691 1718; x_wconf 83' lang='lat' dir='ltr'><strong>pubescit3</strong></span> <span class='ocrx_word' id='word_1_46' title='bbox 717 1620 924 1695; x_wconf 83' lang='lat' dir='ltr'><strong>adulescens</strong></span> <span class='ocrx_word' id='word_1_47' title='bbox 945 1639 1066 1695; x_wconf 88' lang='lat' dir='ltr'><strong>autem</strong></span> <span class='ocrx_word' id='word_1_48' title='bbox 1092 1649 1175 1696; x_wconf 92' lang='lat' dir='ltr'><strong>cum</strong></span> <span class='ocrx_word' id='word_1_49' title='bbox 1201 1622 1353 1723; x_wconf 90' lang='lat' dir='ltr'><strong>proceri·</strong></span> 
     </span>
     <span class='ocr_line' id='line_1_9' title="bbox 332 1741 1351 1842; baseline 0.006 -30"><span class='ocrx_word' id='word_1_50' title='bbox 332 1755 404 1813; x_wconf 86' lang='lat' dir='ltr'><strong>tate</strong></span> <span class='ocrx_word' id='word_1_51' title='bbox 434 1741 590 1842; x_wconf 88' lang='lat' dir='ltr'><strong>corporis</strong></span> <span class='ocrx_word' id='word_1_52' title='bbox 615 1741 814 1839; x_wconf 83' lang='lat' dir='ltr'><strong>adolescit3</strong></span> <span class='ocrx_word' id='word_1_53' title='bbox 844 1744 982 1816; x_wconf 82' lang='lat' dir='ltr'><strong>iuvenis</strong></span> <span class='ocrx_word' id='word_1_54' title='bbox 1008 1770 1089 1817; x_wconf 87' lang='lat' dir='ltr'><strong>vero</strong></span> <span class='ocrx_word' id='word_1_55' title='bbox 1120 1771 1203 1818; x_wconf 90' lang='lat' dir='ltr'><strong>cum</strong></span> <span class='ocrx_word' id='word_1_56' title='bbox 1232 1746 1351 1818; x_wconf 89' lang='lat' dir='ltr'><strong>iuven·</strong></span> 
     </span>
     <span class='ocr_line' id='line_1_10' title="bbox 331 1861 1352 1966; baseline 0.01 -33"><span class='ocrx_word' id='word_1_57' title='bbox 331 1875 409 1934; x_wconf 87' lang='lat' dir='ltr'><strong>tute</strong></span> <span class='ocrx_word' id='word_1_58' title='bbox 437 1861 601 1952; x_wconf 80' lang='lat' dir='ltr'><strong>adultat,</strong></span> <span class='ocrx_word' id='word_1_59' title='bbox 631 1863 795 1963; x_wconf 84' lang='lat' dir='ltr'><strong>coniugio</strong></span> <span class='ocrx_word' id='word_1_60' title='bbox 823 1864 1070 1952; x_wconf 87' lang='lat' dir='ltr'><strong>admiscetur,</strong></span> <span class='ocrx_word' id='word_1_61' title='bbox 1098 1883 1204 1966; x_wconf 90' lang='lat' dir='ltr'><strong>atque</strong></span> <span class='ocrx_word' id='word_1_62' title='bbox 1231 1867 1352 1944; x_wconf 88' lang='lat' dir='ltr'><strong>libera-</strong></span> 
     </span>
     <span class='ocr_line' id='line_1_11' title="bbox 330 1984 1351 2084; baseline 0.008 -28"><span class='ocrx_word' id='word_1_63' title='bbox 330 1984 423 2057; x_wconf 85' lang='lat' dir='ltr'><strong>libus</strong></span> <span class='ocrx_word' id='word_1_64' title='bbox 451 1986 574 2058; x_wconf 90' lang='lat' dir='ltr'><strong>studiis</strong></span> <span class='ocrx_word' id='word_1_65' title='bbox 600 1987 669 2058; x_wconf 92' lang='lat' dir='ltr'><strong>iam</strong></span> <span class='ocrx_word' id='word_1_66' title='bbox 696 1987 822 2084; x_wconf 90' lang='lat' dir='ltr'><strong>dignus</strong></span> <span class='ocrx_word' id='word_1_67' title='bbox 850 1990 914 2082; x_wconf 84' lang='lat' dir='ltr'><strong>lit3</strong></span> <span class='ocrx_word' id='word_1_68' title='bbox 940 2004 975 2060; x_wconf 93' lang='lat' dir='ltr'><strong>at</strong></span> <span class='ocrx_word' id='word_1_69' title='bbox 1001 1987 1054 2059; x_wconf 83' lang='lat' dir='ltr'><strong>vir</strong></span> <span class='ocrx_word' id='word_1_70' title='bbox 1082 2015 1164 2062; x_wconf 88' lang='lat' dir='ltr'><strong>eum</strong></span> <span class='ocrx_word' id='word_1_71' title='bbox 1190 1991 1351 2064; x_wconf 87' lang='lat' dir='ltr'><strong>omnium</strong></span> 
     </span>
    </p>
   </div>
   <div class='ocr_carea' id='block_1_5' title="bbox 323 2112 1391 4078">
    <p class='ocr_par' dir='ltr' id='par_1_5' title="bbox 323 2112 1391 4078">
     <span class='ocr_line' id='line_1_12' title="bbox 330 2112 1350 2215; baseline 0.006 -31"><span class='ocrx_word' id='word_1_72' title='bbox 330 2139 504 2188; x_wconf 88' lang='lat' dir='ltr'><strong>sensuum</strong></span> <span class='ocrx_word' id='word_1_73' title='bbox 532 2112 827 2215; x_wconf 86' lang='lat' dir='ltr'><strong>consiliorumque</strong></span> <span class='ocrx_word' id='word_1_74' title='bbox 854 2114 1020 2188; x_wconf 83' lang='lat' dir='ltr'><strong>virtutem</strong></span> <span class='ocrx_word' id='word_1_75' title='bbox 1039 2115 1283 2213; x_wconf 82' lang='lat' dir='ltr'><strong>nanciscitur3</strong></span> <span class='ocrx_word' id='word_1_76' title='bbox 1304 2118 1350 2191; x_wconf 91' lang='lat' dir='ltr'><strong>ita</strong></span> 
     </span>
     <span class='ocr_line' id='line_1_13' title="bbox 329 2238 1347 2341; baseline 0.005 -31"><span class='ocrx_word' id='word_1_77' title='bbox 329 2238 433 2311; x_wconf 89' lang='lat' dir='ltr'><strong>etiam</strong></span> <span class='ocrx_word' id='word_1_78' title='bbox 456 2238 574 2312; x_wconf 90' lang='lat' dir='ltr'><strong>littera</strong></span> <span class='ocrx_word' id='word_1_79' title='bbox 593 2241 636 2313; x_wconf 90' lang='lat' dir='ltr'><strong>ab</strong></span> <span class='ocrx_word' id='word_1_80' title='bbox 656 2239 739 2339; x_wconf 89' lang='lat' dir='ltr'><strong>ipsis</strong></span> <span class='ocrx_word' id='word_1_81' title='bbox 763 2268 863 2314; x_wconf 89' lang='lat' dir='ltr'><strong>cerae</strong></span> <span class='ocrx_word' id='word_1_82' title='bbox 885 2240 1147 2314; x_wconf 84' lang='lat' dir='ltr'><strong>characteribus</strong></span> <span class='ocrx_word' id='word_1_83' title='bbox 1167 2266 1284 2341; x_wconf 89' lang='lat' dir='ltr'><strong>usque</strong></span> <span class='ocrx_word' id='word_1_84' title='bbox 1304 2242 1347 2315; x_wconf 91' lang='lat' dir='ltr'><strong>ad</strong></span> 
     </span>
     <span class='ocr_line' id='line_1_14' title="bbox 327 2363 1349 2466; baseline 0.008 -33"><span class='ocrx_word' id='word_1_85' title='bbox 327 2388 533 2462; x_wconf 87' lang='lat' dir='ltr'><strong>quassorum</strong></span> <span class='ocrx_word' id='word_1_86' title='bbox 561 2364 855 2466; x_wconf 89' lang='lat' dir='ltr'><strong>compositionem</strong></span> <span class='ocrx_word' id='word_1_87' title='bbox 881 2365 987 2437; x_wconf 89' lang='lat' dir='ltr'><strong>hosce</strong></span> <span class='ocrx_word' id='word_1_88' title='bbox 1008 2363 1151 2438; x_wconf 87' lang='lat' dir='ltr'><strong>ordines</strong></span> <span class='ocrx_word' id='word_1_89' title='bbox 1176 2366 1349 2442; x_wconf 90' lang='lat' dir='ltr'><strong>directat:</strong></span> 
     </span>
     <span class='ocr_line' id='line_1_15' title="bbox 329 2486 1351 2588; baseline 0.003 -27"><span class='ocrx_word' id='word_1_90' title='bbox 329 2486 507 2588; x_wconf 89' lang='lat' dir='ltr'><strong>siquidem</strong></span> <span class='ocrx_word' id='word_1_91' title='bbox 536 2487 652 2560; x_wconf 80' lang='lat' dir='ltr'><strong>infans</strong></span> <span class='ocrx_word' id='word_1_92' title='bbox 682 2486 877 2587; x_wconf 87' lang='lat' dir='ltr'><strong>appellatur</strong></span> <span class='ocrx_word' id='word_1_93' title='bbox 912 2514 994 2560; x_wconf 92' lang='lat' dir='ltr'><strong>cum</strong></span> <span class='ocrx_word' id='word_1_94' title='bbox 1027 2494 1137 2587; x_wconf 73' lang='lat' dir='ltr'><strong>sigon</strong></span> <span class='ocrx_word' id='word_1_95' title='bbox 1172 2489 1351 2565; x_wconf 81' lang='lat' dir='ltr'><strong>dumtaxat</strong></span> 
     </span>
     <span class='ocr_line' id='line_1_16' title="bbox 325 2610 1349 2713; baseline 0.008 -30"><span class='ocrx_word' id='word_1_96' title='bbox 325 2610 570 2683; x_wconf 86' lang='lat' dir='ltr'><strong>characsandis</strong></span> <span class='ocrx_word' id='word_1_97' title='bbox 595 2639 658 2710; x_wconf 87' lang='lat' dir='ltr'><strong>per</strong></span> <span class='ocrx_word' id='word_1_98' title='bbox 687 2637 781 2684; x_wconf 86' lang='lat' dir='ltr'><strong>ceras</strong></span> <span class='ocrx_word' id='word_1_99' title='bbox 807 2612 991 2710; x_wconf 91' lang='lat' dir='ltr'><strong>gammulis</strong></span> <span class='ocrx_word' id='word_1_100' title='bbox 1021 2612 1157 2685; x_wconf 87' lang='lat' dir='ltr'><strong>eisdem</strong></span> <span class='ocrx_word' id='word_1_101' title='bbox 1186 2612 1349 2713; x_wconf 84' lang='lat' dir='ltr'><strong>indiget:</strong></span> 
     </span>
     <span class='ocr_line' id='line_1_17' title="bbox 326 2735 1350 2838; baseline 0.002 -30"><span class='ocrx_word' id='word_1_102' title='bbox 326 2735 470 2836; x_wconf 85' lang='lat' dir='ltr'><strong>parvula</strong></span> <span class='ocrx_word' id='word_1_103' title='bbox 488 2764 569 2809; x_wconf 88' lang='lat' dir='ltr'><strong>vero</strong></span> <span class='ocrx_word' id='word_1_104' title='bbox 591 2752 668 2825; x_wconf 84' lang='lat' dir='ltr'><strong>est,</strong></span> <span class='ocrx_word' id='word_1_105' title='bbox 697 2765 781 2810; x_wconf 92' lang='lat' dir='ltr'><strong>cum</strong></span> <span class='ocrx_word' id='word_1_106' title='bbox 802 2737 1017 2836; x_wconf 82' lang='lat' dir='ltr'><strong>syllabarum</strong></span> <span class='ocrx_word' id='word_1_107' title='bbox 1037 2737 1244 2835; x_wconf 81' lang='lat' dir='ltr'><strong>conglutino</strong></span> <span class='ocrx_word' id='word_1_108' title='bbox 1266 2764 1350 2838; x_wconf 91' lang='lat' dir='ltr'><strong>pau·</strong></span> 
     </span>
     <span class='ocr_line' id='line_1_18' title="bbox 326 2861 1349 2963; baseline 0.003 -30"><span class='ocrx_word' id='word_1_109' title='bbox 326 2861 426 2935; x_wconf 87' lang='lat' dir='ltr'><strong>latim</strong></span> <span class='ocrx_word' id='word_1_110' title='bbox 458 2862 643 2959; x_wconf 86' lang='lat' dir='ltr'><strong>graditur:</strong></span> <span class='ocrx_word' id='word_1_111' title='bbox 677 2863 825 2963; x_wconf 90' lang='lat' dir='ltr'><strong>puerula</strong></span> <span class='ocrx_word' id='word_1_112' title='bbox 852 2921 861 2952; x_wconf 89' lang='lat'><strong>‚</strong></span> <span class='ocrx_word' id='word_1_113' title='bbox 896 2893 978 2938; x_wconf 91' lang='lat' dir='ltr'><strong>cum</strong></span> <span class='ocrx_word' id='word_1_114' title='bbox 1009 2864 1141 2963; x_wconf 89' lang='lat' dir='ltr'><strong>pedum</strong></span> <span class='ocrx_word' id='word_1_115' title='bbox 1173 2863 1349 2937; x_wconf 89' lang='lat' dir='ltr'><strong>mensuris</strong></span> 
     </span>
     <span class='ocr_line' id='line_1_19' title="bbox 331 2986 1350 3089; baseline 0.004 -29"><span class='ocrx_word' id='word_1_116' title='bbox 331 2986 475 3062; x_wconf 89' lang='lat' dir='ltr'><strong>crescit:</strong></span> <span class='ocrx_word' id='word_1_117' title='bbox 493 2987 778 3076; x_wconf 87' lang='lat' dir='ltr'><strong>adulescentula,</strong></span> <span class='ocrx_word' id='word_1_118' title='bbox 801 3013 884 3059; x_wconf 93' lang='lat' dir='ltr'><strong>cum</strong></span> <span class='ocrx_word' id='word_1_119' title='bbox 902 2987 1042 3087; x_wconf 77' lang='lat' dir='ltr'><strong>poetica</strong></span> <span class='ocrx_word' id='word_1_120' title='bbox 1061 3004 1174 3061; x_wconf 88' lang='lat' dir='ltr'><strong>metra</strong></span> <span class='ocrx_word' id='word_1_121' title='bbox 1194 3016 1256 3089; x_wconf 87' lang='lat' dir='ltr'><strong>per</strong></span> <span class='ocrx_word' id='word_1_122' title='bbox 1274 3019 1350 3063; x_wconf 83' lang='lat' dir='ltr'><strong>ver-</strong></span> 
     </span>
     <span class='ocr_line' id='line_1_20' title="bbox 329 3110 1351 3200; baseline 0.002 -17"><span class='ocrx_word' id='word_1_123' title='bbox 329 3132 436 3184; x_wconf 88' lang='lat' dir='ltr'><strong>suum</strong></span> <span class='ocrx_word' id='word_1_124' title='bbox 467 3111 661 3185; x_wconf 88' lang='lat' dir='ltr'><strong>carminula</strong></span> <span class='ocrx_word' id='word_1_125' title='bbox 696 3112 839 3187; x_wconf 86' lang='lat' dir='ltr'><strong>solflat:</strong></span> <span class='ocrx_word' id='word_1_126' title='bbox 870 3128 905 3184; x_wconf 92' lang='lat' dir='ltr'><strong>at</strong></span> <span class='ocrx_word' id='word_1_127' title='bbox 936 3110 1154 3200; x_wconf 84' lang='lat' dir='ltr'><strong>iuvencula,</strong></span> <span class='ocrx_word' id='word_1_128' title='bbox 1184 3139 1266 3184; x_wconf 89' lang='lat' dir='ltr'><strong>cum</strong></span> <span class='ocrx_word' id='word_1_129' title='bbox 1299 3140 1351 3185; x_wconf 91' lang='lat' dir='ltr'><strong>ca·</strong></span> 
     </span>
     <span class='ocr_line' id='line_1_21' title="bbox 325 3234 1351 3338; baseline 0.002 -31"><span class='ocrx_word' id='word_1_130' title='bbox 325 3261 433 3309; x_wconf 90' lang='lat' dir='ltr'><strong>suum</strong></span> <span class='ocrx_word' id='word_1_131' title='bbox 451 3235 713 3338; x_wconf 88' lang='lat' dir='ltr'><strong>verborumque</strong></span> <span class='ocrx_word' id='word_1_132' title='bbox 730 3236 908 3336; x_wconf 87' lang='lat' dir='ltr'><strong>quandam</strong></span> <span class='ocrx_word' id='word_1_133' title='bbox 924 3234 1200 3333; x_wconf 87' lang='lat' dir='ltr'><strong>intellegentiam</strong></span> <span class='ocrx_word' id='word_1_134' title='bbox 1218 3237 1351 3335; x_wconf 89' lang='lat' dir='ltr'><strong>capies·</strong></span> 
     </span>
     <span class='ocr_line' id='line_1_22' title="bbox 328 3358 1391 3462; baseline 0.002 -31"><span class='ocrx_word' id='word_1_135' title='bbox 328 3374 408 3434; x_wconf 91' lang='lat' dir='ltr'><strong>cat:</strong></span> <span class='ocrx_word' id='word_1_136' title='bbox 434 3359 530 3456; x_wconf 87' lang='lat' dir='ltr'><strong>virgo</strong></span> <span class='ocrx_word' id='word_1_137' title='bbox 551 3378 692 3451; x_wconf 88' lang='lat' dir='ltr'><strong>autem,</strong></span> <span class='ocrx_word' id='word_1_138' title='bbox 721 3388 804 3434; x_wconf 88' lang='lat' dir='ltr'><strong>eum</strong></span> <span class='ocrx_word' id='word_1_139' title='bbox 824 3387 1053 3462; x_wconf 89' lang='lat' dir='ltr'><strong>quassorum,</strong></span> <span class='ocrx_word' id='word_1_140' title='bbox 1080 3358 1235 3449; x_wconf 72' lang='lat' dir='ltr'><strong>uldini,</strong></span> <span class='ocrx_word' id='word_1_141' title='bbox 1258 3388 1350 3432; x_wconf 88' lang='lat' dir='ltr'><strong>eom·</strong></span> <span class='ocrx_word' id='word_1_142' title='bbox 1387 3390 1391 3398; x_wconf 80' lang='grc'><strong>’</strong></span> 
     </span>
     <span class='ocr_line' id='line_1_23' title="bbox 323 3482 1351 3584; baseline -0.002 -26"><span class='ocrx_word' id='word_1_143' title='bbox 323 3482 538 3584; x_wconf 85' lang='lat' dir='ltr'><strong>positionem</strong></span> <span class='ocrx_word' id='word_1_144' title='bbox 566 3485 768 3584; x_wconf 89' lang='lat' dir='ltr'><strong>plenissime</strong></span> <span class='ocrx_word' id='word_1_145' title='bbox 797 3485 975 3584; x_wconf 87' lang='lat' dir='ltr'><strong>perdocet.</strong></span> <span class='ocrx_word' id='word_1_146' title='bbox 1003 3482 1050 3555; x_wconf 88' lang='lat' dir='ltr'><strong>Et</strong></span> <span class='ocrx_word' id='word_1_147' title='bbox 1069 3501 1109 3555; x_wconf 91' lang='lat' dir='ltr'><strong>ut</strong></span> <span class='ocrx_word' id='word_1_148' title='bbox 1137 3483 1269 3584; x_wconf 91' lang='lat' dir='ltr'><strong>aliquid</strong></span> <span class='ocrx_word' id='word_1_149' title='bbox 1299 3483 1351 3556; x_wconf 88' lang='lat' dir='ltr'><strong>in·</strong></span> 
     </span>
     <span class='ocr_line' id='line_1_24' title="bbox 325 3606 1348 3707; baseline -0.002 -27"><span class='ocrx_word' id='word_1_150' title='bbox 325 3606 488 3682; x_wconf 84' lang='lat' dir='ltr'><strong>timatius</strong></span> <span class='ocrx_word' id='word_1_151' title='bbox 522 3609 713 3707; x_wconf 85' lang='lat' dir='ltr'><strong>aperiam,</strong></span> <span class='ocrx_word' id='word_1_152' title='bbox 747 3609 860 3681; x_wconf 86' lang='lat' dir='ltr'><strong>littera</strong></span> <span class='ocrx_word' id='word_1_153' title='bbox 891 3607 979 3681; x_wconf 87' lang='lat' dir='ltr'><strong>mihi</strong></span> <span class='ocrx_word' id='word_1_154' title='bbox 1008 3607 1147 3679; x_wconf 88' lang='lat' dir='ltr'><strong>videtur</strong></span> <span class='ocrx_word' id='word_1_155' title='bbox 1172 3607 1348 3679; x_wconf 85' lang='lat' dir='ltr'><strong>humanae</strong></span> 
     </span>
     <span class='ocr_line' id='line_1_25' title="bbox 327 3730 1348 3830; baseline -0.004 -25"><span class='ocrx_word' id='word_1_156' title='bbox 327 3730 546 3806; x_wconf 90' lang='lat' dir='ltr'><strong>conditionis</strong></span> <span class='ocrx_word' id='word_1_157' title='bbox 577 3760 652 3804; x_wconf 87' lang='lat' dir='ltr'><strong>esse</strong></span> <span class='ocrx_word' id='word_1_158' title='bbox 685 3731 834 3807; x_wconf 86' lang='lat' dir='ltr'><strong>similis:</strong></span> <span class='ocrx_word' id='word_1_159' title='bbox 862 3731 1076 3804; x_wconf 84' lang='lat' dir='ltr'><strong>sicutenim</strong></span> <span class='ocrx_word' id='word_1_160' title='bbox 1105 3731 1209 3802; x_wconf 89' lang='lat' dir='ltr'><strong>homo</strong></span> <span class='ocrx_word' id='word_1_161' title='bbox 1237 3731 1348 3830; x_wconf 88' lang='lat' dir='ltr'><strong>plasto</strong></span> 
     </span>
     <span class='ocr_line' id='line_1_26' title="bbox 327 3852 1353 3954; baseline -0.004 -28"><span class='ocrx_word' id='word_1_162' title='bbox 327 3869 362 3926; x_wconf 86' lang='lat' dir='ltr'><strong>et</strong></span> <span class='ocrx_word' id='word_1_163' title='bbox 388 3853 469 3926; x_wconf 87' lang='lat' dir='ltr'><strong>alssa</strong></span> <span class='ocrx_word' id='word_1_164' title='bbox 496 3870 532 3926; x_wconf 89' lang='lat' dir='ltr'><strong>et</strong></span> <span class='ocrx_word' id='word_1_165' title='bbox 559 3854 712 3954; x_wconf 89' lang='lat' dir='ltr'><strong>quodam</strong></span> <span class='ocrx_word' id='word_1_166' title='bbox 737 3853 876 3928; x_wconf 86' lang='lat' dir='ltr'><strong>caelesti</strong></span> <span class='ocrx_word' id='word_1_167' title='bbox 905 3854 987 3951; x_wconf 89' lang='lat' dir='ltr'><strong>igne</strong></span> <span class='ocrx_word' id='word_1_168' title='bbox 1018 3854 1206 3941; x_wconf 86' lang='lat' dir='ltr'><strong>consistit,</strong></span> <span class='ocrx_word' id='word_1_169' title='bbox 1239 3852 1285 3925; x_wconf 85' lang='lat' dir='ltr'><strong>ita</strong></span> <span class='ocrx_word' id='word_1_170' title='bbox 1318 3868 1353 3922; x_wconf 91' lang='lat' dir='ltr'><strong>et</strong></span> 
     </span>
     <span class='ocr_line' id='line_1_27' title="bbox 323 3977 1351 4078; baseline -0.004 -26"><span class='ocrx_word' id='word_1_171' title='bbox 323 3979 440 4053; x_wconf 88' lang='lat' dir='ltr'><strong>littera</strong></span> <span class='ocrx_word' id='word_1_172' title='bbox 458 4006 523 4053; x_wconf 89' lang='lat' dir='ltr'><strong>suo</strong></span> <span class='ocrx_word' id='word_1_173' title='bbox 545 4003 715 4077; x_wconf 90' lang='lat' dir='ltr'><strong>corpore,</strong></span> <span class='ocrx_word' id='word_1_174' title='bbox 741 3981 810 4053; x_wconf 89' lang='lat' dir='ltr'><strong>hoc</strong></span> <span class='ocrx_word' id='word_1_175' title='bbox 831 3996 883 4052; x_wconf 90' lang='lat' dir='ltr'><strong>est</strong></span> <span class='ocrx_word' id='word_1_176' title='bbox 902 3980 1014 4078; x_wconf 85' lang='lat' dir='ltr'><strong>ligura</strong></span> <span class='ocrx_word' id='word_1_177' title='bbox 1026 4008 1037 4074; x_wconf 84' lang='lat'>3</span> <span class='ocrx_word' id='word_1_178' title='bbox 1062 3995 1132 4052; x_wconf 84' lang='lat' dir='ltr'><strong>arte</strong></span> <span class='ocrx_word' id='word_1_179' title='bbox 1153 4008 1194 4054; x_wconf 84' lang='lat' dir='ltr'><strong>ac</strong></span> <span class='ocrx_word' id='word_1_180' title='bbox 1223 3977 1351 4056; x_wconf 85' lang='lat' dir='ltr'><strong>dictio·</strong></span> 
     </span>
    </p>
   </div>
   <div class='ocr_carea' id='block_1_6' title="bbox 0 0 1696 5206">
    <p class='ocr_par' dir='ltr' id='par_1_6' title="bbox 0 0 1696 5206">
     <span class='ocr_line' id='line_1_28' title="bbox 0 0 1696 5206; baseline 0 5"><span class='ocrx_word' id='word_1_181' title='bbox 0 0 1696 5206; x_wconf 95' lang='lat' dir='ltr'><strong> </strong></span> 
     </span>
    </p>
   </div>
  </div>
 </body>
</html>
