3382 5206
757 573 804 619 DE
830 570 958 621 VERBO·

335 692 393 726 ruru
409 685 513 745 ternpus
528 672 597 728 modi
611 672 752 728 indicativi
758 692 768 736 5
788 673 834 723 iur-

337 766 493 835 perativusp
518 765 657 820 infinitus.
681 762 729 832 qui
748 773 788 817 eat
807 773 835 816 et

336 864 479 924 perpetuus
492 876 501 919 3
516 854 667 924 optativus.
686 850 835 905 coniuncti·

337 937 834 1012 ras‚inpersonalis‚gerundi.Nunelri

335 1029 555 1097 quemadmodum
566 1027 653 1080 verbis
665 1027 833 1083 deserviant·

338 1116 365 1166 in
385 1116 564 1170 declinatione
589 1113 745 1186 probantur.

468 1291 495 1354 4·
514 1306 550 1342 οι
577 1305 698 1343 suusne.

338 1407 474 1520 Numeri
488 1463 623 1517 verborum
634 1473 696 1515 suut
707 1473 766 1514 tres:
778 1460 832 1513 siu·

337 1554 434 1621 gularis
443 1591 449 1610 .
459 1554 566 1625 pluralis
575 1590 581 1607 .
590 1551 742 1604 curnrnuuis·
755 1552 831 1601 nuuc

338 1641 366 1694 hi
383 1642 603 1712 quemadmodum
628 1639 714 1692 verbis
740 1638 829 1690 ‹leser-

335 1728 411 1783 uiant
422 1766 429 1788 .
443 1730 470 1781 in
486 1729 664 1782 declinatione
676 1724 829 1793 probantur.

469 1901 495 1959 5.
515 1921 550 1958 as
571 1919 704 1958 vassosa.

335 2022 489 2135 Personae
508 2078 645 2131 verborum
665 2087 729 2130 suut
754 2085 827 2128 tres:

337 2171 432 2240 prima.
447 2168 563 2221 secunda
576 2169 683 2238 ,tertie
694 2168 770 2219 lianc
781 2165 831 2216 hae

337 2252 825 2327 queruadruuduarveririsdeserviant.

336 2347 362 2399 in
380 2347 556 2399 rtocttnariou·
574 2344 732 2416 probantur.

349 2522 377 2576 6.
396 2540 432 2576 aa
452 2540 562 2576 osiana
575 2538 640 2575 srva
657 2532 827 2585 pastinare·

334 2640 458 2756 Genus
475 2700 532 2752 sive
550 2699 665 2768 qualitas
690 2697 828 2751 verborum

333 2801 393 2843 octo
412 2790 454 2841 liis
472 2786 712 2854 significationibus
729 2786 827 2841 intelle·

334 2877 421 2941 gitur,
435 2875 502 2926 idest
517 2887 623 2930 activa,
638 2877 751 2944 passiva.
766 2893 827 2926 neu·

333 2966 404 3020 trali.
413 2964 564 3032 deponenti.
573 2981 713 3021 communi,
723 2964 829 3018 inchoa·

332 3054 406 3107 tiva.
425 3049 637 3120 frequentativa.
656 3048 793 3105 defectiva.

350 3248 376 3306 7ο
396 3249 431 3285 ὓΙ
452 3249 561 3285 GENERE
583 3250 648 3287 ΜΠ
669 3248 825 3297 Qutttrt't't

525 3336 636 3374 ΔΕΊῚΉ·

332 3436 476 3552 Generis
492 3494 548 3546 sive
569 3495 709 3564 qualitatis
722 3496 826 3548 activae

330 3595 393 3638 sunt
406 3584 484 3636 verba
497 3618 505 3639 ‚
523 3602 590 3653 quae
610 3583 758 3637 indicativo
770 3586 825 3638 sive

331 3672 532 3743 pronuntiative
575 3674 651 3726 ruodo
698 3674 824 3743 ternpuris

329 3764 475 3834 praesentis
494 3765 549 3817 sive
573 3765 696 3818 instantis
715 3784 745 3817 cs
768 3766 824 3836 pri·

327 3871 369 3904 rna
390 3872 499 3924 persona
518 3855 618 3904 numeri
631 3854 771 3917 singularis
786 3874 820 3905 ιο-

326 3942 415 3995 littera
437 3944 627 3997 terminantur.
646 3961 692 3994 nec
718 3962 770 3996 uon
796 3945 822 3994 in

331 4049 497 4101 quocumque
526 4034 602 4085 ruodo
630 4044 656 4085 ot
683 4035 716 4085 ad
747 4053 828 4101 geniis

1279 545 1352 622 283

890 671 947 725 sire
966 671 1123 743 qualitatem
1149 670 1280 745 passivam
1299 667 1383 722 decli·

890 769 1007 816 uantur,
1025 771 1055 813 ut
1074 771 1139 832 puta
1153 759 1246 843 iprobo
1270 768 1297 812 et
1322 773 1385 827 pro-

889 848 1060 906 bor.dooeo
1079 861 1107 902 et
1133 850 1246 904 doceor.
1273 847 1329 914 lego
1355 854 1395 921 et¹

889 935 975 1003 legor.
996 936 1070 1006 rapio
1082 948 1110 989 et
1125 935 1231 1008 rapior.
1251 931 1343 986 nutrio
1356 941 1384 983 et

889 1025 1001 1079 nutrior·
1020 1026 1063 1078 Sic
1079 1037 1106 1078 et
1126 1025 1178 1077 alia
1196 1023 1295 1080 rerba,
1314 1038 1384 1092 quae

887 1115 1032 1169 indicativo
1042 1116 1099 1168 sive
1109 1112 1311 1186 pronuntiative
1328 1129 1383 1163 ruo·

886 1203 921 1257 du
941 1203 1064 1273 temporis
1083 1201 1228 1274 praesentis
1251 1200 1307 1253 sive
1338 1200 1381 1250 in·

884 1291 981 1344 stantis
998 1307 1031 1343 ea
1054 1290 1140 1362 prima
1161 1307 1271 1361 persona
1294 1301 1383 1338 nurne-

886 1380 909 1432 ri
937 1368 1077 1446 singularis
1106 1398 1141 1432 ·o·
1174 1377 1265 1431 littera
1290 1371 1383 1428 terrai·

886 1480 1002 1526 uantur.
1023 1487 1072 1523 nee
1089 1487 1141 1523 uon
1162 1469 1189 1522 in
1215 1481 1383 1538 quocumque

885 1557 962 1611 modo
979 1566 1007 1610 et
1026 1556 1060 1608 ad
1078 1575 1159 1626 genus
1176 1559 1233 1610 sive
1261 1550 1381 1624 qualita-

884 1658 937 1701 tem
955 1647 1087 1719 passivam
1107 1643 1239 1703 declinari
1253 1650 1380 1714 possunt.

884 1736 965 1791 activi
985 1735 1087 1803 generis
1107 1734 1148 1787 vel
1168 1729 1309 1802 qualitatis
1327 1745 1382 1782 esse

886 1823 1104 1894 pronuntiantur.
1365 1830 1367 1836 ·

902 1999 930 2055 8.
950 2017 985 2054 na
1000 2012 1111 2056 osana
1131 2010 1198 2050 srva
1224 2006 1382 2059 anairara

1000 2072 1004 2087 ¹
1065 2097 1196 2139 raasrvt.

885 2203 1029 2322 Generis
1048 2264 1104 2316 sire
1129 2259 1271 2331 qualitatis
1294 2249 1381 2325 paui-

883 2370 931 2405 rae
948 2364 1012 2407 saut
1031 2350 1110 2405 verba
1137 2366 1207 2419 quae
1232 2343 1379 2399 indicativo

882 2445 939 2496 sire
955 2441 1156 2514 pronuntiative
1176 2436 1253 2490 modo
1272 2446 1375 2506 tempo-

884 2532 919 2585 ris
937 2529 1082 2602 praesentis
1107 2528 1164 2581 sive
1191 2523 1316 2579 instantis
1343 2539 1376 2576 ex

883 2621 967 2692 priora
985 2635 1096 2691 persona
1115 2615 1217 2667 numeri
1232 2610 1375 2679 singularis

884 2728 916 2759 ·r·
936 2708 1025 2762 littera
1045 2705 1238 2758 terminantur.
1256 2718 1303 2752 nec
1323 2717 1375 2751 non

884 2796 910 2847 in
924 2810 1090 2866 quocumque
1109 2790 1185 2842 morlo
1203 2790 1275 2840 etad
1292 2802 1372 2851 llerrus

881 2883 938 2937 sire
963 2882 1120 2954 qualitatem
1148 2879 1262 2932 activam
1291 2873 1375 2927 dauli-

884 2980 1003 3029 nantur,
1023 2980 1054 3022 ut
1071 2979 1136 3040 prta
1156 2964 1251 3038 probor
1269 2976 1296 3015 et
1314 2980 1376 3033 pro-

882 3058 935 3118 bo.
952 3061 1046 3114 doceor
1064 3071 1090 3112 et
1110 3058 1217 3112 doceo.
1248 3055 1319 3118 legor
1348 3062 1375 3103 et

883 3150 956 3217 lego.
977 3149 1065 3221 rapior
1090 3160 1117 3202 et
1145 3147 1219 3217 rapio
1240 3180 1247 3201 ‚
1272 3142 1377 3195 nutrior

881 3253 908 3295 et
928 3240 1024 3302 nutrio.
1036 3240 1079 3290 ste
1091 3249 1119 3290 et
1135 3236 1187 3287 alia
1202 3232 1291 3288 verba.
1305 3248 1375 3300 quae

883 3329 1029 3383 indicativo
1042 3328 1097 3380 sive
1108 3322 1308 3396 pronuntiativn
1325 3340 1376 3372 nro·

880 3419 914 3471 do
935 3416 1059 3487 temporis
1083 3412 1228 3485 prweutis
1248 3410 1303 3461 sive
1330 3409 1373 3459 in-

878 3506 975 3567 stantis
995 3521 1026 3555 ex
1053 3503 1137 3573 prima
1155 3517 1264 3572 persona
1285 3513 1370 3549 uume-

878 3593 901 3645 ri
920 3592 1060 3658 singularis
1073 3611 1105 3643 ·r·
1116 3590 1211 3642 littora,
1226 3587 1372 3640 terminan-

880 3691 936 3743 tur,
948 3696 994 3730 nee
1011 3697 1061 3730 uon
1082 3679 1107 3729 in
1126 3691 1293 3746 quocumque
1314 3692 1372 3724 rur)-

880 3767 914 3821 du
929 3781 956 3822 et
977 3766 1011 3818 ad
1032 3785 1111 3834 genus
1131 3767 1187 3818 sive
1215 3763 1371 3833 qualitatem

880 3859 994 3920 activam
1008 3857 1135 3910 declinari
1148 3866 1273 3929 postium
1288 3853 1373 3924 passi-

880 3949 907 4000 vi
926 3947 1028 4016 generis
1042 3947 1082 3999 rel
1095 3944 1234 4019 qualitatis
1246 3959 1302 4005 esse
1315 3959 1372 4014 pre·

882 4036 1053 4104 nuntiantur.
