3382 5206
525 580 592 652 506.
639 576 642 583 ’
790 606 815 650 s.
843 602 1018 650 rennuunt
1052 605 1225 654 rnotocus

499 719 587 790 ptem
626 700 766 793 angelor‘
788 726 863 769 cum
893 707 1032 793 septenis
1066 705 1244 793 salpicibus
1279 708 1315 771 ct'
1351 711 1538 779 sistrorum·

498 803 706 899 clangoribus
726 808 878 877 horribili
901 809 1033 878 classico
1056 835 1114 900 per
1138 827 1241 879 totum
1259 813 1435 882 muudum·
1449 841 1530 884 con·

500 915 672 1004 optutibus
690 912 778 984 idem
792 940 826 984 se
850 918 988 987 crevisse
1006 919 1056 1004 (ι)
1081 935 1321 988 contestantur.
1348 922 1391 988 ln
1409 923 1534 991 ecdem

502 1020 600 1085 etiam
615 1017 819 1090 revelationis
840 1022 936 1089 ertusi
953 1045 1052 1089 aurea
1063 1039 1187 1112 septem
1201 1020 1401 1091 candelebra
1413 1074 1424 1106 ,
1435 1044 1533 1094 etto·

502 1121 602 1192 tidem
619 1122 725 1193 sidera
742 1127 777 1193 in
791 1124 923 1193 deutera
943 1125 1097 1194 habentis
1107 1125 1206 1217 pedes
1223 1126 1414 1197 aurichalco
1428 1131 1529 1197 hiba-

499 1230 533 1295 ni
547 1229 731 1298 simillimos
745 1231 901 1321 cuiusque
916 1253 973 1299 ore
983 1229 1181 1320 procedebat
1197 1231 1373 1321 romphrer
1390 1233 1533 1326 biceps,

501 1336 686 1426 praedictus
700 1334 878 1406 salvatoris
902 1337 1042 1405 vicarius
1064 1336 1304 1427 speculabatur.

593 1439 682 1509 lllud
704 1465 833 1533 quoque
860 1440 1115 1510 celeberrimum
1142 1443 1234 1511 erodi
1261 1443 1531 1529 condelabrum,

503 1551 592 1616 cuins
609 1551 705 1640 stipes
717 1549 829 1617 obrizo
853 1549 1005 1635 ductilis,
1027 1575 1102 1619 cum
1126 1550 1257 1621 calamis
1279 1576 1319 1619 ac
1341 1553 1477 1644 scyphis
1492 1570 1528 1621 ct

501 1655 684 1744 sphaerulis
706 1651 927 1741 fabrefactus,
949 1674 1116 1747 tamquam
1141 1674 1231 1726 turus
1265 1657 1442 1727 frondosas
1471 1677 1532 1726 rut
1560 1736 1563 1741 ¹

503 1758 653 1848 platanus
676 1760 861 1845 surculosa,
887 1763 1001 1829 comtis
1015 1760 1157 1829 cultibus
1171 1763 1371 1845 ornabatur,
1387 1788 1406 1828 ιι
1425 1788 1528 1854 prae·

505 1864 593 1933 dicto
613 1866 886 1937 candelabrorum
900 1868 1055 1960 mysterio
1069 1868 1202 1937 minime
1216 1865 1405 1936 discordare
1418 1870 1529 1938 sentio

503 1972 595 2039 cuius
621 1990 745 2063 septem
767 1974 975 2041 lucernarum
988 1971 1101 2065 lychni
1120 1975 1344 2042 flammivomis
1362 1974 1531 2066 lampedi-

501 2073 562 2144 bus
595 2093 824 2146 coruscantes,
848 2104 866 2147 e
894 2079 1015 2170 quibus
1040 2082 1211 2146 universae
1241 2077 1461 2147 ecclesiarum
1477 2078 1531 2145 lr-

501 2196 612 2248 ternae
639 2181 730 2250 clero
752 2181 875 2251 lumine
894 2181 1131 2266 inlustrantur,
1158 2184 1265 2249 aurcis
1298 2183 1439 2279 neribus
1467 2184 1532 2249 rd-

502 2286 606 2353 stricti
631 2285 880 2376 copulabantur.
902 2288 957 2354 -lta
972 2310 1027 2354 vas
1055 2284 1219 2355 electionis
1236 2286 1393 2368 inlustre,
1415 2305 1450 2379 et
1475 2314 1530 2354 sa·

498 2396 590 2483 picus
605 2392 826 2478 architectus,
842 2394 1049 2483 nominisque
1072 2392 1197 2461 Christi
1221 2391 1375 2485 gerulus,
1394 2396 1532 2486 typicus

502 2501 671 2569 Beniamin
697 2525 790 2571 mnne
814 2498 986 2568 comedens
1005 2499 1161 2592 praedam
1176 2516 1210 2566 et
1228 2523 1360 2591 vespere
1374 2499 1534 2567 dividens

497 2602 623 2707 ⁸spolio,
648 2622 769 2696 reptem
791 2606 1003 2674 ecclesiarum
1032 2606 1164 2677 novalia
1196 2605 1329 2674 roscidis
1355 2630 1532 2674 sacrorum
1565 2614 1570 2625 '

507 2709 693 2800 dogmatum
707 2712 869 2779 imbribus
883 2712 1025 2778 ubertim
1040 2710 1195 2801 perfudit.
1206 2709 1383 2778 Zacharias
1393 2709 1536 2794 itidem,

508 2816 542 2880 in
562 2814 678 2884 ordine
692 2816 940 2882 vaticinantium
954 2814 1163 2898 undecimus,
1175 2817 1209 2882 in
1239 2830 1384 2882 oramate
1400 2815 1537 2881 visionis

510 2937 632 3011 raptus,
640 2921 674 2988 in
686 2921 814 2988 divinae
829 2919 1109 3011 contemplationis
1118 2919 1260 2989 culmine
1271 2919 1481 3002 sublimatus,
1490 2919 1537 2985 lca

510 3050 636 3093 motum
647 3024 759 3118 inclyti
771 3025 889 3116 lapidis
903 3023 1123 3114 spectaculum
1136 3027 1193 3117 qui
1205 3026 1345 3114 septenis
1355 3022 1532 3090 oculorum

508 3132 674 3201 obtutibus
689 3131 724 3197 iu
736 3130 818 3199 lucie
833 3149 965 3200 ornatus
982 3131 1199 3217 describitur,
1212 3129 1348 3220 spiritali
1360 3145 1392 3195 et
1406 3153 1536 3196 arcano

505 3234 771 3326 praecordiorum
781 3237 900 3303 iutuitu
913 3253 945 3302 et
956 3238 1045 3324 puris
1059 3236 1285 3326 conspectibus
1299 3257 1436 3301 cernere
1452 3258 1531 3323 pro·

509 3341 637 3409 meruit.
653 3339 880 3409 Fundamenta
892 3364 1025 3431 quoque
1034 3336 1192 3430 gloriosae
1205 3338 1342 3405 civitatis
1351 3340 1426 3420 Dei,
1444 3361 1537 3430 quaa

508 3445 671 3538 psalmista
684 3448 719 3511 in
731 3446 897 3513 montibus
910 3446 1026 3513 sanctis
1039 3461 1160 3514 structa
1175 3461 1425 3524 commemorat,
1435 3467 1535 3513 cano

509 3555 593 3623 uicis
624 3552 711 3620 ·Vll·
733 3550 941 3642 epistolarum
966 3550 1078 3618 rivulis
1102 3552 1194 3619 arida
1223 3567 1256 3618 ct
1282 3547 1444 3618 siticulosa
1473 3573 1541 3615 ua-

505 3660 623 3729 secutis
651 3657 804 3727 ecclesiae
825 3659 1015 3748 praecordis
1037 3656 1210 3726 affluenter
1237 3657 1371 3725 natium,
1391 3673 1424 3724 ct
1444 3653 1538 3724 velut

511 3765 685 3835 tenebrosa
717 3789 802 3856 rqua
824 3758 872 3831 in'
888 3765 1031 3831 nubibus
1063 3766 1173 3848 aeris,
1195 3779 1250 3829 aut
1271 3759 1436 3828 stillicidia
1462 3761 1540 3827 stil-

509 3871 634 3956 lautia,
657 3870 785 3939 hiulcat
816 3868 963 3936 lidelium
990 3869 1098 3938 sancet
1123 3872 1308 3937 inrorantes
1335 3868 1448 3958 rigari.
1476 3865 1536 3937 llli

595 4084 638 4158 (ι)
656 4086 699 4139 Sic
712 4088 824 4140 crevisti
844 4084 924 4139 etiam
938 4085 966 4140 iu
978 4087 1094 4175 cprmine
1105 4085 1227 4164 bobiensi
1241 4103 1255 4138 r
1269 4100 1310 4137 mc
1321 4081 1406 4136 edito·
1417 4100 1444 4154 p·
1454 4080 1525 4155 459.
1540 4124 1548 4141 .
