<?xml version="1.0" encoding="UTF-8"?>
<!DOCTYPE html PUBLIC "-//W3C//DTD XHTML 1.0 Transitional//EN"
    "http://www.w3.org/TR/xhtml1/DTD/xhtml1-transitional.dtd">
<html xmlns="http://www.w3.org/1999/xhtml" xml:lang="en" lang="en">
 <head>
  <title>
</title>
<meta http-equiv="Content-Type" content="text/html;charset=utf-8" />
  <meta name='ocr-system' content='tesseract 3.04.00' />
  <meta name='ocr-capabilities' content='ocr_page ocr_carea ocr_par ocr_line ocrx_word'/>
</head>
<body>
  <div class='ocr_page' id='page_1' title='image "./classicorumauct00vatigoog_0073.png"; bbox 0 0 3382 5206; ppageno 0'>
   <div class='ocr_carea' id='block_1_1' title="bbox 422 590 988 644">
    <p class='ocr_par' dir='ltr' id='par_1_1' title="bbox 422 590 988 644">
     <span class='ocr_line' id='line_1_1' title="bbox 422 590 988 644; baseline 0 -5"><span class='ocrx_word' id='word_1_1' title='bbox 422 593 466 644; x_wconf 82' lang='lat'><strong>12</strong></span> <span class='ocrx_word' id='word_1_2' title='bbox 792 590 942 642; x_wconf 70' lang='lat' dir='ltr'><strong>EPISTOIA</strong></span> <span class='ocrx_word' id='word_1_3' title='bbox 965 592 988 640; x_wconf 85' lang='lat' dir='ltr'><strong>l.</strong></span> 
     </span>
    </p>
   </div>
   <div class='ocr_carea' id='block_1_2' title="bbox 326 700 1402 3795">
    <p class='ocr_par' dir='ltr' id='par_1_2' title="bbox 326 700 1401 3194">
     <span class='ocr_line' id='line_1_2' title="bbox 392 700 1398 802; baseline -0.006 -23"><span class='ocrx_word' id='word_1_4' title='bbox 392 704 591 802; x_wconf 73' lang='lat' dir='ltr'>genetivum</span> <span class='ocrx_word' id='word_1_5' title='bbox 617 727 689 776; x_wconf 91' lang='lat' dir='ltr'><strong>non</strong></span> <span class='ocrx_word' id='word_1_6' title='bbox 714 701 842 778; x_wconf 91' lang='lat' dir='ltr'><strong>babere</strong></span> <span class='ocrx_word' id='word_1_7' title='bbox 864 733 876 800; x_wconf 84' lang='lat'>3</span> <span class='ocrx_word' id='word_1_8' title='bbox 899 701 959 776; x_wconf 88' lang='lat' dir='ltr'><strong>sed</strong></span> <span class='ocrx_word' id='word_1_9' title='bbox 984 701 1021 774; x_wconf 92' lang='lat' dir='ltr'><strong>in</strong></span> <span class='ocrx_word' id='word_1_10' title='bbox 1049 702 1116 776; x_wconf 88' lang='lat' dir='ltr'><strong>hoe</strong></span> <span class='ocrx_word' id='word_1_11' title='bbox 1142 728 1224 776; x_wconf 89' lang='lat' dir='ltr'><strong>casu</strong></span> <span class='ocrx_word' id='word_1_12' title='bbox 1251 700 1398 777; x_wconf 87' lang='lat' dir='ltr'><strong>delecti·</strong></span> 
     </span>
     <span class='ocr_line' id='line_1_3' title="bbox 390 822 1396 920; baseline -0.004 -22"><span class='ocrx_word' id='word_1_13' title='bbox 390 851 501 920; x_wconf 83' lang='lat' dir='ltr'><strong>vnm3</strong></span> <span class='ocrx_word' id='word_1_14' title='bbox 526 841 566 898; x_wconf 92' lang='lat' dir='ltr'><strong>ut</strong></span> <span class='ocrx_word' id='word_1_15' title='bbox 589 822 728 897; x_wconf 87' lang='lat' dir='ltr'><strong>dicatur</strong></span> <span class='ocrx_word' id='word_1_16' title='bbox 752 823 967 896; x_wconf 87' lang='lat' dir='ltr'><strong>nominativo</strong></span> <span class='ocrx_word' id='word_1_17' title='bbox 994 823 1080 898; x_wconf 85' lang='lat' dir='ltr'><strong>haec</strong></span> <span class='ocrx_word' id='word_1_18' title='bbox 1103 850 1252 912; x_wconf 90' lang='lat' dir='ltr'><strong>manus,</strong></span> <span class='ocrx_word' id='word_1_19' title='bbox 1278 823 1396 896; x_wconf 85' lang='lat' dir='ltr'><strong>dativo</strong></span> 
     </span>
     <span class='ocr_line' id='line_1_4' title="bbox 389 943 1394 1045; baseline -0.005 -25"><span class='ocrx_word' id='word_1_20' title='bbox 389 946 475 1020; x_wconf 91' lang='lat' dir='ltr'><strong>huic</strong></span> <span class='ocrx_word' id='word_1_21' title='bbox 495 970 600 1018; x_wconf 88' lang='lat' dir='ltr'><strong>manu</strong></span> <span class='ocrx_word' id='word_1_22' title='bbox 616 974 628 1042; x_wconf 90' lang='lat'>;</span> <span class='ocrx_word' id='word_1_23' title='bbox 645 943 692 1017; x_wconf 86' lang='lat' dir='ltr'><strong>ita</strong></span> <span class='ocrx_word' id='word_1_24' title='bbox 712 960 828 1018; x_wconf 85' lang='lat' dir='ltr'><strong>tamen</strong></span> <span class='ocrx_word' id='word_1_25' title='bbox 846 961 888 1018; x_wconf 91' lang='lat' dir='ltr'><strong>ut</strong></span> <span class='ocrx_word' id='word_1_26' title='bbox 908 944 1114 1041; x_wconf 84' lang='lat' dir='ltr'><strong>genetivum</strong></span> <span class='ocrx_word' id='word_1_27' title='bbox 1132 944 1303 1045; x_wconf 82' lang='lat' dir='ltr'><strong>pluralem</strong></span> <span class='ocrx_word' id='word_1_28' title='bbox 1322 971 1394 1017; x_wconf 91' lang='lat' dir='ltr'><strong>non</strong></span> 
     </span>
     <span class='ocr_line' id='line_1_5' title="bbox 326 1065 1087 1153; baseline -0.007 -12"><span class='ocrx_word' id='word_1_29' title='bbox 326 1089 328 1095; x_wconf 88' lang='grc'><strong><em>·</em></strong></span> <span class='ocrx_word' id='word_1_30' title='bbox 389 1065 585 1141; x_wconf 82' lang='lat' dir='ltr'><strong>admittant.</strong></span> <span class='ocrx_word' id='word_1_31' title='bbox 1084 1149 1087 1153; x_wconf 23' lang='lat'>¹</span> 
     </span>
     <span class='ocr_line' id='line_1_6' title="bbox 471 1180 1396 1282; baseline -0.004 -24"><span class='ocrx_word' id='word_1_32' title='bbox 471 1183 505 1258; x_wconf 80' lang='lat'><strong>8¹.</strong></span> <span class='ocrx_word' id='word_1_33' title='bbox 530 1180 719 1282; x_wconf 87' lang='lat' dir='ltr'><strong>Requisisti</strong></span> <span class='ocrx_word' id='word_1_34' title='bbox 733 1181 839 1255; x_wconf 86' lang='lat' dir='ltr'><strong>etiam</strong></span> <span class='ocrx_word' id='word_1_35' title='bbox 855 1181 972 1254; x_wconf 89' lang='lat' dir='ltr'><strong>curin</strong></span> <span class='ocrx_word' id='word_1_36' title='bbox 987 1180 1295 1279; x_wconf 84' lang='lat' dir='ltr'><strong>Galbungischola</strong></span> <span class='ocrx_word' id='word_1_37' title='bbox 1315 1182 1396 1254; x_wconf 88' lang='lat' dir='ltr'><strong>addi</strong></span> 
     </span>
     <span class='ocr_line' id='line_1_7' title="bbox 339 1301 1397 1402; baseline -0.002 -24"><span class='ocrx_word' id='word_1_38' title='bbox 339 1310 343 1315; x_wconf 83' lang='grc'><strong>’</strong></span> <span class='ocrx_word' id='word_1_39' title='bbox 374 1379 376 1383; x_wconf 82' lang='grc'>,</span> <span class='ocrx_word' id='word_1_40' title='bbox 392 1304 478 1379; x_wconf 86' lang='lat' dir='ltr'><strong>solet</strong></span> <span class='ocrx_word' id='word_1_41' title='bbox 497 1304 535 1377; x_wconf 92' lang='lat' dir='ltr'><strong>in</strong></span> <span class='ocrx_word' id='word_1_42' title='bbox 555 1303 713 1402; x_wconf 86' lang='lat' dir='ltr'><strong>genetivo</strong></span> <span class='ocrx_word' id='word_1_43' title='bbox 733 1330 814 1377; x_wconf 89' lang='lat' dir='ltr'><strong>casu</strong></span> <span class='ocrx_word' id='word_1_44' title='bbox 833 1301 943 1375; x_wconf 88' lang='lat' dir='ltr'><strong>doctii</strong></span> <span class='ocrx_word' id='word_1_45' title='bbox 956 1304 1024 1402; x_wconf 77' lang='lat' dir='ltr'><strong>(a),</strong></span> <span class='ocrx_word' id='word_1_46' title='bbox 1038 1328 1121 1376; x_wconf 85' lang='lat' dir='ltr'><strong>cum</strong></span> <span class='ocrx_word' id='word_1_47' title='bbox 1135 1302 1397 1376; x_wconf 87' lang='lat' dir='ltr'><strong>innominativo</strong></span> 
     </span>
     <span class='ocr_line' id='line_1_8' title="bbox 392 1420 1399 1524; baseline -0.002 -27"><span class='ocrx_word' id='word_1_48' title='bbox 392 1425 436 1519; x_wconf 86' lang='lat' dir='ltr'><strong>sit</strong></span> <span class='ocrx_word' id='word_1_49' title='bbox 460 1423 595 1500; x_wconf 87' lang='lat' dir='ltr'><strong>doctus.</strong></span> <span class='ocrx_word' id='word_1_50' title='bbox 622 1423 717 1498; x_wconf 87' lang='lat' dir='ltr'><strong>Haec</strong></span> <span class='ocrx_word' id='word_1_51' title='bbox 738 1450 840 1499; x_wconf 84' lang='lat' dir='ltr'><strong>causa</strong></span> <span class='ocrx_word' id='word_1_52' title='bbox 858 1422 937 1500; x_wconf 73' lang='lat' dir='ltr'><strong>tuit</strong></span> <span class='ocrx_word' id='word_1_53' title='bbox 961 1420 1144 1501; x_wconf 87' lang='lat' dir='ltr'><strong>Mitterius</strong></span> <span class='ocrx_word' id='word_1_54' title='bbox 1163 1423 1305 1524; x_wconf 88' lang='lat' dir='ltr'><strong>quidam</strong></span> <span class='ocrx_word' id='word_1_55' title='bbox 1324 1450 1399 1524; x_wconf 87' lang='lat' dir='ltr'><strong>spa·</strong></span> 
     </span>
     <span class='ocr_line' id='line_1_9' title="bbox 391 1542 1397 1645; baseline -0.005 -26"><span class='ocrx_word' id='word_1_56' title='bbox 391 1543 523 1619; x_wconf 88' lang='lat' dir='ltr'><strong>niensis</strong></span> <span class='ocrx_word' id='word_1_57' title='bbox 541 1546 592 1645; x_wconf 72' lang='lat' dir='ltr'><strong>(b)</strong></span> <span class='ocrx_word' id='word_1_58' title='bbox 611 1545 666 1618; x_wconf 81' lang='lat' dir='ltr'><strong>vir</strong></span> <span class='ocrx_word' id='word_1_59' title='bbox 690 1543 772 1642; x_wconf 82' lang='lat' dir='ltr'><strong>(cui</strong></span> <span class='ocrx_word' id='word_1_60' title='bbox 793 1560 833 1617; x_wconf 91' lang='lat' dir='ltr'><strong>ut</strong></span> <span class='ocrx_word' id='word_1_61' title='bbox 850 1544 920 1617; x_wconf 80' lang='lat' dir='ltr'><strong>vati</strong></span> <span class='ocrx_word' id='word_1_62' title='bbox 939 1542 1148 1619; x_wconf 83' lang='lat' dir='ltr'><strong>credidimus</strong></span> <span class='ocrx_word' id='word_1_63' title='bbox 1164 1546 1199 1643; x_wconf 82' lang='lat'><strong>3)</strong></span> <span class='ocrx_word' id='word_1_64' title='bbox 1219 1543 1278 1617; x_wconf 90' lang='lat' dir='ltr'><strong>hic</strong></span> <span class='ocrx_word' id='word_1_65' title='bbox 1299 1560 1341 1616; x_wconf 93' lang='lat' dir='ltr'><strong>ut</strong></span> <span class='ocrx_word' id='word_1_66' title='bbox 1358 1542 1397 1615; x_wconf 92' lang='lat' dir='ltr'><strong>li·</strong></span> 
     </span>
     <span class='ocr_line' id='line_1_10' title="bbox 389 1662 1395 1764; baseline -0.001 -27"><span class='ocrx_word' id='word_1_67' title='bbox 389 1666 521 1744; x_wconf 83' lang='lat' dir='ltr'><strong>buisset</strong></span> <span class='ocrx_word' id='word_1_68' title='bbox 538 1664 577 1737; x_wconf 91' lang='lat' dir='ltr'><strong>in</strong></span> <span class='ocrx_word' id='word_1_69' title='bbox 595 1663 749 1737; x_wconf 84' lang='lat' dir='ltr'><strong>versibus</strong></span> <span class='ocrx_word' id='word_1_70' title='bbox 768 1681 959 1764; x_wconf 87' lang='lat' dir='ltr'><strong>utrumque</strong></span> <span class='ocrx_word' id='word_1_71' title='bbox 978 1663 1085 1737; x_wconf 89' lang='lat' dir='ltr'><strong>licere</strong></span> <span class='ocrx_word' id='word_1_72' title='bbox 1105 1662 1329 1739; x_wconf 81' lang='lat' dir='ltr'><strong>indubitabili</strong></span> <span class='ocrx_word' id='word_1_73' title='bbox 1347 1665 1395 1763; x_wconf 77' lang='lat' dir='ltr'><strong>(c)</strong></span> 
     </span>
     <span class='ocr_line' id='line_1_11' title="bbox 389 1782 1395 1873; baseline -0.003 -15"><span class='ocrx_word' id='word_1_74' title='bbox 389 1785 615 1860; x_wconf 88' lang='lat' dir='ltr'><strong>affirmatione</strong></span> <span class='ocrx_word' id='word_1_75' title='bbox 637 1783 848 1873; x_wconf 78' lang='lat' dir='ltr'><strong>testabatur,</strong></span> <span class='ocrx_word' id='word_1_76' title='bbox 867 1801 910 1858; x_wconf 87' lang='lat' dir='ltr'><strong>ut</strong></span> <span class='ocrx_word' id='word_1_77' title='bbox 928 1782 1052 1858; x_wconf 87' lang='lat' dir='ltr'><strong>doctus</strong></span> <span class='ocrx_word' id='word_1_78' title='bbox 1070 1783 1228 1873; x_wconf 85' lang='lat' dir='ltr'><strong>doctius,</strong></span> <span class='ocrx_word' id='word_1_79' title='bbox 1250 1799 1395 1859; x_wconf 90' lang='lat' dir='ltr'><strong>sanctus</strong></span> 
     </span>
     <span class='ocr_line' id='line_1_12' title="bbox 391 1901 1398 2003; baseline -0.003 -26"><span class='ocrx_word' id='word_1_80' title='bbox 391 1903 568 1992; x_wconf 87' lang='lat' dir='ltr'><strong>sanctius,</strong></span> <span class='ocrx_word' id='word_1_81' title='bbox 586 1929 687 1976; x_wconf 81' lang='lat' dir='ltr'><strong>verus</strong></span> <span class='ocrx_word' id='word_1_82' title='bbox 705 1901 821 1976; x_wconf 81' lang='lat' dir='ltr'><strong>verius</strong></span> <span class='ocrx_word' id='word_1_83' title='bbox 840 1958 849 1991; x_wconf 89' lang='lat'>‚</span> <span class='ocrx_word' id='word_1_84' title='bbox 871 1903 1048 2002; x_wconf 84' lang='lat' dir='ltr'><strong>perfectus</strong></span> <span class='ocrx_word' id='word_1_85' title='bbox 1069 1902 1278 2003; x_wconf 82' lang='lat' dir='ltr'><strong>perfectius:</strong></span> <span class='ocrx_word' id='word_1_86' title='bbox 1292 1918 1329 1975; x_wconf 90' lang='lat' dir='ltr'><strong>et</strong></span> <span class='ocrx_word' id='word_1_87' title='bbox 1348 1902 1398 1975; x_wconf 93' lang='lat' dir='ltr'><strong>ita</strong></span> 
     </span>
     <span class='ocr_line' id='line_1_13' title="bbox 389 2017 1397 2121; baseline 0 -27"><span class='ocrx_word' id='word_1_88' title='bbox 389 2022 427 2097; x_wconf 92' lang='lat' dir='ltr'><strong>in</strong></span> <span class='ocrx_word' id='word_1_89' title='bbox 455 2021 612 2119; x_wconf 87' lang='lat' dir='ltr'><strong>genetivo</strong></span> <span class='ocrx_word' id='word_1_90' title='bbox 637 2019 747 2094; x_wconf 88' lang='lat' dir='ltr'><strong>doetii</strong></span> <span class='ocrx_word' id='word_1_91' title='bbox 769 2078 779 2110; x_wconf 95' lang='lat'><strong>,</strong></span> <span class='ocrx_word' id='word_1_92' title='bbox 805 2019 962 2110; x_wconf 87' lang='lat' dir='ltr'><strong>sanctii,</strong></span> <span class='ocrx_word' id='word_1_93' title='bbox 987 2020 1105 2110; x_wconf 78' lang='lat' dir='ltr'><strong>serii,</strong></span> <span class='ocrx_word' id='word_1_94' title='bbox 1132 2020 1300 2121; x_wconf 87' lang='lat' dir='ltr'><strong>persectii.</strong></span> <span class='ocrx_word' id='word_1_95' title='bbox 1329 2017 1397 2094; x_wconf 86' lang='lat' dir='ltr'><strong>llic</strong></span> 
     </span>
     <span class='ocr_line' id='line_1_14' title="bbox 390 2137 1398 2240; baseline 0.001 -27"><span class='ocrx_word' id='word_1_96' title='bbox 390 2167 471 2238; x_wconf 92' lang='lat' dir='ltr'><strong>ergo</strong></span> <span class='ocrx_word' id='word_1_97' title='bbox 489 2167 595 2214; x_wconf 83' lang='lat' dir='ltr'><strong>senex</strong></span> <span class='ocrx_word' id='word_1_98' title='bbox 615 2144 668 2240; x_wconf 87' lang='lat' dir='ltr'><strong>(et</strong></span> <span class='ocrx_word' id='word_1_99' title='bbox 685 2139 783 2213; x_wconf 81' lang='lat' dir='ltr'><strong>valde</strong></span> <span class='ocrx_word' id='word_1_100' title='bbox 809 2142 934 2238; x_wconf 81' lang='lat' dir='ltr'><strong>senex)</strong></span> <span class='ocrx_word' id='word_1_101' title='bbox 957 2137 1001 2212; x_wconf 85' lang='lat' dir='ltr'><strong>ad</strong></span> <span class='ocrx_word' id='word_1_102' title='bbox 1026 2166 1139 2213; x_wconf 88' lang='lat' dir='ltr'><strong>meam</strong></span> <span class='ocrx_word' id='word_1_103' title='bbox 1163 2157 1274 2213; x_wconf 89' lang='lat' dir='ltr'><strong>noctu</strong></span> <span class='ocrx_word' id='word_1_104' title='bbox 1300 2141 1398 2215; x_wconf 85' lang='lat' dir='ltr'><strong>venit</strong></span> 
     </span>
     <span class='ocr_line' id='line_1_15' title="bbox 389 2256 1399 2359; baseline -0.002 -27"><span class='ocrx_word' id='word_1_105' title='bbox 389 2259 560 2356; x_wconf 84' lang='lat' dir='ltr'><strong>domum3</strong></span> <span class='ocrx_word' id='word_1_106' title='bbox 579 2286 686 2359; x_wconf 89' lang='lat' dir='ltr'><strong>quem</strong></span> <span class='ocrx_word' id='word_1_107' title='bbox 705 2284 789 2332; x_wconf 88' lang='lat' dir='ltr'><strong>curn</strong></span> <span class='ocrx_word' id='word_1_108' title='bbox 807 2256 1058 2355; x_wconf 74' lang='lat' dir='ltr'><strong>gratantissime</strong></span> <span class='ocrx_word' id='word_1_109' title='bbox 1078 2258 1331 2359; x_wconf 81' lang='lat' dir='ltr'><strong>suscepissem,</strong></span> <span class='ocrx_word' id='word_1_110' title='bbox 1351 2259 1399 2331; x_wconf 89' lang='lat' dir='ltr'><strong>ait</strong></span> 
     </span>
     <span class='ocr_line' id='line_1_16' title="bbox 389 2378 1399 2479; baseline -0.001 -26"><span class='ocrx_word' id='word_1_111' title='bbox 389 2380 434 2454; x_wconf 86' lang='lat' dir='ltr'><strong>ad</strong></span> <span class='ocrx_word' id='word_1_112' title='bbox 452 2407 508 2454; x_wconf 90' lang='lat' dir='ltr'><strong>me</strong></span> <span class='ocrx_word' id='word_1_113' title='bbox 529 2410 538 2455; x_wconf 75' lang='grc' dir='ltr'><strong>ε</strong></span> <span class='ocrx_word' id='word_1_114' title='bbox 563 2378 654 2452; x_wconf 88' lang='lat' dir='ltr'><strong>olili</strong></span> <span class='ocrx_word' id='word_1_115' title='bbox 677 2437 686 2468; x_wconf 94' lang='lat'><strong>,</strong></span> <span class='ocrx_word' id='word_1_116' title='bbox 712 2379 889 2478; x_wconf 83' lang='lat' dir='ltr'><strong>interroga</strong></span> <span class='ocrx_word' id='word_1_117' title='bbox 907 2405 962 2453; x_wconf 93' lang='lat' dir='ltr'><strong>me</strong></span> <span class='ocrx_word' id='word_1_118' title='bbox 989 2379 1104 2479; x_wconf 85' lang='lat' dir='ltr'><strong>siquid</strong></span> <span class='ocrx_word' id='word_1_119' title='bbox 1132 2379 1231 2453; x_wconf 88' lang='lat' dir='ltr'><strong>cordi</strong></span> <span class='ocrx_word' id='word_1_120' title='bbox 1255 2397 1334 2468; x_wconf 87' lang='lat' dir='ltr'><strong>est,</strong></span> <span class='ocrx_word' id='word_1_121' title='bbox 1361 2399 1399 2453; x_wconf 91' lang='lat' dir='ltr'><strong>et</strong></span> 
     </span>
     <span class='ocr_line' id='line_1_17' title="bbox 391 2498 1400 2602; baseline -0.002 -26"><span class='ocrx_word' id='word_1_122' title='bbox 391 2529 455 2600; x_wconf 91' lang='lat' dir='ltr'><strong>ego</strong></span> <span class='ocrx_word' id='word_1_123' title='bbox 468 2500 554 2574; x_wconf 91' lang='lat' dir='ltr'><strong>boni</strong></span> <span class='ocrx_word' id='word_1_124' title='bbox 565 2500 642 2574; x_wconf 82' lang='lat' dir='ltr'><strong>vice</strong></span> <span class='ocrx_word' id='word_1_125' title='bbox 656 2500 799 2602; x_wconf 88' lang='lat' dir='ltr'><strong>hospitii</strong></span> <span class='ocrx_word' id='word_1_126' title='bbox 813 2500 987 2574; x_wconf 83' lang='lat' dir='ltr'><strong>relectabo</strong></span> <span class='ocrx_word' id='word_1_127' title='bbox 997 2501 1047 2602; x_wconf 86' lang='lat' dir='ltr'><strong>(d)</strong></span> <span class='ocrx_word' id='word_1_128' title='bbox 1059 2517 1103 2576; x_wconf 87' lang='lat' dir='ltr'><strong>te.</strong></span> <span class='ocrx_word' id='word_1_129' title='bbox 1111 2498 1158 2574; x_wconf 86' lang='lat' dir='ltr'><strong>Et</strong></span> <span class='ocrx_word' id='word_1_130' title='bbox 1176 2529 1239 2599; x_wconf 90' lang='lat' dir='ltr'><strong>ego</strong></span> <span class='ocrx_word' id='word_1_131' title='bbox 1254 2501 1296 2574; x_wconf 91' lang='lat' dir='ltr'><strong>ad</strong></span> <span class='ocrx_word' id='word_1_132' title='bbox 1316 2528 1400 2574; x_wconf 91' lang='lat' dir='ltr'><strong>eum</strong></span> 
     </span>
     <span class='ocr_line' id='line_1_18' title="bbox 391 2617 1401 2721; baseline -0.002 -27"><span class='ocrx_word' id='word_1_133' title='bbox 391 2621 464 2699; x_wconf 86' lang='lat' dir='ltr'><strong>aio:</strong></span> <span class='ocrx_word' id='word_1_134' title='bbox 484 2620 594 2693; x_wconf 88' lang='lat' dir='ltr'><strong>habeo</strong></span> <span class='ocrx_word' id='word_1_135' title='bbox 613 2617 707 2720; x_wconf 90' lang='lat' dir='ltr'><strong>quod</strong></span> <span class='ocrx_word' id='word_1_136' title='bbox 726 2635 760 2711; x_wconf 81' lang='lat' dir='ltr'><strong>te</strong></span> <span class='ocrx_word' id='word_1_137' title='bbox 780 2619 1010 2718; x_wconf 83' lang='lat' dir='ltr'><strong>interrogem:</strong></span> <span class='ocrx_word' id='word_1_138' title='bbox 1029 2634 1112 2693; x_wconf 88' lang='lat' dir='ltr'><strong>sunt</strong></span> <span class='ocrx_word' id='word_1_139' title='bbox 1129 2619 1298 2721; x_wconf 82' lang='lat' dir='ltr'><strong>quasdam</strong></span> <span class='ocrx_word' id='word_1_140' title='bbox 1319 2646 1401 2693; x_wconf 88' lang='lat' dir='ltr'><strong>con-</strong></span> 
     </span>
     <span class='ocr_line' id='line_1_19' title="bbox 358 2728 1401 2836; baseline -0.002 -27"><span class='ocrx_word' id='word_1_141' title='bbox 358 2761 364 2771; x_wconf 87' lang='lat'>·</span> <span class='ocrx_word' id='word_1_142' title='bbox 389 2735 516 2809; x_wconf 85' lang='lat' dir='ltr'><strong>similia</strong></span> <span class='ocrx_word' id='word_1_143' title='bbox 534 2763 624 2836; x_wconf 87' lang='lat' dir='ltr'><strong>quae</strong></span> <span class='ocrx_word' id='word_1_144' title='bbox 643 2728 797 2808; x_wconf 85' lang='lat' dir='ltr'><strong>discerni</strong></span> <span class='ocrx_word' id='word_1_145' title='bbox 815 2763 835 2808; x_wconf 89' lang='lat' dir='ltr'><strong>a</strong></span> <span class='ocrx_word' id='word_1_146' title='bbox 855 2760 1002 2810; x_wconf 87' lang='lat' dir='ltr'><strong>menon</strong></span> <span class='ocrx_word' id='word_1_147' title='bbox 1027 2753 1175 2836; x_wconf 90' lang='lat' dir='ltr'><strong>possunt</strong></span> <span class='ocrx_word' id='word_1_148' title='bbox 1196 2791 1207 2826; x_wconf 91' lang='lat'><strong>,</strong></span> <span class='ocrx_word' id='word_1_149' title='bbox 1232 2761 1321 2836; x_wconf 87' lang='lat' dir='ltr'><strong>quae</strong></span> <span class='ocrx_word' id='word_1_150' title='bbox 1341 2735 1401 2807; x_wconf 90' lang='lat' dir='ltr'><strong>ali·</strong></span> 
     </span>
     <span class='ocr_line' id='line_1_20' title="bbox 389 2853 1400 2956; baseline 0 -31"><span class='ocrx_word' id='word_1_151' title='bbox 389 2853 427 2926; x_wconf 91' lang='lat' dir='ltr'><strong>bi</strong></span> <span class='ocrx_word' id='word_1_152' title='bbox 444 2854 589 2928; x_wconf 89' lang='lat' dir='ltr'><strong>nomina</strong></span> <span class='ocrx_word' id='word_1_153' title='bbox 612 2910 622 2943; x_wconf 93' lang='lat'><strong>,</strong></span> <span class='ocrx_word' id='word_1_154' title='bbox 649 2854 731 2927; x_wconf 90' lang='lat' dir='ltr'><strong>alibi</strong></span> <span class='ocrx_word' id='word_1_155' title='bbox 750 2853 958 2956; x_wconf 87' lang='lat' dir='ltr'><strong>pronomina</strong></span> <span class='ocrx_word' id='word_1_156' title='bbox 977 2910 987 2943; x_wconf 92' lang='lat'><strong>,</strong></span> <span class='ocrx_word' id='word_1_157' title='bbox 1006 2854 1090 2928; x_wconf 84' lang='lat' dir='ltr'><strong>alibi</strong></span> <span class='ocrx_word' id='word_1_158' title='bbox 1108 2854 1288 2950; x_wconf 84' lang='lat' dir='ltr'><strong>adverbia3</strong></span> <span class='ocrx_word' id='word_1_159' title='bbox 1307 2880 1400 2954; x_wconf 88' lang='lat' dir='ltr'><strong>quas</strong></span> 
     </span>
     <span class='ocr_line' id='line_1_21' title="bbox 391 2971 1401 3076; baseline 0 -30"><span class='ocrx_word' id='word_1_160' title='bbox 391 2991 429 3047; x_wconf 93' lang='lat' dir='ltr'><strong>tu</strong></span> <span class='ocrx_word' id='word_1_161' title='bbox 449 2975 521 3074; x_wconf 90' lang='lat' dir='ltr'><strong>ipse</strong></span> <span class='ocrx_word' id='word_1_162' title='bbox 540 2991 576 3046; x_wconf 89' lang='lat' dir='ltr'><strong>et</strong></span> <span class='ocrx_word' id='word_1_163' title='bbox 595 3001 770 3076; x_wconf 86' lang='lat' dir='ltr'><strong>propone,</strong></span> <span class='ocrx_word' id='word_1_164' title='bbox 790 2993 826 3049; x_wconf 93' lang='lat' dir='ltr'><strong>et</strong></span> <span class='ocrx_word' id='word_1_165' title='bbox 844 2975 979 3048; x_wconf 85' lang='lat' dir='ltr'><strong>absolve</strong></span> <span class='ocrx_word' id='word_1_166' title='bbox 997 3001 1087 3074; x_wconf 88' lang='lat' dir='ltr'><strong>quae</strong></span> <span class='ocrx_word' id='word_1_167' title='bbox 1107 3001 1170 3072; x_wconf 90' lang='lat' dir='ltr'><strong>ego</strong></span> <span class='ocrx_word' id='word_1_168' title='bbox 1190 2971 1401 3072; x_wconf 84' lang='lat' dir='ltr'><strong>interrogare</strong></span> 
     </span>
     <span class='ocr_line' id='line_1_22' title="bbox 389 3120 668 3194; baseline 0 -30"><span class='ocrx_word' id='word_1_169' title='bbox 389 3120 462 3165; x_wconf 91' lang='lat' dir='ltr'><strong>non</strong></span> <span class='ocrx_word' id='word_1_170' title='bbox 481 3120 618 3194; x_wconf 87' lang='lat' dir='ltr'><strong>arrrpro.</strong></span> <span class='ocrx_word' id='word_1_171' title='bbox 667 3161 668 3164; x_wconf 74' lang='grc'>,</span> 
     </span>
    </p>

    <p class='ocr_par' dir='ltr' id='par_1_3' title="bbox 367 3208 1402 3795">
     <span class='ocr_line' id='line_1_23' title="bbox 467 3211 1401 3315; baseline -0.001 -29"><span class='ocrx_word' id='word_1_172' title='bbox 467 3240 500 3314; x_wconf 82' lang='grc'><strong>9.</strong></span> <span class='ocrx_word' id='word_1_173' title='bbox 522 3211 619 3288; x_wconf 84' lang='lat' dir='ltr'><strong>Tum</strong></span> <span class='ocrx_word' id='word_1_174' title='bbox 637 3213 694 3288; x_wconf 88' lang='lat' dir='ltr'><strong>ille</strong></span> <span class='ocrx_word' id='word_1_175' title='bbox 711 3213 806 3295; x_wconf 88' lang='lat' dir='ltr'><strong>velut</strong></span> <span class='ocrx_word' id='word_1_176' title='bbox 823 3213 976 3315; x_wconf 90' lang='lat' dir='ltr'><strong>quodam</strong></span> <span class='ocrx_word' id='word_1_177' title='bbox 997 3213 1121 3313; x_wconf 89' lang='lat' dir='ltr'><strong>spiritu</strong></span> <span class='ocrx_word' id='word_1_178' title='bbox 1142 3212 1299 3301; x_wconf 85' lang='lat' dir='ltr'><strong>afflatus,</strong></span> <span class='ocrx_word' id='word_1_179' title='bbox 1320 3239 1401 3314; x_wconf 90' lang='lat' dir='ltr'><strong>pro-</strong></span> 
     </span>
     <span class='ocr_line' id='line_1_24' title="bbox 367 3332 1402 3437; baseline 0 -30"><span class='ocrx_word' id='word_1_180' title='bbox 367 3338 369 3343; x_wconf 75' lang='grc'>’</span> <span class='ocrx_word' id='word_1_181' title='bbox 388 3334 526 3434; x_wconf 88' lang='lat' dir='ltr'><strong>phetari</strong></span> <span class='ocrx_word' id='word_1_182' title='bbox 546 3336 661 3437; x_wconf 86' lang='lat' dir='ltr'><strong>inquit</strong></span> <span class='ocrx_word' id='word_1_183' title='bbox 676 3336 748 3411; x_wconf 91' lang='lat' dir='ltr'><strong>scio</strong></span> <span class='ocrx_word' id='word_1_184' title='bbox 759 3391 768 3424; x_wconf 93' lang='lat'><strong>,</strong></span> <span class='ocrx_word' id='word_1_185' title='bbox 780 3335 831 3409; x_wconf 86' lang='lat' dir='ltr'><strong>fili</strong></span> <span class='ocrx_word' id='word_1_186' title='bbox 843 3335 891 3410; x_wconf 89' lang='lat' dir='ltr'><strong>mi</strong></span> <span class='ocrx_word' id='word_1_187' title='bbox 902 3363 1008 3436; x_wconf 87' lang='lat' dir='ltr'><strong>,quae</strong></span> <span class='ocrx_word' id='word_1_188' title='bbox 1026 3334 1071 3407; x_wconf 87' lang='lat' dir='ltr'><strong>sit</strong></span> <span class='ocrx_word' id='word_1_189' title='bbox 1082 3332 1196 3406; x_wconf 90' lang='lat' dir='ltr'><strong>cordis</strong></span> <span class='ocrx_word' id='word_1_190' title='bbox 1210 3334 1267 3407; x_wconf 90' lang='lat' dir='ltr'><strong>tui</strong></span> <span class='ocrx_word' id='word_1_191' title='bbox 1280 3362 1402 3433; x_wconf 90' lang='lat' dir='ltr'><strong>quaes·</strong></span> 
     </span>
     <span class='ocr_line' id='line_1_25' title="bbox 390 3451 1400 3554; baseline -0.002 -27"><span class='ocrx_word' id='word_1_192' title='bbox 390 3455 468 3532; x_wconf 81' lang='lat' dir='ltr'><strong>tio:</strong></span> <span class='ocrx_word' id='word_1_193' title='bbox 496 3472 580 3529; x_wconf 86' lang='lat' dir='ltr'><strong>sunt</strong></span> <span class='ocrx_word' id='word_1_194' title='bbox 598 3456 692 3529; x_wconf 89' lang='lat' dir='ltr'><strong>enirn</strong></span> <span class='ocrx_word' id='word_1_195' title='bbox 710 3456 854 3531; x_wconf 84' lang='lat' dir='ltr'><strong>nomina</strong></span> <span class='ocrx_word' id='word_1_196' title='bbox 877 3511 887 3544; x_wconf 97' lang='lat'><strong>,</strong></span> <span class='ocrx_word' id='word_1_197' title='bbox 912 3480 1000 3554; x_wconf 85' lang='lat' dir='ltr'><strong>quae</strong></span> <span class='ocrx_word' id='word_1_198' title='bbox 1022 3468 1058 3526; x_wconf 89' lang='lat' dir='ltr'><strong>et</strong></span> <span class='ocrx_word' id='word_1_199' title='bbox 1075 3451 1235 3525; x_wconf 90' lang='lat' dir='ltr'><strong>adverbia</strong></span> <span class='ocrx_word' id='word_1_200' title='bbox 1260 3451 1400 3526; x_wconf 90' lang='lat' dir='ltr'><strong>hisdem</strong></span> 
     </span>
     <span class='ocr_line' id='line_1_26' title="bbox 387 3570 1401 3661; baseline -0.001 -16"><span class='ocrx_word' id='word_1_201' title='bbox 387 3571 511 3647; x_wconf 87' lang='lat' dir='ltr'><strong>litteris</strong></span> <span class='ocrx_word' id='word_1_202' title='bbox 530 3601 601 3647; x_wconf 84' lang='lat' dir='ltr'><strong>esse</strong></span> <span class='ocrx_word' id='word_1_203' title='bbox 623 3574 847 3648; x_wconf 82' lang='lat' dir='ltr'><strong>manifestum</strong></span> <span class='ocrx_word' id='word_1_204' title='bbox 865 3589 945 3661; x_wconf 87' lang='lat' dir='ltr'><strong>est,</strong></span> <span class='ocrx_word' id='word_1_205' title='bbox 966 3588 1008 3646; x_wconf 92' lang='lat' dir='ltr'><strong>ut</strong></span> <span class='ocrx_word' id='word_1_206' title='bbox 1028 3597 1098 3645; x_wconf 88' lang='lat' dir='ltr'><strong>una</strong></span> <span class='ocrx_word' id='word_1_207' title='bbox 1118 3596 1215 3657; x_wconf 91' lang='lat' dir='ltr'><strong>una,</strong></span> <span class='ocrx_word' id='word_1_208' title='bbox 1236 3570 1303 3643; x_wconf 90' lang='lat' dir='ltr'><strong>tria</strong></span> <span class='ocrx_word' id='word_1_209' title='bbox 1323 3571 1401 3645; x_wconf 90' lang='lat' dir='ltr'><strong>tria.</strong></span> 
     </span>
     <span class='ocr_line' id='line_1_27' title="bbox 390 3690 1401 3795; baseline -0.002 -30"><span class='ocrx_word' id='word_1_210' title='bbox 390 3690 486 3766; x_wconf 86' lang='lat' dir='ltr'><strong>Haec</strong></span> <span class='ocrx_word' id='word_1_211' title='bbox 507 3719 587 3791; x_wconf 93' lang='lat' dir='ltr'><strong>ergo</strong></span> <span class='ocrx_word' id='word_1_212' title='bbox 605 3693 769 3768; x_wconf 88' lang='lat' dir='ltr'><strong>discretio</strong></span> <span class='ocrx_word' id='word_1_213' title='bbox 795 3692 859 3767; x_wconf 86' lang='lat' dir='ltr'><strong>erit</strong></span> <span class='ocrx_word' id='word_1_214' title='bbox 883 3749 894 3783; x_wconf 92' lang='lat'><strong>,</strong></span> <span class='ocrx_word' id='word_1_215' title='bbox 920 3709 962 3767; x_wconf 90' lang='lat' dir='ltr'><strong>ut</strong></span> <span class='ocrx_word' id='word_1_216' title='bbox 988 3690 1129 3795; x_wconf 86' lang='lat' dir='ltr'><strong>quando</strong></span> <span class='ocrx_word' id='word_1_217' title='bbox 1159 3717 1287 3766; x_wconf 89' lang='lat' dir='ltr'><strong>nomen</strong></span> <span class='ocrx_word' id='word_1_218' title='bbox 1323 3691 1401 3780; x_wconf 89' lang='lat' dir='ltr'><strong>sit,</strong></span> 
     </span>
    </p>
   </div>
   <div class='ocr_carea' id='block_1_3' title="bbox 392 3888 1397 4118">
    <p class='ocr_par' dir='ltr' id='par_1_4' title="bbox 392 3888 1397 4118">
     <span class='ocr_line' id='line_1_28' title="bbox 465 3888 1397 3956; baseline -0.006 -18"><span class='ocrx_word' id='word_1_219' title='bbox 465 3888 504 3956; x_wconf 80' lang='lat' dir='ltr'><strong>(a)</strong></span> <span class='ocrx_word' id='word_1_220' title='bbox 518 3896 574 3945; x_wconf 86' lang='lat' dir='ltr'><strong>cod.</strong></span> <span class='ocrx_word' id='word_1_221' title='bbox 591 3898 660 3942; x_wconf 74' lang='lat' dir='ltr'><strong>doen.</strong></span> <span class='ocrx_word' id='word_1_222' title='bbox 692 3893 732 3956; x_wconf 71' lang='lat' dir='ltr'><strong>(li)</strong></span> <span class='ocrx_word' id='word_1_223' title='bbox 748 3900 785 3940; x_wconf 80' lang='lat' dir='ltr'><strong>lta</strong></span> <span class='ocrx_word' id='word_1_224' title='bbox 803 3895 854 3943; x_wconf 86' lang='lat' dir='ltr'><strong>eod.</strong></span> <span class='ocrx_word' id='word_1_225' title='bbox 874 3900 1011 3952; x_wconf 67' lang='lat' dir='ltr'><strong>spaniensis.</strong></span> <span class='ocrx_word' id='word_1_226' title='bbox 1028 3898 1083 3939; x_wconf 74' lang='lat' dir='ltr'><strong>sans</strong></span> <span class='ocrx_word' id='word_1_227' title='bbox 1099 3897 1121 3937; x_wconf 82' lang='lat' dir='ltr'><strong>ia</strong></span> <span class='ocrx_word' id='word_1_228' title='bbox 1137 3897 1237 3938; x_wconf 75' lang='lat' dir='ltr'><strong>vetustis</strong></span> <span class='ocrx_word' id='word_1_229' title='bbox 1255 3907 1308 3936; x_wconf 75' lang='lat' dir='ltr'><strong>mss·</strong></span> <span class='ocrx_word' id='word_1_230' title='bbox 1328 3905 1397 3950; x_wconf 77' lang='lat' dir='ltr'><strong>nepe</strong></span> 
     </span>
     <span class='ocr_line' id='line_1_29' title="bbox 392 3966 1397 4039; baseline -0.009 -21"><span class='ocrx_word' id='word_1_231' title='bbox 392 3972 481 4034; x_wconf 78' lang='lat' dir='ltr'><strong>legitur</strong></span> <span class='ocrx_word' id='word_1_232' title='bbox 495 3972 586 4033; x_wconf 73' lang='lat' dir='ltr'><strong>Spania</strong></span> <span class='ocrx_word' id='word_1_233' title='bbox 604 3989 644 4032; x_wconf 90' lang='lat' dir='ltr'><strong>pro</strong></span> <span class='ocrx_word' id='word_1_234' title='bbox 660 3970 783 4031; x_wconf 62' lang='lat' dir='ltr'><strong>Insperato·</strong></span> <span class='ocrx_word' id='word_1_235' title='bbox 815 3970 853 4039; x_wconf 75' lang='grc' dir='ltr'><strong>(ι)</strong></span> <span class='ocrx_word' id='word_1_236' title='bbox 870 3973 924 4018; x_wconf 80' lang='lat' dir='ltr'><strong>cod·</strong></span> <span class='ocrx_word' id='word_1_237' title='bbox 942 3970 1078 4017; x_wconf 62' lang='lat' dir='ltr'><strong>lucrationis.</strong></span> <span class='ocrx_word' id='word_1_238' title='bbox 1095 3970 1137 4015; x_wconf 81' lang='lat' dir='ltr'><strong>Sed</strong></span> <span class='ocrx_word' id='word_1_239' title='bbox 1154 3969 1209 4014; x_wconf 74' lang='lat' dir='ltr'><strong>tlibi</strong></span> <span class='ocrx_word' id='word_1_240' title='bbox 1225 3966 1380 4014; x_wconf 65' lang='lat' dir='ltr'><strong>ratramnum</strong></span> <span class='ocrx_word' id='word_1_241' title='bbox 1389 3995 1397 4018; x_wconf 83' lang='grc'>,</span> 
     </span>
     <span class='ocr_line' id='line_1_30' title="bbox 395 4048 839 4118; baseline -0.007 -19"><span class='ocrx_word' id='word_1_242' title='bbox 395 4064 418 4099; x_wconf 75' lang='lat' dir='ltr'><strong>et</strong></span> <span class='ocrx_word' id='word_1_243' title='bbox 434 4054 636 4101; x_wconf 69' lang='lat' dir='ltr'><strong>indubitabilem·</strong></span> <span class='ocrx_word' id='word_1_244' title='bbox 677 4048 719 4118; x_wconf 84' lang='lat' dir='ltr'><strong>(d)</strong></span> <span class='ocrx_word' id='word_1_245' title='bbox 736 4057 771 4098; x_wconf 74' lang='lat' dir='ltr'><strong>tta</strong></span> <span class='ocrx_word' id='word_1_246' title='bbox 788 4051 839 4097; x_wconf 83' lang='lat' dir='ltr'><strong>cod·</strong></span> 
     </span>
    </p>
   </div>
   <div class='ocr_carea' id='block_1_4' title="bbox 0 0 1696 5206">
    <p class='ocr_par' dir='ltr' id='par_1_5' title="bbox 0 0 1696 5206">
     <span class='ocr_line' id='line_1_31' title="bbox 0 0 1696 5206; baseline 0 0"><span class='ocrx_word' id='word_1_247' title='bbox 0 0 1696 5206; x_wconf 95' lang='lat' dir='ltr'><strong> </strong></span> 
     </span>
    </p>
   </div>
  </div>
 </body>
</html>
