3382 5206
498 516 570 611 436
826 543 997 595 torturus
1023 549 1122 596 scorr

471 645 598 732 orans,
621 671 659 714 ac
682 648 822 740 legitans
843 648 966 734 libros,
991 651 1207 742 manibusque
1227 651 1383 721 laborans
1396 646 1417 734 ξ

542 752 586 818 Et
610 751 738 819 nullum
768 754 854 821 vitiis
882 771 1010 843 tempus
1038 757 1135 822 inane
1160 772 1265 822 vacat.
1536 774 1592 816 20.

475 856 563 943 Quid
587 882 698 927 causas
726 860 817 950 regni
846 859 973 928 dicam,
1003 886 1083 951 quas
1106 863 1173 950 ipsa
1196 862 1301 951 perita

541 963 689 1053 Disponit
717 965 808 1055 vigili
833 984 963 1054 pectore
986 962 1186 1056 praecipuo?

472 1068 509 1136 Si
530 1071 676 1136 sinerent
699 1072 830 1159 apices,
852 1096 935 1163 quos
960 1068 1134 1161 scripserat
1155 1071 1225 1162 ipse
1248 1067 1434 1151 Salomon,

539 1175 695 1241 Dirisseur
718 1173 825 1242 forsan
849 1174 931 1266 quid
952 1176 1130 1265 perhibere
1150 1174 1275 1242 volunt·

474 1279 565 1345 Haec
593 1303 671 1344 nam
698 1280 778 1347 haec
801 1281 919 1347 merito
942 1297 1092 1348 censetur
1113 1276 1235 1347 semina
1263 1277 1378 1361 fortis,

543 1384 649 1470 Quam
668 1383 810 1450 Karalus
839 1386 961 1473 reperit
983 1385 1078 1454 sortis
1106 1400 1140 1453 et
1162 1380 1266 1450 almtts
1288 1380 1386 1472 ἕινιιξ.

476 1491 582 1575 Quem
607 1488 713 1557 solum
738 1489 882 1558 celebrat
909 1494 1114 1559 Francorum
1141 1488 1245 1581 gloria
1268 1510 1380 1579 regem

543 1595 687 1686 Dignum
714 1594 909 1662 christicolis
937 1595 1092 1686 plebibus
1119 1613 1219 1687 atque
1239 1593 1359 1661 choris.

477 1698 541 1767 Cui
567 1719 693 1792 gestare
714 1701 791 1768 licet
817 1726 993 1793 regnorum
1015 1701 1157 1793 plurima
1182 1717 1331 1790 sceptra,

544 1807 636 1892 Quae
659 1809 766 1899 magni
789 1826 898 1898 patres
920 1811 1104 1876 sustinuere
1125 1809 1186 1875 sui.

478 1914 541 1982 Cui
565 1913 623 1981 soli
648 1938 787 2004 regnum
810 1915 969 2002 sapientia
993 1915 1128 2003 praevia
1150 1908 1274 2001 pollet,

545 2022 651 2106 Quem
677 2044 777 2110 purae
806 2023 921 2086 mentis
946 2018 1099 2087 nobilitat
1120 2017 1277 2085 studium·

478 2129 582 2212 Quem
604 2130 769 2218 scriptura
794 2127 888 2194 docet
913 2126 1032 2194 divinis
1058 2124 1157 2216 plena
1184 2122 1323 2214 figuris,

545 2232 596 2302 Ne
619 2250 708 2298 recto
734 2232 857 2300 Christi
881 2233 1013 2297 tramite
1036 2228 1196 2295 debilitet.

478 2342 542 2428 Qui
565 2357 690 2405 sanctas
712 2338 808 2405 aedes
834 2338 989 2406 dedicans
1013 2336 1184 2404 ornatibus
1206 2333 1347 2422 amplis,

547 2447 701 2514 Caelestis
725 2448 847 2536 patriae
869 2443 1019 2536 symbola
1041 2466 1134 2509 sacra
1158 2439 1256 2508 videt·

479 2553 546 2621 Hos
569 2554 684 2635 ambo,
708 2576 817 2642 regem
841 2550 915 2618 dico
940 2551 1196 2640 dominamque,
1214 2564 1377 2637 potentes

549 2657 680 2724 Chn'stc
702 2673 793 2723 tuere
814 2659 860 2722 tui
882 2656 1023 2722 numinis
1036 2653 1165 2720 auxilio.

480 2762 531 2831 Sis
553 2761 639 2828 fidus
667 2780 793 2845 custos,
816 2763 859 2828 sis
887 2785 999 2828 murus
1024 2777 1111 2825 tutus
1140 2760 1175 2822 in
1201 2777 1338 2838 aevum,

547 2870 594 2937 Ut
618 2870 679 2934 tibi
701 2884 861 2958 perpetuo
881 2865 1002 2957 placita
1024 2883 1102 2932 vota
1129 2862 1245 2932 serant.

478 2979 611 3044 Devotis
635 2977 752 3043 animis
774 3000 905 3066 semper
927 2995 959 3044 te
981 2971 1095 3040 laudet
1117 2989 1281 3061 uterque,

547 3086 694 3155 Vocibus
718 3083 917 3152 harmonicis
936 3081 1063 3148 actibus
1084 3096 1182 3170 atque
1208 3077 1318 3144 bonis·

482 3192 620 3260 Illorum
648 3191 790 3258 tumidos
814 3191 963 3256 inimicos
988 3205 1098 3254 sterne
1122 3183 1286 3265 rebelles,

551 3297 619 3365 Aut
646 3299 706 3364 hos
735 3320 909 3363 conversos
931 3294 1074 3362 subdere
1104 3292 1188 3361 colla
1211 3315 1318 3359 mone·

481 3409 531 3474 Da
551 3431 665 3495 pacem
688 3403 829 3494 populo,
851 3403 908 3495 qui
934 3401 996 3467 tibi
1023 3399 1124 3466 servit
1153 3398 1302 3487 ubique,

551 3514 712 3582 Omnibu’
734 3510 940 3601 christigenis
962 3510 1077 3577 floreat
1092 3507 1178 3574 alma
1200 3507 1305 3598 quies.

479 3621 625 3711 Paganos
652 3620 773 3706 piratas
793 3615 841 3703 (ι)
866 3631 1025 3682 vastantes
1048 3638 1149 3707 regna
1172 3635 1232 3701 per
1256 3609 1377 3676 orbem

548 3725 764 3812 Consumptos
791 3720 901 3813 gladio
926 3720 1056 3812 gurgite
1077 3741 1190 3810 merge
1212 3713 1324 3812 maris.

478 3835 518 3900 ln
541 3850 644 3923 syrtes
668 3833 773 3900 varias
798 3843 995 3920 spargantur
1023 3826 1155 3892 flatibus
1179 3822 1305 3905 austri,

568 3972 615 4040 (ι)
637 3968 835 4024 Northmannos
854 3968 938 4022 classe
957 3966 1095 4021 advectos.
