3382 5206
711 608 755 656 rr
778 604 1002 658 crassatam.
1270 589 1347 673 ,513

348 723 495 795 pressum
516 702 750 796 conpellabant
761 706 806 771 ita
820 733 830 770 s
844 703 1007 797 numquid
1029 706 1230 800 coniungere
1244 705 1370 777 valebis

350 810 507 880 micantea
518 808 626 877 stellas
641 807 781 898 pliadis,
802 824 859 875 aut
871 833 990 902 gyrum
1003 812 1126 878 arcturi
1141 814 1260 901 poteris
1274 806 1370 879 dissi·

348 910 444 1005 pare?
458 916 544 982 Nam
558 932 707 983 arcturus
721 914 861 1005 riphaeis
885 914 1028 1004 perlatus
1052 917 1297 1009 montibus,qui
1310 918 1369 984 bo·

348 1044 405 1088 reo
418 1019 619 1114 aquilonaris
628 1023 696 1113 poli
710 1021 843 1091 cardine
856 1020 1017 1109 volvitur,
1029 1047 1093 1114 qua
1105 1023 1251 1116 scythica
1261 1048 1366 1116 regna

347 1125 546 1195 horrendam
566 1126 713 1196 incolunt
735 1129 941 1237 barbariqm,
960 1127 1156 1220 septiformis
1177 1133 1313 1198 temonis
1334 1148 1367 1210 er

346 1230 483 1321 plaustri
504 1231 611 1302 sidere
638 1234 805 1323 signatur:
830 1251 862 1303 et
890 1235 968 1325 qnia
989 1257 1166 1326 numquam
1191 1258 1365 1302 occasurus

347 1362 476 1429 semper
495 1336 639 1406 brumali
662 1339 761 1406 circio
776 1338 945 1429 copulatus
963 1357 1099 1431 propter
1112 1336 1316 1407 vicinitatem
1328 1366 1366 1407 a·

344 1444 409 1529 ris,
422 1468 489 1513 non
501 1447 656 1513 inmerito
669 1443 808 1534 rigidam
820 1447 945 1535 priscae
958 1441 1037 1537 legis
1048 1447 1267 1515 austeritatem
1281 1445 1365 1513 alle-

342 1552 462 1641 goricis
484 1551 721 1643 aenigmatibus
747 1552 955 1644 praefigurat.
978 1552 1064 1637 Quid
1097 1549 1236 1620 referam
1255 1551 1366 1618 atlan-

345 1651 425 1723 tidas
453 1656 682 1747 patronymico
713 1655 814 1721 dietas
844 1654 1028 1740 vocabulo,
1053 1677 1133 1747 quas
1156 1649 1364 1726 Graecorum

342 1758 473 1827 traditio
499 1786 518 1827 a
542 1759 730 1850 pluralitate
747 1759 896 1852 pliades,
916 1759 967 1829 vel
990 1759 1092 1826 latina
1113 1786 1133 1827 a
1156 1785 1256 1830 verno
1278 1779 1364 1830 tem·

339 1888 418 1953 pore
433 1864 601 1956 vergilias,
617 1891 674 1934 sen
695 1893 713 1932 a
734 1867 919 1937 merulento
946 1865 1118 1958 palmitum
1143 1892 1273 1937 racemo
1298 1868 1362 1937 bo-

340 1986 426 2037 trum
442 1967 712 2060 nuncupaverat?
727 1997 811 2064 quae
825 1970 904 2037 dnm
922 1969 1066 2062 obliquis
1077 1971 1239 2041 linearum
1249 1969 1361 2039 anfra-

339 2077 475 2143 ctibusa
492 2075 621 2145 climate
640 2076 792 2145 orientali
807 2095 1030 2166 emergentes,
1046 2102 1111 2170 qua
1127 2101 1282 2148 croceum
1304 2103 1361 2148 so-

337 2170 377 2248 lis
390 2183 487 2251 iubar
505 2201 654 2254 exortum
672 2186 766 2252 terris
788 2181 992 2267 infunditur,
1010 2200 1130 2250 metam
1153 2184 1269 2252 circuli
1288 2206 1362 2276 per·

337 2306 457 2378 agunt,
483 2287 623 2378 pulchre
646 2284 836 2356 universalis
859 2284 1015 2356 ecclesiae
1036 2289 1254 2376 septenariam
1278 2290 1361 2354 cha·

337 2395 506 2461 rismatum
521 2391 788 2460 distributionem
798 2390 931 2459 totidem
943 2391 1087 2461 siderum
1101 2390 1250 2459 claritate
1262 2416 1362 2481 prae·

336 2498 489 2591 figurant.
514 2496 691 2566 Astrorum
710 2520 841 2589 quoque
862 2497 958 2582 situs,
978 2521 1063 2588 qnae
1084 2496 1196 2588 lingua
1213 2499 1358 2589 Argivo·

246 2609 248 2613 ’
337 2629 411 2674 rum
433 2603 562 2698 hyadae
583 2603 754 2689 dicuntur,
776 2602 819 2670 de
842 2603 962 2695 quibus
986 2621 1180 2670 mantuanus
1199 2620 1287 2672 rates
1307 2603 1358 2674 le·

336 2714 426 2803 gitur
444 2712 600 2780 cecinisse
615 2748 632 2762 -
647 2727 815 2778 arcturum
830 2708 1027 2800 pluviasque
1052 2708 1175 2801 hyadas
1194 2713 1361 2801 geminos·

335 2842 398 2910 que
411 2819 531 2884 triones
551 2853 589 2902 -,
604 2834 637 2886 et
656 2841 736 2908 quas
755 2814 903 2883 romulea
916 2813 1087 2882 latinitatis
1108 2814 1284 2907 antiquitas
1298 2841 1357 2883 su·

334 2923 423 2992 culas
446 2921 830 3013 vocitarit,septisormis
851 2945 917 2990 esse
931 2936 1152 3006 monstratur,
1166 2937 1241 2991 ante
1260 2919 1354 2987 iron-

332 3045 398 3095 tem
418 3027 571 3096 aethralis
594 3031 678 3095 tauri
701 3027 849 3109 locatus,
877 3030 935 3120 qui
960 3024 1093 3095 zodiaco
1116 3023 1243 3094 circulo
1268 3027 1354 3095 inter

334 3132 420 3201 -x11·
435 3133 526 3225 signa
551 3134 746 3200 continetur.
766 3132 864 3201 Unde
884 3130 1106 3200 mathematici
1125 3128 1227 3198 latum
1247 3129 1355 3198 sortu-

332 3262 407 3305 nam
426 3236 476 3307 vel
497 3239 642 3327 genesim
664 3254 719 3304 aut
739 3261 889 3330 suprema
911 3239 1090 3304 Parcarum
1110 3234 1165 3302 fila
1185 3233 1250 3326 (de
1275 3239 1353 3328 qui-

331 3344 394 3410 bus
409 3343 504 3413 Maro
520 3343 556 3408 in
574 3341 733 3411 bucolicis
749 3381 767 3393 ·
784 3341 882 3428 talia,
898 3342 1031 3434 inquit,
1052 3339 1156 3411 saecla
1180 3343 1245 3409 suis
1262 3338 1354 3409 dira·

331 3465 408 3515 runt
430 3451 552 3516 currite
571 3445 648 3517 lusis
671 3486 719 3503 -
744 3448 923 3516 concordes
944 3447 1055 3514 stabili
1076 3444 1216 3514 satorum
1238 3450 1352 3513 nurni-

329 3580 372 3622 ne
391 3557 513 3622 Parcae
533 3553 570 3644 ·)
584 3575 620 3621 se
638 3553 787 3621 divinare
809 3570 841 3620 et
861 3576 1076 3645 praenoscere
1100 3576 1210 3642 posses
1229 3551 1351 3620 ridicu·

329 3660 397 3729 losa
423 3658 598 3728 stoliditate
618 3659 878 3725 arbitrabantur.

376 3762 447 3831 Nec
460 3786 526 3831 non
539 3778 572 3830 et
583 3760 791 3854 planetarum
807 3763 916 3852 dispar
931 3759 1134 3830 volubilitas,
1150 3784 1235 3852 quae
1247 3782 1350 3849 prae·

330 3868 463 3959 cipitem
483 3865 565 3934 caeli
586 3867 802 3959 vertiginem,
818 3882 855 3932 ut
866 3862 1005 3956 praefati
1017 3886 1146 3947 sumus,
1165 3862 1292 3930 diverso
1305 3861 1352 3929 li-

237 3968 241 3975 *
327 3974 418 4043 neari
435 3973 565 4040 tramite
578 3971 811 4057 moderantur,
824 3974 961 4063 septenis
974 3968 1144 4038 stellarum
1161 3967 1354 4053 curriculis,

325 4077 404 4149 licet
420 4076 588 4174 inaequali
603 4104 764 4150 annorum
778 4094 1059 4166 corona,rotatur.
1068 4075 1135 4146 Sed
1148 4093 1180 4144 et
1189 4074 1284 4163 surra
1300 4099 1361 4143 no,

1068 4220 1110 4289 33
