3382 5206
702 614 748 664 nr
766 614 966 666 mosomus.
1265 592 1314 670 25

327 718 452 828 primae
472 752 646 831 personae
672 729 919 830 imperativum
942 729 1087 805 mutium
1113 756 1186 805 non
1211 732 1341 822 hahet,

328 850 386 923 cui
404 850 635 925 accusativus
655 868 758 924 casus
778 875 914 950 semper
926 852 1128 927 annectitur
1141 868 1251 941 ,tunc
1268 863 1344 927 tart-
1461 936 1472 955 ο

328 970 588 1046 tummodohoc
599 990 795 1071 pronomen
814 968 1011 1044 vocativum
1024 994 1144 1046 casum
1153 972 1341 1062 retineret,

327 1099 409 1164 cum
433 1090 501 1164 sub
526 1088 810 1188 interrogationis
835 1083 940 1163 modo
959 1088 1168 1182 diceretur,
1191 1119 1214 1164 o
1232 1110 1341 1190 egone

329 1222 419 1286 recte
432 1209 524 1286 feci:
542 1208 598 1283 vel
611 1202 903 1284 contendentium
919 1208 1080 1311 partibus
1092 1213 1140 1313 (a)
1153 1207 1341 1286 usuvenire

328 1341 439 1426 potest
460 1383 471 1416 ,
503 1342 547 1400 ut
563 1353 629 1401 nos
648 1354 670 1401 o
688 1355 708 1401 a
726 1326 848 1404 nobis:
867 1328 1074 1429 praesertim
1092 1354 1177 1402 cum
1195 1329 1342 1432 impera·

329 1442 419 1518 tirus
438 1444 565 1519 modus
584 1445 689 1520 etiam
708 1447 841 1548 primae
853 1474 1032 1548 personae.
1043 1444 1174 1548 plurali
1190 1470 1340 1520 numero

329 1560 425 1637 flecti
443 1562 573 1641 soleat:
589 1588 673 1639 cum
691 1566 788 1639 enim
806 1564 900 1640 dicis
916 1593 981 1640 nos
998 1563 1181 1656 dieamus,
1195 1592 1262 1640 nos
1273 1566 1341 1640 hoc

328 1677 403 1754 loco
420 1682 602 1757 vocativus
622 1709 724 1757 casus
742 1710 817 1756 esse
837 1699 977 1784 potest,
996 1682 1083 1758 licet
1101 1699 1138 1756 et
1156 1683 1341 1757 nominati·

330 1822 388 1872 vus
406 1826 483 1873 esse
502 1827 578 1874 non
597 1819 755 1898 negetur.
777 1799 849 1875 Sed
869 1801 914 1874 de
933 1802 1002 1875 hoc
1028 1801 1238 1903 pronomine
1258 1800 1341 1875 satis
1367 1869 1375 1881 ,
1453 1882 1456 1889 ⁴

328 1917 370 1992 sit
388 1912 537 1993 dictum.
1063 1925 1065 1930 ’

237 2140 238 2143 ¹
404 2038 438 2115 5.
458 2037 536 2114 Hoc
556 2057 673 2114 tamen
692 2068 886 2142 pronomen
898 2042 1131 2143 expositiones
1146 2040 1233 2115 duas
1253 2040 1342 2114 reci·

330 2158 378 2258 pit
401 2216 411 2249 ,
436 2159 492 2232 vel
513 2185 594 2233 cum
615 2160 730 2261 ipsum
750 2160 837 2234 illud
855 2160 1060 2264 duplicatur
1078 2217 1089 2249 ‚
1109 2177 1149 2235 ut
1169 2188 1233 2259 ego
1253 2187 1340 2257 ego:

329 2276 381 2350 vel
401 2303 485 2350 cnm
502 2294 576 2352 met
593 2278 757 2378 syllabam
774 2279 926 2379 recipiet
949 2336 958 2368 ‚
978 2295 1021 2353 ut
1041 2295 1196 2376 egomet:
1216 2278 1267 2352 sic
1285 2295 1339 2351 tu·

309 2413 360 2470 ‘te
383 2454 393 2487 ‚
414 2414 527 2472 tumet
549 2456 559 2487 ,
579 2427 655 2473 sese
677 2455 687 2488 ‚
713 2417 834 2475 semet.
853 2398 917 2475 Est
938 2416 974 2473 ct
991 2399 1163 2501 quaedam
1180 2400 1338 2500 quaestio

328 2515 362 2588 in
381 2517 650 2618 pronominibus
667 2517 823 2591 difficilis
844 2575 855 2607 ‚
879 2537 916 2591 ct
935 2517 1117 2593 solutionis
1142 2518 1222 2590 satis
1249 2514 1339 2588 indi·

329 2661 367 2732 ga
386 2666 396 2713 a
414 2662 498 2710 nam
518 2662 603 2709 cum
621 2636 770 2711 dicimus
789 2662 891 2714 meus
910 2654 996 2712 tuus
1015 2665 1103 2714 suus
1122 2693 1132 2727 ‚
1153 2636 1244 2711 etin
1263 2636 1339 2735 plu·

326 2756 387 2830 rali
403 2784 554 2832 numero
572 2775 689 2832 noster
707 2775 854 2848 vester,
874 2760 1055 2860 quaeritur
1072 2783 1180 2859 quam
1197 2756 1338 2829 tertiam
1360 2788 1374 2829 ι

328 2905 513 2979 personam
529 2879 602 2953 huc
614 2907 745 2982 ponere
755 2878 1110 2977 debeamus.Negant
1120 2876 1266 2977 quidam
1275 2892 1341 2948 ter·
1384 2877 1387 2881 ’

329 2999 413 3073 tiam
430 3024 616 3100 personam
636 3001 673 3073 in
691 3000 759 3074 hoc
780 2996 861 3073 loco
886 3000 978 3075 sumi
1001 2999 1149 3101 penitus
1167 3013 1339 3098 oportere.

327 3118 500 3194 Nonnulli
518 3147 582 3221 pro
602 3120 754 3220 quodam
773 3121 891 3195 solatio
912 3120 1144 3194 scribentium
1161 3147 1203 3192 ac
1221 3118 1339 3216 legen-

328 3238 419 3312 tium
437 3238 577 3312 tertiam
594 3261 779 3339 personam
798 3238 985 3340 illam‚pro
1005 3266 1075 3339 qua
1091 3237 1261 3340 pluralem
1283 3263 1342 3336 po·

329 3382 531 3446 rueramus,
551 3354 660 3430 idest
680 3383 788 3445 suus,
808 3384 1036 3431 communem
1048 3384 1124 3431 esse
1142 3356 1339 3444 definiunt,

327 3492 367 3549 nt
384 3475 505 3549 dicant
524 3477 576 3549 sic
600 3529 609 3563 ‚
635 3500 736 3549 meus
756 3493 840 3551 tuus
860 3505 947 3552 suus
969 3535 980 3567 ,
999 3493 1118 3551 noster
1142 3492 1258 3549 vester
1285 3501 1341 3547 su·

328 3624 368 3669 us
387 3626 397 3673 r
415 3594 543 3696 quibus
562 3624 629 3669 nec
648 3597 793 3670 credere
813 3626 882 3672 nec
903 3598 1047 3673 omnino
1073 3597 1276 3670 discredere
1302 3595 1341 3666 li·

328 3729 448 3789 center
465 3714 637 3789 audemus
648 3716 813 3792 :maxime
833 3745 918 3792 cum
936 3717 1070 3791 nullam
1083 3717 1255 3791 rationem
1272 3715 1339 3789 hoc

326 3833 398 3908 loco
418 3832 628 3923 inveniant,
648 3862 718 3933 qua
739 3852 876 3908 servent
896 3836 1036 3909 tertiam
1054 3859 1239 3935 personam
1251 3890 1260 3922 ,
1272 3861 1340 3906 noc

326 3954 500 4052 praesumi
521 3953 879 4054 irreprehensibiliter
906 3955 1013 4057 possit
1039 3955 1246 4029 valdebrat.

402 4105 440 4169 (a)
457 4107 540 4151 tectio
558 4107 647 4149 ineerta
663 4107 686 4147 is
702 4104 785 4151 codice.
