3382 5206
704 607 746 653 ur
772 605 997 654 surrentum.
1272 585 1336 650 515

336 710 543 799 praedicator
566 710 622 799 qui
650 708 737 772 tertii
764 704 844 771 cauli
868 719 989 772 secreta
1013 704 1215 787 rimabatur,
1239 706 1360 795 ilume-

337 821 384 882 nis
422 833 632 882 concatenato
662 813 829 879 schemate.
859 811 1037 894 scribens,
1072 814 1123 876 cui
1155 811 1360 878 Graecorum

335 922 538 1011 grammatici
565 917 680 1007 κλίμιξ
709 916 905 982 sticubulum
926 914 1139 997 indiderunt,
1159 917 1203 981 ita
1227 939 1358 985 exorsus

334 1042 399 1091 est:
417 1024 573 1114 patientia
597 1043 702 1091 autem
725 1022 969 1111 probationem,
984 1020 1134 1108 probatio
1156 1045 1232 1087 reru
1246 1045 1358 1111 spem,

335 1155 408 1219 spes
433 1149 622 1196 autemnon
650 1125 840 1203 conlundit;
868 1130 941 1218 quia
968 1129 1083 1194 caritas
1107 1129 1167 1194 Dei
1187 1126 1295 1195 delusa
1310 1147 1358 1196 est

336 1235 366 1298 in
399 1237 555 1301 cordibus
585 1235 701 1299 uostris
732 1259 791 1322 per
817 1235 965 1322 spiritum
994 1248 1142 1299 sanctum
1172 1235 1227 1323 qui
1261 1232 1357 1298 datus

336 1358 380 1405 est
410 1342 526 1414 nolist
560 1365 678 1428 (sperae
704 1340 845 1426 pretium
875 1336 1002 1403 ridetur
1030 1354 1065 1401 ut
1087 1335 1242 1425 spiritalis
1262 1353 1295 1403 et
1322 1339 1358 1404 iu

336 1446 582 1534 circumscripta
605 1445 803 1511 necessitudo
822 1444 943 1510 carnali
967 1461 999 1511 et
1018 1442 1226 1532 corruptibili
1242 1466 1359 1532 paren·

338 1553 431 1620 tellae
458 1554 681 1642 praeteratur:
707 1550 974 1641 ‹praticoquidem
1003 1549 1188 1641 evangelica
1223 1565 1359 1615 nunant

337 1661 552 1724 instrumente
575 1707 585 1740 ,
612 1656 701 1748 quod
724 1659 927 1723 incarnatum
955 1658 1012 1724 Dei
1039 1657 1199 1739 verbum,
1223 1654 1264 1723 tle
1291 1678 1356 1746 quo

334 1767 488 1853 scriptum
518 1783 596 1846 est,
624 1764 784 1830 eructarit
812 1788 869 1830 cor
897 1789 1004 1828 arreum
1039 1762 1177 1829 verbum
1204 1762 1355 1840 bonum

334 1892 365 1938 et
397 1873 485 1963 quod
513 1898 548 1938 er
578 1892 670 1938 utero
698 1891 770 1941 ante
796 1872 969 1939 luciferum
996 1871 1161 1963 psalmista
1182 1872 1270 1937 idem
1298 1895 1355 1937 ce·

335 1983 412 2046 cinit
429 1981 652 2072 progenitum,
667 1980 829 2046 humanae
843 1983 1045 2072 cognationis
1058 1981 1358 2070 propinquitatem,

335 2102 365 2151 et
382 2087 655 2151 incontaminatae
669 2070 841 2176 genetricis
859 2086 1031 2153 allectum,
1048 2103 1158 2153 contra
1177 2087 1229 2152 ius¹
1241 2086 1355 2149 ritum·

228 2254 233 2271 ,
334 2219 397 2283 que
427 2208 560 2258 naturae
588 2192 729 2280 quodam
763 2191 861 2258 modo
889 2190 1107 2258 desimulasse.
1135 2192 1175 2257 Et
1205 2189 1354 2282 quamvis

333 2295 486 2363 catholici
511 2315 615 2385 patres
645 2296 825 2387 spiritalem
853 2320 1038 2362 sermonum
1066 2293 1244 2361 medullam
1269 2319 1354 2363 euu-

334 2398 494 2466 elcautess
517 2397 739 2491 latentemque
760 2402 793 2464 in
815 2399 930 2465 litteris
951 2420 1074 2464 sensum
1091 2412 1356 2486 perscrutantes,

333 2500 508 2591 allegorice
536 2503 577 2567 ad
597 2527 775 2595 synagogae
798 2522 911 2596 typum
936 2499 1136 2582 retulerint,
1163 2498 1350 2567 nullatenus

333 2625 440 2673 taureu
456 2627 677 2675 sacrosanctae
700 2611 810 2675 matris
835 2632 1007 2696 personam
1027 2604 1120 2672 fuisse
1135 2603 1288 2672 historica
1303 2629 1353 2674 re·

334 2712 452 2779 latione
479 2713 613 2780 infitiari
642 2734 826 2782 noscuntur.

376 2822 461 2886 Haec
494 2820 619 2888 idcirco
651 2824 744 2890 tantis
771 2822 948 2888 verborum
975 2820 1168 2910 ambagibus
1198 2816 1353 2906 deprom-

330 2930 476 3013 psimus,
503 2943 538 2992 ut
565 2928 693 3016 pristini
725 2925 936 2995 fraternitatis
961 2927 1119 3010 allectus,
1145 2950 1226 3018 quos
1250 2949 1352 3014 prae-

332 3034 501 3099 teritorum
525 3033 663 3100 evolutis
686 3057 846 3098 antrorum
872 3033 1004 3099 circulis
1029 3030 1216 3100 conciliasse
1239 3049 1272 3098 ct
1298 3056 1349 3098 co·

330 3138 458 3225 pnlassc
483 3138 709 3206 denoscimuss
725 3141 847 3205 receuti
864 3136 1106 3228 quodammodo
1130 3140 1286 3207 memoria
1303 3162 1352 3205 re·

330 3263 528 3332 cuperentur
552 3262 583 3310 et
610 3245 831 3333 recalescant,
857 3270 898 3311 ue
920 3262 1049 3312 rotante
1078 3243 1198 3334 prolixi
1223 3263 1350 3336 tempu·

331 3351 373 3414 ris
402 3349 613 3416 diuturnitate
637 3368 848 3440 torpescant,
875 3368 930 3416 aut
956 3348 1052 3441 longa
1074 3350 1223 3418 locorum
1251 3353 1350 3420 iuter·

329 3456 480 3544 cupidine
511 3455 741 3546 refrigescant.
774 3460 863 3525 Vere
889 3458 974 3523 enisu
1004 3457 1203 3547 indisruptae
1230 3461 1352 3525 carita·

328 3562 368 3624 tis
386 3560 550 3627 vinculum
567 3586 625 3629 nec
647 3586 809 3628 asinorum
829 3563 1060 3631 numerositate
1081 3565 1274 3647 marcescit,
1289 3588 1350 3632 uec

327 3669 464 3755 spatioso
486 3685 648 3736 terrarum
668 3667 842 3736 intervallo
868 3670 1020 3746 tabescit3
1048 3670 1126 3759 quin
1150 3671 1256 3759 potius
1277 3694 1350 3760 per·

328 3768 429 3840 sectae
445 3773 589 3841 caritatis
615 3774 806 3865 praecordis
833 3774 1001 3842 interdum
1026 3774 1099 3863 plus
1114 3775 1259 3841 absentia
1274 3777 1351 3867 pul-

326 3896 373 3942 sat
395 3927 405 3960 ,
431 3903 529 3970 quam
559 3881 737 3966 praeseutia
769 3895 903 3969 pascatt
927 3881 1010 3944 sieut
1038 3878 1174 3947 famosus
1199 3880 1352 3971 spiritalis

326 3982 504 4070 palaestrae
528 3985 739 4075 agonitheta,
770 4010 835 4076 qua
863 4004 1023 4054 certantes
1059 3986 1204 4054 caelestis
1226 3987 1353 4077 palmas

326 4089 477 4156 bravium
496 4092 685 4182 percepturi
710 4108 807 4175 sunt,
826 4088 1004 4159 all'abiliter
1025 4090 1177 4163 dicebat:
1198 4095 1258 4159 etsi
1276 4093 1353 4161 'cur-

1033 4230 1120 4296 33⁴
