3382 5206
751 633 793 679 nt
818 630 928 681 ramo.
1266 616 1313 708 4¹

330 756 387 813 tus
409 736 597 814 Cornelius
617 735 726 811 edidit
748 795 758 828 ,
778 766 883 840 quem
902 740 929 812 si
950 738 1125 814 volueritis
1143 740 1256 839 legere
1280 799 1290 830 ,
1310 744 1348 815 in

328 877 492 961 promptu
511 860 665 936 habetis:
682 887 725 933 ex
744 888 815 961 quo
834 889 947 935 unum
967 879 1105 937 tantum
1123 890 1257 936 sumam
1276 891 1348 937 ver·

327 982 436 1073 bum,
456 982 564 1055 immo
583 1011 625 1055 ex
644 982 749 1055 verbo
769 982 980 1083 capitidum‚
999 984 1037 1056 in
1056 1012 1127 1084 quo
1146 1001 1255 1057 status
1273 1011 1346 1058 rer·

328 1103 365 1176 bi
385 1103 562 1180 evidenter
579 1119 748 1204 appareat.
770 1101 888 1199 Quare
908 1159 919 1193 ,
943 1103 992 1176 ait
1014 1160 1024 1192 ‚
1049 1121 1158 1178 status
1177 1103 1314 1178 dicatur
1336 1161 1347 1193 ‚

330 1222 520 1322 intellege:
539 1221 620 1322 quia
638 1220 677 1294 in
697 1220 815 1321 primis
836 1277 846 1310 ‚
866 1237 1117 1322 praeposterata
1136 1220 1348 1296 licetinscri·

329 1342 470 1441 ptione‚
491 1341 686 1415 dictionum
699 1340 870 1414 frontibus
890 1340 1035 1413 verbum
1054 1340 1226 1413 statuitur.
1238 1338 1345 1414 Unde

330 1477 448 1536 errant
465 1461 541 1550 hii,
568 1460 629 1560 qui
652 1477 780 1533 statum
804 1459 900 1532 verbi
917 1457 997 1533 ideo
1016 1457 1260 1560 appellandum
1286 1487 1349 1560 pu·

330 1599 437 1672 tant,
465 1581 546 1682 quia
570 1580 715 1654 verbum
739 1607 801 1681 per
825 1579 985 1653 ordinem
1011 1579 1233 1654 declinatur:
1264 1605 1347 1652 cum

333 1700 426 1775 enim
445 1697 531 1773 dicis
549 1716 704 1788 statum,
723 1725 796 1771 non
818 1725 860 1770 ex
872 1697 939 1771 alio
951 1696 1077 1786 modo,
1096 1713 1347 1798 praeterquam

331 1839 396 1894 stat
406 1820 460 1896 vel
471 1821 654 1910 statuitur,
673 1818 827 1916 intellegi
837 1819 950 1893 debet.
970 1818 1076 1894 Unde
1088 1834 1122 1892 et
1134 1845 1238 1917 super
1252 1833 1345 1892 statu

331 1942 479 2016 bominis
496 1943 564 2016 boc
578 1941 748 2030 dicimus,
768 1939 862 2040 quod
882 1940 986 2013 homo
1001 1940 1040 2012 in
1060 1967 1102 2013 eo
1117 1939 1212 2039 quod
1224 1967 1345 2040 coepe·

331 2063 402 2152 rit,
422 2079 677 2162 perseveranter
695 2077 783 2134 stare
801 2061 967 2134 videatur.
989 2057 1091 2133 Sicut
1113 2075 1148 2132 et
1170 2057 1343 2158 Origenes

332 2182 502 2256 africanus
526 2183 564 2255 in
590 2180 740 2282 quodam
765 2178 940 2254 volumine
964 2207 1067 2278 super
1085 2196 1175 2253 statu
1194 2179 1345 2253 bominis

333 2301 448 2390 edito,
474 2302 522 2374 sic
543 2303 633 2376 satus
653 2317 724 2376 est:
742 2298 910 2387 bominis,
929 2298 1111 2397 inquiens,
1132 2313 1239 2371 status
1258 2298 1286 2370 si
1305 2297 1343 2371 in

332 2419 492 2520 incoepto
512 2433 728 2519 permaneat,
746 2414 835 2488 nibil
853 2414 1082 2490 instabilitatis
1102 2415 1263 2504 babebit,
1283 2414 1344 2488 sed

333 2537 539 2612 inmutabilis
557 2531 810 2637 quodammodo
830 2550 864 2607 et
882 2550 1044 2606 aeternus
1063 2532 1306 2607 aestimabitur.

410 2687 443 2759 7.
468 2656 574 2730 Hunc
594 2656 786 2753 Origenem
804 2679 886 2727 cum
904 2651 1055 2726 Romani
1078 2651 1233 2750 legerent
1258 2652 1341 2727 tide-

333 2777 401 2866 les,
415 2777 483 2850 nisi
501 2776 582 2877 quia
601 2774 735 2874 gentilis
756 2792 850 2862 crat,
864 2774 954 2847 inter
973 2772 1129 2849 fidelium
1148 2773 1253 2847 libros
1273 2800 1344 2846 sus·

334 2898 535 2999 cipiendum
559 2898 798 2971 decreverunt.
824 2893 930 2969 Hunc
956 2921 1107 2994 namque
1139 2921 1273 2968 morem
1303 2922 1344 2967 ex

333 3017 598 3119 apostolicorum
616 3015 820 3090 auctoritate
840 3014 995 3088 virorum
1009 3040 1151 3122 romana
1172 3013 1284 3087 tenuit
1303 3041 1344 3086 ac

333 3140 476 3214 servavit
495 3137 637 3212 ecclesia
656 3195 665 3227 ‚
685 3155 727 3210 ut
746 3135 1014 3209 christianorum
1032 3134 1111 3207 libri
1130 3133 1345 3234 philosopho·

332 3289 410 3336 rum
422 3261 562 3363 sepositi
576 3290 596 3334 a
609 3260 789 3358 gentilium
801 3257 936 3358 scriptis
950 3258 1161 3330 haberentur
1172 3258 1182 3356 l
1192 3284 1204 3327 r
1213 3260 1236 3357 ).
1253 3255 1346 3330 Cum

334 3383 427 3455 enim
447 3408 586 3455 necesse
604 3381 773 3454 baberent
791 3380 948 3453 homines
967 3379 1004 3451 in
1023 3377 1219 3451 liberalibus
1231 3405 1348 3450 saecu·

333 3503 410 3576 laris
429 3503 640 3576 litteraturae
654 3500 775 3574 studiis
786 3500 860 3573 nati
872 3499 1096 3598 educatique,
1107 3515 1149 3571 ut
1161 3497 1347 3598 sapientiae

333 3622 437 3722 ipsius
458 3620 746 3696 consuetudinem
766 3619 884 3694 fideles
908 3618 1022 3692 adhuc
1049 3617 1273 3708 retinerent,
1299 3617 1345 3689 vi-

333 3741 453 3814 dentes
474 3739 694 3814 ecclesiastici
703 3739 861 3812 doctores
881 3764 953 3810 non
972 3736 1122 3836 potuisse
1143 3765 1200 3810 eos
1220 3737 1262 3809 ab
1281 3737 1345 3809 hac

333 3886 438 3960 quam
457 3876 644 3957 coeperant
661 3857 856 3932 intentione
876 3854 991 3929 divelli
1007 3855 1129 3943 ,simul
1149 3855 1252 3928 etiam
1266 3855 1347 3956 quia

418 4082 465 4150 (ι)
484 4077 730 4132 Animadvertamus
749 4078 886 4150 pulchram
905 4076 1037 4132 notitiam.
