3382 5206
718 566 763 613 DE
792 567 945 615 noman.

333 670 409 724 tritor
426 670 565 728 matrix.
593 672 643 724 hoc
660 681 700 724 ast
717 689 770 740 qua
790 672 824 725 de

334 777 414 815 causa
437 763 565 819 monitor,
588 770 617 814 et
634 761 762 814 monitrix
781 780 826 833 per

334 863 366 903 ·t·
385 852 500 916 litteram
518 850 670 904 scribuntur
686 872 695 915 ι
722 863 749 904 et
772 870 825 920 qua

332 940 464 994 decanta
490 941 591 1008 genitor
609 959 654 1010 per
678 941 708 991 ·i·
727 952 755 993 et
779 958 826 1007 ge-

332 1027 420 1079 netrix
432 1044 477 1098 per
497 1045 530 1079 ιο·
541 1027 656 1080 litteram
667 1025 826 1080 scribuntur.

333 1115 404 1167 item
423 1133 478 1184 qua
496 1117 529 1168 de
548 1096 626 1168 caiisa
644 1115 728 1169 victor
745 1127 772 1168 et
790 1115 828 1169 vi-

330 1204 399 1256 ctrix
434 1206 494 1276 pari
529 1221 635 1258 numero
666 1203 825 1274 syiiabarum

331 1289 496 1347 scribuntur.
515 1303 542 1344 et
562 1291 677 1345 nutritor
692 1311 706 1342 a
721 1293 825 1345 nutrica

331 1397 375 1450 per
392 1380 521 1448 syllabam
545 1382 627 1434 maior
650 1398 705 1433 case
732 1397 823 1452 reppe-

330 1467 406 1522 ritur.
423 1470 510 1537 Quare
522 1470 574 1523 hoc
586 1488 733 1526 monemus.
751 1472 823 1538 quod

329 1556 378 1608 hoc
397 1556 424 1608 in
441 1557 514 1610 sonia
532 1569 701 1626 conpetenter
721 1569 821 1610 tractu-

329 1661 357 1696 re
374 1643 523 1698 (Ιώοιιιιιυι.

361 1733 518 1800 Quaeritur,
537 1750 619 1802 quare
637 1731 771 1799 Vergilius
789 1731 823 1784 de

331 1819 428 1874 Iunone
438 1849 454 1861 -
465 1831 557 1874 auctor
574 1837 622 1888 ego
641 1821 758 1874 audendi
770 1831 821 1873 -et

330 1926 381 1961 non
389 1938 400 1949 ·
412 1909 516 1961 auctrix
528 1938 541 1949 -
552 1903 754 1978 pronuntiarit?
772 1908 822 1958 hac

328 1995 362 2046 de
382 2012 479 2050 causa.
503 1995 628 2064 quoniam
643 2012 824 2063 quaecumque

330 2082 436 2135 nomina
456 2100 471 2132 a
488 2080 576 2134 verbis
595 2081 722 2134 anomalis
746 2081 821 2133 veni·

329 2187 358 2221 re
376 2168 580 2235 intelleguntur,
599 2168 662 2219 haec
681 2179 728 2221 aut
755 2168 821 2219 defi-

328 2257 417 2311 ciunt.
432 2266 479 2307 aut
493 2266 563 2307 certa
575 2254 691 2306 anomale
710 2272 822 2324 pronun·

328 2345 440 2397 riantur.
468 2344 544 2395 Nunc
570 2360 627 2394 cum
646 2355 674 2397 et
697 2343 747 2395 hoc
772 2364 821 2397 no-

328 2449 386 2483 men
407 2452 421 2482 a
441 2431 519 2485 verbo
537 2433 657 2486 anomalo
676 2433 739 2486 oriri
765 2450 821 2503 rep·

327 2506 445 2590 periatur
462 2557 469 2576 ,
488 2520 515 2571 id
535 2532 575 2572 est
600 2519 634 2581 ab
655 2521 762 2576 audeo.
786 2520 821 2572 ia-

327 2606 366 2658 cit
392 2606 462 2657 enim
489 2606 575 2675 specie
602 2603 715 2674 perfecta
743 2623 822 2658 ausus

328 2712 401 2756 aum;
424 2704 451 2745 et
470 2694 530 2747 ideo
556 2694 605 2745 hoc
632 2712 726 2746 namen
744 2694 822 2747 {emi-

328 2781 385 2833 nini
416 2781 516 2848 generis
556 2777 702 2834 anomaium
737 2784 822 2838 iacere

328 2868 523 2939 pronuntiatur.

364 2957 509 3028 Quaeritur
519 2995 526 3015 .
536 2977 590 3027 qua
609 2958 642 3010 de
655 2976 732 3012 causa
752 2960 821 3012 Ver-

327 3048 429 3116 gilius·
444 3047 528 3099 calcea
545 3075 560 3086 -
581 3045 706 3101 icminino
731 3066 823 3115 genera

326 3131 526 3210 pronuntiarit?
541 3135 590 3186 hac
604 3134 637 3187 de
649 3153 727 3189 causa
740 3174 746 3193 ,
758 3156 822 3206 quo·

326 3227 397 3279 niam
415 3243 596 3297 quaecumque
614 3227 720 3279 uomina
740 3245 822 3280 roma-

325 3332 360 3366 na
383 3315 523 3368 dumtaxat
552 3315 706 3367 inanimalia
734 3321 820 3371 nomi-

325 3403 416 3456 nativo
434 3419 495 3454 casu
509 3402 609 3455 numeri
623 3402 763 3469 singularis
783 3423 818 3455 ϊ

326 3491 415 3543 littera
432 3490 622 3545 terminantur.
636 3502 663 3542 et
684 3493 818 3560 monosyl-

325 3577 384 3630 laba
402 3596 457 3631 ease
476 3578 675 3648 repperiuntur,
694 3579 759 3633 lraec
778 3582 817 3634 se-

325 3666 420 3720 minini
435 3666 537 3735 generis
555 3685 611 3721 esse
640 3671 821 3739 pronuntiari-⁴

324 3763 376 3805 tur.

360 3842 518 3913 Quaeritur.
538 3841 572 3893 ab
599 3862 629 3896 eo
654 3849 724 3917 quod
744 3850 815 3905 dixit

396 4018 434 4082 (Ι)
453 4028 494 4067 tr·
519 4023 668 4072 Bamr'icamr.

1275 543 1346 641 249

877 671 1010 741 Vergilius
1020 701 1036 713 ·
1052 670 1242 745 cumulantque
1260 675 1376 728 oneratis

881 759 1000 813 lancibus
1020 777 1078 812 aras
1098 790 1112 801 ·
1133 760 1374 815 nominativorum
1459 754 1462 759 ’

881 852 980 905 numeri
998 848 1140 915 singularis
1159 881 1174 891 -
1187 849 1273 902 lanc'ea
1284 879 1297 891 -
1307 866 1343 903 au
1359 877 1376 890 ·

879 938 976 992 lanciea
998 967 1012 978 -
1032 934 1154 991 dicatur?
1170 939 1269 1008 Utique
1288 938 1374 991 iancea

879 1036 905 1078 ct
924 1043 975 1078 non
993 1025 1091 1080 lanciea
1110 1024 1193 1079 iacere
1216 1026 1374 1097 pronuntia·

879 1123 943 1165 tur:
963 1114 1064 1168 scilieet
1081 1114 1207 1184 quoniam
1225 1131 1372 1183 quaecum·

877 1222 930 1273 que
958 1204 1065 1256 nomina
1084 1202 1202 1256 ablativo
1230 1219 1292 1256 catu
1317 1221 1369 1256 nu·

878 1292 942 1345 meri
958 1290 1100 1359 singularia
1121 1309 1155 1343 ·c·
1172 1291 1262 1343 littera
1286 1304 1370 1342 corru-

877 1392 923 1452 pta
941 1380 1135 1434 terminantur.
1155 1379 1219 1431 haec
1243 1379 1272 1434 iu
1295 1378 1369 1431 dati·

876 1487 911 1523 vo
930 1486 993 1521 casu
1015 1467 1116 1520 numeri
1135 1467 1245 1537 pluralia
1262 1465 1371 1537 pesayi·

877 1554 950 1609 tabu
965 1564 1094 1609 mmcuut.
1112 1553 1189 1607 Nunc
1207 1569 1266 1605 cum
1279 1561 1306 1604 et
1318 1550 1370 1604 hoc

877 1660 971 1696 nomen
1002 1640 1037 1695 ab
1066 1659 1101 1694 ·c·
1134 1651 1254 1711 correpto
1282 1638 1372 1692 venire

876 1731 1056 1802 repperiatur.
1075 1741 1103 1784 et
1121 1729 1181 1783 ideo
1201 1727 1366 1782 nominatim

875 1838 937 1873 casu
951 1819 1053 1873 numeri
1065 1818 1206 1886 singularia
1218 1816 1306 1871 lanum
1318 1835 1372 1871 uon

876 1907 973 1959 lancica
991 1905 1075 1959 iacere
1093 1904 1291 1975 pronuntiatur.

913 1995 1069 2064 Quaeritur.
1083 2013 1137 2068 qun
1154 1996 1188 2048 de
1205 2010 1284 2047 causa
1294 1992 1372 2047 Νο-

876 2085 991 2139 milcaris
1008 2087 1058 2155 (ι)
1086 2116 1099 2126 -
1127 2095 1246 2155 correpte
1262 2095 1291 2138 et
1313 2100 1367 2137 non

877 2175 1007 2245 producte
1029 2171 1235 2246 pmuunticturi
1260 2171 1311 2224 hac
1336 2169 1370 2222 da

876 2278 969 2318 causa.
983 2261 1109 2332 quoniam
1126 2275 1310 2330 quaecumque
1325 2276 1370 2311 nu·

874 2349 945 2402 mina
979 2349 1142 2402 nominativo
1173 2366 1236 2400 casu
1267 2345 1370 2401 numeri

873 2438 1013 2505 singularia
1029 2455 1077 2491 ·ar·
1088 2437 1185 2491 iittcria
1195 2436 1366 2489 definiuntur.

874 2528 938 2580 hacc
955 2527 1064 2580 candem
1084 2546 1119 2579 ·n·
1138 2528 1269 2583 litteram,
1287 2542 1368 2594 quam

874 2616 974 2670 habent
985 2628 1047 2669 autc
1057 2634 1089 2666 ·r·
1103 2617 1224 2669 ultimum
1235 2654 1241 2673 .
1256 2634 1302 2686 per
1315 2633 1367 2669 om·

875 2724 920 2758 nes
944 2722 1037 2758 catuna
1059 2706 1225 2775 corripiunt.
1250 2717 1281 2758 ut
1302 2717 1368 2776 puta

875 2796 970 2855 Cacsar
988 2795 1125 2850 Caesaris.
1144 2797 1181 2848 aie
1200 2796 1294 2865 utique
1318 2796 1368 2847 Vn-

874 2883 965 2935 milcar
988 2881 1146 2934 Vomilcaria
1169 2894 1288 2953 correpto
1315 2902 1369 2936 nou

875 2972 1004 3041 producto
1023 2981 1132 3023 accentu
1146 2971 1241 3023 debeat
1254 2990 1368 3042 pronun·

877 3058 947 3110 tiari.

911 3149 1072 3219 Quaeritur,
1092 3148 1126 3201 ab
1150 3166 1179 3202 ω
1202 3149 1274 3217 quod
1298 3149 1369 3203 dixit

876 3240 1009 3305 Vergilius
1021 3236 1183 3292 -velicribus
1200 3238 1285 3292 niveis
1294 3270 1309 3283 -
1323 3258 1369 3293 no·

876 3329 1003 3383 minativo
1022 3346 1083 3383 caru
1105 3329 1204 3380 numeri
1225 3327 1367 3392 singularia

875 3416 954 3469 vellus
982 3435 1014 3469 an
1043 3416 1136 3469 veilum
1162 3410 1291 3466 dicatur?
1315 3412 1367 3466 Sed
1453 3416 1459 3427 '

873 3523 1055 3575 quaecumque
1073 3505 1178 3558 nomina
1190 3503 1291 3572 generis
1306 3521 1368 3557 neu·

860 3593 908 3645 -tri
927 3593 1018 3648 dativo
1036 3594 1076 3646 vei
1096 3592 1212 3645 ablativo
1230 3610 1293 3644 casu
1314 3610 1367 3645 nn·

870 3683 936 3734 meri
955 3684 1063 3753 pluralis
1083 3681 1152 3735 ·bur·
1179 3680 1282 3749 syllaba
1309 3689 1366 3733 ter-

871 3772 1021 3829 minantur.
1040 3772 1104 3824 haec
1118 3788 1260 3839 numquam
1279 3770 1367 3821 nnmi·

873 3861 964 3914 nativn
996 3869 1058 3912 cam
1090 3858 1190 3912 numeri
1222 3854 1364 3924 singularia
