3382 5206
1261 567 1331 645 363

328 717 440 773 sumat
464 730 521 776 eos
541 703 583 777 ad
607 702 787 804 publicam
807 702 1033 778 functionem
1059 717 1123 776 aut
1154 699 1354 777 districtio·

329 847 413 892 uem
435 821 614 896 adducere
637 852 698 924 pro
721 822 881 925 qualibet
902 850 1032 917 causa3
1051 821 1112 895 scd
1139 820 1207 894 sub
1230 837 1345 929 vestra

329 954 502 1037 potestate
529 943 860 1042 successoribusque
874 941 999 1014 vestris
1021 939 1275 1014 constituimus
1298 938 1348 1012 di·

330 1060 519 1157 rigendum
539 1079 573 1135 et
593 1063 841 1138 iudicandum
862 1061 1038 1136 Similiter
1054 1079 1087 1135 et
1109 1060 1345 1162 episcopusin

329 1179 501 1255 Romania
525 1183 690 1281 degentes
715 1203 846 1258 restrae
877 1182 1037 1256 cedimus
1066 1181 1249 1271 almitati,
1281 1181 1346 1282 qui

328 1301 394 1373 sub
421 1319 536 1375 vestra
568 1304 719 1376 existant
755 1303 1004 1390 ordinacione,
1040 1297 1343 1401 quemadmodum

330 1420 441 1491 nostri
470 1421 753 1519 praedecessores
772 1438 910 1493 vestrae
942 1435 1082 1493 sanctae
1112 1417 1196 1490 Rar.
1224 1415 1342 1513 largiti

251 1552 257 1558 '
330 1555 416 1613 sunt
440 1540 633 1617 ecclesiae:
660 1559 701 1614 ut
725 1541 893 1639 deinceps
917 1540 1010 1613 sicut
1032 1535 1204 1637 praedicti
1230 1562 1342 1613 sacer·

330 1659 430 1733 dotes
462 1660 665 1757 regulariter
703 1664 714 1756 l
724 1664 755 1757 ι)
789 1663 991 1747 lecerunt,
1024 1675 1140 1730 restra
1173 1653 1340 1729 sanctitas

328 1809 619 1882 successoresque
652 1780 793 1868 vestri,
829 1780 926 1854 omni
962 1798 1098 1853 remota
1134 1773 1344 1874 ambiguita-

331 1918 366 1976 te
384 1904 458 2004 (α),
480 1902 782 2003 qualemcumque
802 1929 990 2002 personam
1009 1899 1235 1975 decreveritis
1254 1895 1345 1970 ordi-

331 2046 444 2107 nare,
470 2033 584 2091 vestra
615 2019 660 2091 sit
689 2046 1003 2120 successorumque
1030 2036 1228 2093 vestrorum
1250 2028 1347 2114 pote·

332 2157 401 2212 stas
423 2137 643 2211 decernendi
666 2156 701 2212 et
725 2139 913 2213 ordinandi
938 2138 1140 2213 secundum
1160 2120 1347 2241 pristinam

332 2278 465 2333 vestrae
488 2259 656 2334 ecclcsiae
672 2261 838 2336 formam:
859 2278 900 2334 ut
922 2262 1022 2335 nulla
1047 2261 1152 2336 nobis
1181 2261 1233 2362 (3)
1264 2288 1345 2335 suc·

332 2383 602 2482 nemoribusque
624 2382 755 2454 nostris
779 2381 817 2454 in
839 2400 1050 2482 perpetuum
1067 2383 1113 2457 sit
1131 2380 1281 2456 facultas
1299 2382 1344 2457 de

330 2499 515 2597 praedictis
541 2498 712 2598 episcopis
736 2499 848 2572 dandi
881 2517 943 2573 aut
971 2499 1146 2597 largiendi
1164 2529 1175 2597 3
1194 2499 1278 2590 sed,
1301 2517 1345 2574 ut

329 2620 584 2720 praediximus,
597 2622 633 2692 in
650 2620 814 2693 omnibus
833 2621 934 2693 vobis
945 2621 1276 2721 successoribusque
1289 2649 1346 2695 ve·

327 2738 405 2810 stris
425 2739 470 2809 sit
492 2737 600 2810 dandi
624 2740 778 2812 facultas.
804 2739 873 2812 Pro
894 2756 1041 2814 aeterna
1058 2766 1210 2842 namque
1233 2740 1341 2815 stabi·

328 2861 447 2949 litate,
480 2879 515 2933 ct
539 2877 710 2960 perpetua
735 2861 894 2934 eiusdem
924 2861 1093 2936 ecclesiae
1123 2889 1344 2964 suorumque

327 2979 552 3053 sacerdotum
575 3008 682 3079 pace,
703 2980 742 3054 in
765 2983 832 3055 hac
861 2985 1212 3059 nostraauctoritate
1232 2983 1342 3059 adne-

329 3101 376 3174 cti
390 3100 543 3200 placuit,
562 3118 603 3175 ut
622 3102 841 3202 quicumque
864 3130 940 3175 eam
956 3103 1083 3178 violare
1102 3132 1346 3208 praesumpse·

329 3222 397 3310 rit,
418 3239 564 3319 cogatur
583 3223 699 3295 eidem
721 3222 887 3297 ecclcsiae
905 3224 1102 3323 persolvere
1117 3253 1249 3326 poenas
1262 3225 1343 3300 auri

327 3337 434 3412 libras
459 3358 615 3415 centum.
638 3339 735 3415 Haec
762 3371 845 3416 vero
872 3360 989 3416 nostra
1019 3345 1208 3418 auctoritas
1235 3360 1276 3419 ut
1298 3345 1343 3417 ab

328 3460 489 3531 omnibns
503 3460 725 3551 observetur,
739 3480 774 3535 et
786 3463 904 3536 verius
920 3463 1087 3537 credatur
1098 3522 1108 3554 ,
1118 3463 1346 3562 diligencius·

326 3607 394 3677 que
416 3580 656 3669 custodiatur,
677 3609 771 3653 more
797 3598 917 3654 nostro
940 3581 1138 3670 subscribi,
1160 3598 1196 3655 et
1212 3580 1256 3655 de
1270 3580 1346 3654 bul·

327 3697 359 3770 la
379 3715 499 3772 nostra
521 3701 645 3775 subter
664 3700 830 3774 iussimus
843 3701 995 3800 sigillari.

372 3832 414 3906 (r)
435 3835 475 3887 lta
495 3835 581 3888 scribo
600 3837 783 3909 regulariter·
801 3836 854 3888 Sed
873 3837 973 3890 incerta
990 3847 1030 3890 est
1049 3836 1145 3907 papyri
1163 3836 1251 3891 lectio.

369 3933 417 3998 (a)
435 3930 519 3981 Simili
539 3931 672 3984 locutione
691 3931 777 3984 utitur
796 3933 887 3985 Petrus
906 3931 1033 3986 diaconus
1048 3933 1075 3986 in
1095 3932 1165 3989 libro
1184 3949 1200 3984 a
1219 3949 1261 3985 me
1278 3935 1334 3990 edi·

334 4028 362 4070 to
381 4017 414 4069 de
433 4018 511 4071 iustis
529 4019 717 4073 casinensibus
736 4040 763 4092 p·
783 4018 843 4077 255·
861 4025 936 4074 omui
949 4025 1129 4093 ambiguitate
1142 4029 1268 4096 seposita·

368 4105 411 4178 (3)
432 4109 492 4177 Pap.
512 4128 528 4158 a
548 4111 643 4167 nobas,
663 4109 708 4162 sed
726 4130 743 4162 a
765 4128 901 4182 perperam
920 4112 1117 4184 superadditur.
