3382 5206
579 572 644 660 534
878 560 1112 648 ssarnnrtsn
1138 601 1181 648 nr
1206 597 1248 648 aa

555 697 708 762 comitem
734 697 798 763 sibi
822 693 907 766 ferre
935 701 1051 767 viator.
1069 736 1104 749 ··
1131 713 1165 766 Δ.
1193 702 1282 785 Quae
1310 687 1510 787 est²caesura
1529 704 1591 768 tri-

554 801 763 870 titrochaici,
787 803 837 871 vel
870 801 1173 876 tritustrochaeus?
1205 807 1252 871 Μ.
1281 806 1367 873 Cum
1385 810 1481 875 tertio
1509 807 1588 874 loco

551 930 613 997 per
648 909 814 1002 dactylum
851 915 1048 979 terminatur
1073 963 1083 997 ,
1110 912 1191 978 sicut
1222 923 1318 1001 poeta
1345 914 1492 1003 promisit
1530 912 1587 980 di-

552 1037 629 1085 cens
659 1051 694 1064 -·
719 1014 784 1082 boc
809 1015 903 1101 solo,
930 1042 971 1084 ne
998 1019 1143 1085 breviter
1162 1017 1244 1084 mibi
1266 1017 1393 1110 syllaba
1409 1021 1517 1108 prima
1539 1018 1588 1085 le-

549 1137 655 1213 gatur.
680 1124 780 1190 -Et
807 1122 887 1188 alibi
914 1161 948 1174 -·
974 1149 1033 1192 nec
1068 1128 1133 1190 iam
1163 1141 1250 1191 terra
1280 1149 1403 1209 vocor,
1433 1124 1513 1192 licet
1543 1150 1584 1192 ex
1633 1125 1638 1135 ’

550 1218 605 1293 mc
631 1243 718 1294 terra
752 1245 898 1317 paretur.
928 1265 963 1277 -·
992 1231 1074 1296 ltem
1108 1231 1308 1319 epigramma
1324 1231 1492 1319 'Prosperi
1521 1231 1587 1296 tri·'

551 1333 789 1400 tontrocbaeou
821 1332 956 1423 protulit
984 1371 1031 1388 -
1054 1352 1087 1400 at
1115 1334 1200 1401 bona
1227 1384 1237 1419 ,
1267 1359 1351 1425 quae
1387 1359 1464 1402 vere
1490 1335 1584 1402 bona

549 1454 642 1522 snut,
667 1463 728 1506 nec
750 1437 817 1506 fine
843 1458 1006 1507 tenentur.
1028 1478 1062 1489 ··
1079 1456 1114 1505 Δ.
1138 1443 1228 1527 Quae
1255 1459 1303 1506 est
1330 1440 1480 1508 definitio
1500 1428 1582 1508 'cae

550 1564 647 1609 surae
678 1545 968 1628 tetartitrochaici,
993 1568 1093 1636 quam
1120 1544 1256 1635 quidam
1285 1543 1581 1620 tetartebucolicon

550 1646 770 1739 nuncupant?
792 1651 840 1717 M.
861 1648 946 1719 Cum
966 1652 1001 1716 in
1025 1649 1239 1742 quantolooo
1271 1649 1321 1715 vel
1347 1653 1477 1742 regione
1496 1673 1578 1740 pars

550 1753 704 1820 orationis
726 1777 800 1819 oum
822 1752 956 1847 dactylo
973 1757 1176 1822 terminatur.
1203 1768 1237 1820 Δ.
1260 1753 1442 1823 Manifestis
1466 1777 1579 1822 erem-

548 1855 679 1948 plorum
696 1854 844 1926 formulis
872 1859 937 1926 hoc
960 1860 1145 1928 evidentius
1159 1865 1295 1927 reserari
1318 1883 1409 1951 rogo.
1423 1861 1470 1926 Μ.
1491 1861 1576 1929 Ver·

549 1959 646 2051 gilius
669 1963 774 2052 prima
798 1961 911 2055 ecloga
938 1964 1010 2031 infit
1035 2000 1073 2015 ··
1097 1989 1154 2031 nos
1182 1966 1307 2054 patriae
1333 1963 1412 2032 fines
1440 1981 1473 2030 et
1500 1963 1580 2029 dul·

548 2069 599 2133 cia
618 2066 797 2158 linquimus
820 2095 908 2139 arva.
932 2071 1032 2138 --Et
1056 2071 1140 2141 infra
1167 2108 1202 2121 -
1228 2095 1323 2160 saepe
1345 2087 1435 2136 tener
1456 2074 1578 2137 uostris

548 2172 593 2239 ob
624 2173 763 2242 ovilibus
791 2176 900 2241 inbuit
927 2200 1036 2268 agnus.
1064 2215 1099 2228 ··
1121 2180 1190 2246 Hoc
1214 2175 1301 2244 idem
1327 2174 1479 2242 Paulinus
1508 2177 1577 2264 pri·

548 2303 602 2349 mo
630 2305 724 2348 versu
752 2316 787 2331 -
817 2305 924 2349 annua
951 2301 1024 2351 vota
1053 2285 1114 2351 tibi
1142 2298 1312 2366 remeant,
1340 2279 1434 2346 simul
1463 2305 1574 2348 annua

546 2385 689 2476 linguae.
717 2423 753 2437 -·
784 2388 827 2454 Et
856 2385 1037 2452 notandum
1055 2387 1154 2476 ,quod
1186 2384 1297 2475 regula
1327 2383 1470 2452 bucolici
1497 2410 1573 2452 car-

546 2491 644 2558 minis
668 2491 765 2581 exigit
793 2507 828 2556 ut
853 2506 989 2581 quartus
1013 2515 1068 2580 pes
1098 2489 1226 2583 dactylo
1250 2513 1377 2578 semper
1404 2488 1574 2557 claudere·

547 2611 626 2677 tur,
653 2594 743 2686 quod
765 2593 931 2686 Vergilius
957 2597 1059 2661 victus
1079 2599 1185 2685 operis
1211 2592 1400 2662 difficultate
1420 2591 1570 2684 neglexit.

599 2712 634 2767 Δ.
649 2702 826 2791 Postquam
840 2701 1016 2790 ancipitem
1030 2703 1185 2768 metricae
1200 2701 1278 2768 artis
1292 2696 1482 2788 scrupulum
1497 2698 1574 2770 luce

546 2805 667 2874 clarius
694 2805 873 2897 digessisti,
904 2809 969 2871 iam
999 2824 1128 2896 tempus
1150 2825 1182 2874 et
1212 2806 1292 2877 ordo
1309 2832 1426 2874 rerum
1450 2807 1575 2898 exigit,

515 2956 522 2972 ·
546 2928 582 2978 ut
599 2915 757 3002 promissa
785 2915 1000 3002 aenigmatum
1022 2913 1242 3002 problesmata
1256 2911 1485 2979 *luculentae
1513 2938 1573 2978 ur-

546 3017 701 3083 banitatis
728 3017 873 3084 versibus
902 3016 1096 3113 patefacias,
1121 3043 1158 3086 ac
1187 3019 1340 3108 deinceps
1368 3015 1572 3106 singulorum

545 3146 753 3215 quorumque
765 3123 908 3213 pedum,
929 3141 1062 3213 excepta
1075 3127 1302 3216 synzugiarum
1316 3123 1477 3213 superflua
1492 3147 1576 3190 cou-

544 3230 695 3316 fiasione,
714 3230 874 3297 rationem
894 3229 1091 3322 regulariter
1113 3231 1267 3299 inculces.
1288 3231 1333 3296 M.
1358 3233 1426 3298 lam
1443 3227 1572 3296 dudum

544 3334 580 3401 id
603 3333 712 3401 facere
739 3353 940 3426 satagerem,
968 3337 1026 3402 nisi
1060 3334 1269 3425 scrupulosae
1298 3336 1573 3425 interrogationes

545 3456 620 3508 tuae
642 3441 857 3530 anticipantes
874 3438 1117 3510 festinationem
1134 3466 1243 3508 meam
1264 3442 1294 3507 ri
1313 3438 1454 3531 quadam
1478 3463 1578 3528 prae-

546 3561 758 3632 occuparent.
1254 3539 1258 3546 ’

613 3646 752 3717 Arbiter
774 3664 902 3718 aetereo
929 3651 1047 3741 iugiter
1073 3652 1129 3740 qui
1155 3649 1301 3741 regmine
1323 3665 1451 3738 sceptra
1474 3665 1541 3714 etc.

592 3754 668 3822 Hoc
681 3771 714 3821 et
726 3758 900 3846 sequentia
914 3759 950 3821 in
965 3755 1077 3822 codiee
1100 3760 1274 3824 carmina,
1301 3779 1361 3820 nec
1384 3779 1455 3820 non
1473 3757 1576 3820 aeni·

540 3876 662 3949 gmata
676 3876 797 3927 extant
813 3863 902 3950 typis
925 3863 1017 3927 edita
1040 3864 1077 3926 in
1096 3859 1299 3928 bibliotheca
1324 3859 1403 3925 PP.
1419 3857 1575 3948 lugdun.

549 3967 586 4034 Τ.
612 3964 724 4035 XIII.
742 3992 780 4056 p.
803 3967 855 4035 23.
879 3991 950 4058 sqq.
974 3965 1096 4057 Itaque
1121 3990 1146 4034 a
1175 3966 1272 4034 nobis
1286 3968 1571 4057 praetermittun-

544 4089 612 4142 W.
