3382 5206
602 614 831 669 caannarrcs
849 616 900 666 ar
923 617 1088 669 narnias.
1273 601 1337 668 52⁵

323 721 499 788 bitationis
510 715 675 809 scrupulo.
699 731 733 786 Δ.
749 716 920 803 Quomodo
941 740 1048 808 quave
1063 714 1222 793 ratione?
1244 719 1293 789 M.
1308 722 1361 789 lbi

336 826 459 919 quippe
482 847 564 890 unus
590 820 740 916 dactylus
766 824 853 891 inter
878 822 1060 914 spondaeos
1084 825 1247 896 admissus
1285 849 1363 896 om·

336 931 434 997 nibus
455 932 605 1022 quinque
633 928 712 997 loeis
737 928 842 996 libere
869 928 1029 998 decurrit·
1056 944 1091 997 Δ.
1118 929 1175 997 Ad
1200 930 1364 1023 indagan-

334 1037 391 1105 dos
416 1038 470 1104 bis
496 1035 638 1105 sedecim
667 1034 844 1129 dactylicos
866 1053 1045 1104 metrorum
1071 1035 1237 1104 anfractus
1257 1035 1361 1103 medi·

333 1140 474 1205 tantium
494 1156 619 1206 mentes
637 1136 770 1205 facilius
783 1141 962 1207 flectuntur
983 1138 1118 1230 prolatis
1137 1138 1359 1230 exemplorum
1393 1170 1398 1191 ·

334 1244 483 1313 formulis
506 1244 643 1312 stolidae
665 1245 850 1312 obstrusum
878 1246 1081 1336 ignorantiae
1104 1244 1280 1312 latibulum
1305 1249 1361 1313 in-

335 1351 575 1433 lustrantibus,
601 1372 699 1441 quam
726 1348 816 1416 nuda
844 1346 1054 1445 garrulorum
1070 1349 1271 1441 loquacitate
1291 1373 1362 1417 uer·

334 1455 465 1522 borum.
492 1456 538 1522 M.
567 1457 690 1523 Versus
716 1454 824 1520 ·xl11·
849 1452 1050 1547 syllabarum
1077 1455 1266 1523 hexameter
1292 1456 1360 1529 sin-

334 1563 438 1653 gulari
462 1562 592 1654 dactylo
612 1585 688 1628 cum
713 1579 876 1652 quaterno
896 1561 1060 1653 spondaeo
1085 1579 1260 1647 constans,
1284 1563 1360 1653 qui-

339 1697 395 1737 nas
414 1687 449 1736 nt
475 1670 614 1737 diximus
630 1670 695 1736 sibi
718 1685 851 1757 usurpat
876 1669 1010 1758 species.
1037 1669 1174 1736 Ponitur
1196 1666 1272 1735 lnco
1291 1671 1362 1758 pri·

334 1801 387 1842 mo
411 1774 558 1867 dactylus
581 1777 627 1841 ita
651 1810 698 1826 -
719 1776 754 1840 in
780 1798 880 1843 cruce
901 1773 1045 1842 confixus
1064 1772 1226 1841 mundum
1242 1773 1360 1843 Chris-

334 1900 384 1946 tns
411 1880 568 1948 salvavit.
594 1917 641 1932 -
668 1881 756 1948 Loco
781 1881 924 1950 secundo
947 1883 991 1947 ita
1016 1917 1064 1934 -
1092 1881 1243 1949 Christus
1271 1877 1359 1947 filius

333 1988 455 2053 aeterni
477 1984 614 2052 salvarit
635 1983 808 2051 mnndum·
829 1985 915 2054 Loco
940 1988 1036 2053 tertio
1059 1988 1115 2052 ita.
1134 2022 1182 2038 —
1209 1984 1361 2053 Christus

256 2156 258 2165 ,
333 2116 395 2180 per
413 2091 540 2182 lignum
563 2092 669 2158 erucis
685 2088 789 2157 aufert
809 2090 924 2158 mundi
940 2114 1067 2160 noxam.
1086 2129 1133 2145 -
1151 2092 1239 2159 Loco
1262 2113 1360 2186 qnar-

333 2215 366 2263 to
386 2198 428 2262 ita
448 2195 671 2263 -scandens
692 2195 728 2261 in
749 2194 839 2286 ligno
863 2194 1015 2264 Christus
1039 2195 1130 2264 dedit
1149 2196 1285 2262 arrham
1309 2198 1361 2262 vi·

332 2322 393 2368 sne.
418 2337 464 2356 -·
485 2303 574 2370 Loco
598 2303 713 2394 quinto
736 2301 781 2366 ita
805 2326 1042 2392 -suspensus
1068 2300 1182 2370 mundi
1207 2300 1358 2371 Christus

332 2408 521 2496 peccamina
550 2406 676 2472 deussit.
701 2441 747 2458 -·

400 2521 434 2576 n.
451 2511 575 2578 Versus
594 2509 698 2575 ·X111·
716 2509 918 2600 syllabarum
937 2528 1017 2601 quot
1038 2510 1203 2579 schcm'ata
1230 2508 1356 2583 habet?

331 2616 378 2679 M·
405 2615 590 2681 Certissima
614 2612 804 2681 delinitione
833 2614 945 2681 decem
970 2614 1189 2683 schematibus
1220 2632 1357 2682 constat.

331 2732 365 2786 Δ.
396 2721 445 2786 Da
472 2744 533 2809 per
558 2719 711 2788 ordinem
736 2718 927 2789 earumdem
955 2725 1144 2810 specierum
1170 2722 1357 2789 rationem.

331 2829 377 2894 M.
388 2826 456 2895 Aut
470 2829 558 2895 euim
574 2830 681 2918 primo
695 2844 727 2895 et
740 2826 881 2896 secundo
894 2826 967 2894 loco
983 2827 1130 2919 dactylus
1141 2829 1293 2918 ponitur,
1303 2845 1359 2894 ant

331 2937 436 3023 primo
451 2953 483 3001 et
495 2935 603 3018 tertio,
614 2951 669 2999 aut
682 2936 790 3022 primo
805 2951 837 3003 et
851 2950 986 3025 quarto,
996 2950 1051 2999 aut
1063 2935 1171 3025 primo
1185 2950 1218 3001 et
1230 2937 1358 3025 quinto,

331 3054 387 3104 sut
401 3037 545 3105 secundo
560 3055 592 3107 et
606 3040 703 3106 tertio
715 3089 726 3124 ‚
738 3056 796 3106 aut
808 3039 953 3108 secundo
968 3057 999 3107 et
1014 3057 1151 3131 quarto,
1165 3058 1223 3107 aut
1237 3055 1361 3132 quarto

329 3160 362 3207 ct
387 3131 513 3234 quinto.
539 3145 610 3211 Hoc
626 3143 724 3212 modo
748 3143 886 3236 decupla
907 3128 1108 3213 schematum
1122 3143 1358 3236 speciesalter-

329 3247 433 3312 natim
453 3249 573 3315 inserta
600 3266 804 3339 supputatur.
833 3261 867 3315 Δ.
891 3250 939 3315 Da
967 3250 1123 3339 exemplis
1141 3250 1262 3317 horum
1282 3272 1358 3341 pro·

329 3354 509 3422 udonem.
531 3354 580 3420 Μ.
607 3348 767 3422 Iuvencus
788 3354 946 3444 hispanus
971 3356 1078 3445 primo
1099 3354 1229 3446 prologi
1256 3379 1354 3422 versu

329 3459 426 3525 huius
453 3460 501 3527 rei
529 3461 679 3526 notitiam
711 3459 826 3550 pandit
853 3459 1098 3530 -inmortale
1125 3460 1208 3528 nihil
1240 3460 1358 3528 mundi

330 3585 475 3655 conpage
501 3578 639 3632 tenetur.
658 3600 706 3618 -
723 3563 902 3634 Scanditur
925 3566 973 3631 ita
997 3566 1127 3651 iamet,
1146 3565 1272 3649 taleni,
1288 3563 1359 3630 hil·

330 3693 433 3747 mun,
458 3665 579 3753 dicon,
605 3685 745 3760 pagna,
770 3686 878 3736 netur.
906 3671 949 3737 Et
973 3668 1061 3735 infra
1080 3707 1128 3724 -
1148 3667 1358 3736 accumulant

330 3795 473 3862 quorum
499 3770 619 3838 lamam
636 3771 817 3865 laudesque
840 3782 969 3860 poe'tae.
985 3808 1033 3826 -
1046 3772 1201 3843 Sedulius
1223 3772 1358 3843 tandem

325 3878 363 3945 in
385 3874 587 3968 praelatione
607 3881 769 3948 metrica,
795 3872 881 3971 quae
892 3880 1083 3949 hexametro
1097 3897 1130 3948 ct
1149 3897 1358 3971 pentametro

330 3981 520 4054 catalectico
555 3986 729 4070 decurrit,
764 3988 911 4077 primum
943 4011 1073 4056 versum
1106 3984 1358 4057 decaschemum

329 4092 431 4160 seruit
456 4128 502 4146 -
526 4089 698 4183 paschales
728 4094 929 4187 quicumque
954 4091 1051 4186 dapes
1078 4095 1216 4163 conviva
1245 4093 1360 4185 requi·
