3382 5206
721 573 766 619 D!
797 570 949 621 NOMINE·

263 666 270 677 ’
361 679 519 750 Quaeritur,
533 697 586 749 qun
601 679 634 731 de
648 694 727 730 cauta
744 695 819 730 ·mor·

328 780 400 821 tuus·
428 767 591 821 nominativo
619 776 646 819 et
671 764 821 817 nceirnutivo

331 874 392 908 casu
411 854 513 908 numeri
534 851 675 920 singularis
695 862 757 904 unte
778 849 823 902 ul·

328 946 420 997 timum
438 952 625 995 consonantem
644 958 689 1012 per
708 940 762 994 duo
782 955 820 988 ιιι·

330 1025 534 1083 scribiturihac
546 1027 581 1081 de
595 1025 821 1096 causa‚quoniam

329 1132 511 1187 quoecumque
524 1115 632 1169 nomino
648 1114 768 1182 genetivo
781 1129 821 1164 cn·

329 1222 360 1257 tu
378 1203 480 1256 numeri
505 1202 646 1270 singularis
675 1201 724 1252 ·ui·
745 1199 821 1252 litte-

330 1294 366 1345 ris
396 1291 518 1346 discretis
547 1290 711 1344 definiuntur
730 1325 738 1344 .
756 1286 822 1340 haec

329 1379 492 1433 nominativo
518 1388 547 1430 et
571 1375 724 1430 accusativo
758 1390 821 1426 cusu

330 1468 431 1521 numeri
449 1467 591 1535 singularis
616 1482 661 1537 por
688 1463 754 1514 duos
781 1480 819 1513 ·u·

329 1555 432 1608 litteras
455 1565 517 1608 mre
538 1554 657 1607 ultimam
675 1568 822 1605 consonan-

332 1653 383 1695 tem
409 1641 574 1695 scribuntur.
602 1641 680 1693 Nune
704 1657 763 1691 cum
794 1647 820 1690 et

330 1731 490 1784 hoc'nomen
509 1728 591 1780 huius
613 1726 710 1781 mortui
739 1725 822 1779 furere

331 1819 513 1885 intellegatur.
541 1816 599 1868 ideo
626 1816 671 1867 hic
685 1825 821 1868 mortuus.

328 1920 354 1961 et
372 1910 443 1961 hunc
462 1919 594 1960 mortuum
607 1905 693 1959 fanore
705 1922 822 1976 pronun-

329 1998 424 2050 riatur.

364 2088 530 2155 Quaeritur.
549 2101 605 2152 qur
629 2081 663 2136 de
680 2097 758 2133 eausa
777 2080 822 2132 hie

329 2172 450 2230 sobrius.
473 2185 500 2226 et
524 2192 576 2225 non
598 2173 641 2224 hic
660 2170 737 2226 sober
753 2171 823 2223 dien

328 2259 389 2315 tur?
398 2263 448 2313 hnc
458 2262 491 2313 de
501 2278 579 2313 causa
590 2259 733 2330 ‚quoniam
743 2276 823 2328 quoe·

330 2365 443 2417 cumque
467 2349 574 2400 nomino
601 2346 702 2414 gerionis
718 2363 822 2399 muscu-

328 2435 377 2487 lini
400 2433 517 2487 ablativo
537 2452 597 2485 casu
617 2434 717 2487 numeri
732 2434 822 2500 singu·

329 2522 392 2573 iarin
417 2521 463 2574 ·io·
492 2519 588 2574 litteris
613 2520 734 2573 discretis
755 2521 820 2572 defi-

328 2610 457 2668 niuntur,
480 2610 544 2662 haee
568 2626 709 2678 numquam
734 2607 820 2662 nomi-

329 2700 422 2753 nativo
458 2716 520 2751 casu
542 2699 645 2752 numeri
678 2699 821 2767 singularis

330 2804 378 2837 σοι·
397 2785 493 2837 litteris
512 2785 726 2838 concirriunturr
750 2802 839 2855 nunc,

329 2889 388 2923 cum
404 2883 430 2923 et
450 2872 498 2924 hoc
522 2889 613 2924 nomen
642 2871 746 2925 abhoc
774 2889 819 2925 so-

328 2958 387 3010 brio
404 2960 487 3011 tacere
507 2960 684 3029 repperiatur,
710 2971 736 3011 et
760 2960 820 3013 ideo

328 3048 372 3098 hic
390 3045 512 3102 sobrius,
526 3047 633 3099 nonhir
649 3046 723 3100 sober
738 3046 821 3100 fecere

328 3134 526 3204 pronuntiatur.

352 3221 688 3292 Quaeritur,quudecuusa
699 3242 819 3293 ·coquus·

329 3322 376 3374 per
394 3324 431 3374 ·q·
452 3316 479 3358 et
497 3325 549 3358 uon
571 3326 616 3377 por
649 3327 683 3361 ·c.
705 3311 820 3363 litteram

327 3380 475 3444 serihutur?
484 3393 532 3444 hoc
543 3395 575 3447 do
588 3413 682 3454 causa,
696 3399 822 3466 quoniam

328 3496 509 3548 quoecumque
528 3482 651 3539 nomina.
674 3484 703 3536 in
731 3487 822 3554 quoli-

327 3564 373 3619 bet
409 3584 470 3619 caru
499 3568 526 3619 in
565 3571 657 3622 ultimo
689 3574 729 3624 vel
761 3586 822 3626 ante

274 3685 277 3689 -
329 3654 449 3706 ultimam
479 3656 608 3724 ottobon
642 3678 679 3728 ·q·
706 3661 820 3714 litterum

326 3739 428 3793 habent
456 3744 650 3802 constitutum.
678 3748 742 3800 hoec
775 3769 821 3820 per

327 3847 413 3880 omues
441 3848 535 3883 casuris
562 3834 672 3886 eundem
708 3854 745 3904 ·q·
777 3840 821 3892 tir-

326 3928 405 3968 terum
428 3919 453 3968 in
468 3918 611 3970 attimaro!
627 3934 689 3974 ante
700 3926 818 3977 ultimum

326 4004 454 4071 syllabam
477 4024 578 4057 necesse
608 4020 646 4059 est
674 4024 703 4063 ut
730 4029 818 4069 custo-

1272 548 1342 648 ³47

875 675 1116 730 ‹ltonrtttunccum
1136 678 1209 731 dieat
1228 677 1368 732 Terentius

877 766 906 819 in
922 766 1043 819 ermueho
1062 797 1076 807 -
1090 766 1169 836 coqui
1180 766 1290 821 sartores
1306 794 1322 809 ·
1340 775 1370 817 et

875 866 979 913 cetero,
998 855 1093 925 utique
1116 854 1168 906 inm
1182 869 1295 923 coquum
1323 871 1370 923 per

877 961 915 1011 ·q·
935 962 989 996 non
1010 961 1056 1014 per
1083 960 1117 995 ·c·
1145 943 1260 997 litterum
1287 940 1369 995 scribi

874 1030 1047 1083 demonstrat·

909 1115 1065 1184 Quaeritur.
1077 1133 1132 1186 qun
1143 1115 1176 1169 de
1186 1132 1266 1169 caure
1275 1113 1368 1167 milei·

874 1220 920 1273 per
940 1220 973 1256 ψ
993 1213 1021 1257 et
1040 1222 1092 1257 non
1110 1221 1156 1274 per
1182 1222 1219 1256 ·x·
1252 1203 1369 1257 litteram

874 1287 1023 1345 scribunt
1032 1290 1083 1344 hac
1093 1291 1125 1343 de
1135 1308 1214 1344 causa
1224 1291 1368 1361 ‚quoniam

874 1397 1056 1451 quaecumque
1067 1383 1172 1435 nomino
1182 1379 1286 1448 generis
1294 1397 1368 1434 corn-

876 1469 963 1522 munis
990 1470 1111 1536 genetivo
1129 1485 1194 1522 casu
1205 1468 1370 1522 numerisin·

875 1556 972 1625 guloris
985 1557 1039 1610 tis·
1050 1555 1158 1624 'syllaba
1177 1556 1369 1614 terminantur,

875 1645 940 1697 hoec
958 1662 1100 1715 numquam
1119 1643 1285 1698 nominativo
1306 1661 1370 1698 cusu

876 1733 1016 1802 singularis
1026 1734 1128 1787 numeri
1141 1752 1180 1786 σι·
1191 1733 1280 1787 littero
1302 1733 1369 1785 defi·

877 1824 997 1878 niuntur.
1022 1822 1098 1876 Nune
1120 1840 1180 1876 cum
1206 1833 1235 1876 et
1251 1822 1302 1876 hoe
1318 1842 1370 1878 no·

876 1928 934 1963 men
953 1909 1034 1963 huius
1052 1909 1145 1963 militis
1166 1909 1251 1962 secere
1273 1927 1369 1980 reppe-

876 1999 976 2054 riatur.
997 2009 1025 2052 et
1046 1999 1106 2053 ideo
1123 1998 1168 2050 hic
1185 1998 1259 2051 milen
1280 2014 1370 2068 pero·

875 2105 927 2139 non
937 2102 983 2157 per
993 2105 1030 2138 ·x·
1042 2086 1158 2140 litterani
1172 2086 1369 2158 pronuntiatur.

909 2174 1061 2241 Quaeritur.
1074 2192 1127 2246 qua
1139 2174 1171 2227 de
1185 2191 1263 2227 couno
1278 2203 1289 2213 ·
1298 2173 1369 2227 Hon-

878 2260 994 2316 nibrlis·
1009 2261 1098 2316 littera
1127 2280 1206 2332 quum
1225 2260 1309 2315 habet
1319 2280 1369 2315 rn-

876 2363 903 2405 te
934 2351 1052 2405 ultimam
1083 2350 1211 2420 syllabam
1238 2350 1369 2421 producto

876 2451 984 2493 occentu
994 2433 1198 2511 pronuntietur?
1210 2436 1261 2491 hnc
1269 2436 1369 2491 decau-

874 2542 922 2582 ra,
941 2525 1066 2594 quoniam
1088 2538 1271 2591 quoecumque
1289 2519 1371 2574 nomi·

874 2630 908 2665 no
933 2611 1034 2679 generis
1051 2608 1190 2662 masculini
1207 2606 1371 2662 nominativo

874 2717 935 2752 casu
952 2697 1053 2750 numeri
1067 2696 1208 2764 singularis
1227 2695 1274 2746 ul·
1294 2693 1370 2749 titte-

874 2791 910 2840 ris
928 2785 1108 2842 definiuntur,
1125 2784 1190 2835 hoec
1203 2781 1311 2835 eandem
1331 2797 1368 2832 ιι·

874 2876 989 2927 littorum
1008 2889 1087 2940 quarn
1113 2868 1215 2922 hubent
1245 2878 1307 2920 onte
1339 2867 1369 2918 ·l·

874 2962 996 3014 ultimum
1015 2957 1207 3012 constitutum,
1225 2952 1369 3007 secundum

874 3052 1002 3104 rationem
1023 3063 1145 3099 sonorum
1166 3058 1271 3096 necesse
1283 3052 1323 3094 est
1341 3051 1372 3093 ut

873 3161 919 3213 per
938 3156 1025 3194 omnes
1044 3153 1138 3189 cunnus
1158 3133 1313 3204 producant·

910 3229 1053 3298 Quaeritur
1068 3261 1074 3281 .
1087 3241 1140 3292 qun
1154 3222 1189 3273 de
1214 3238 1296 3275 rausa
1320 3237 1372 3273 vo·

877 3316 965 3368 nativo
985 3331 1047 3365 casu
1067 3312 1169 3364 numeri
1193 3308 1335 3375 singularis
1355 3328 1371 3361 ο

876 3407 931 3458 Dee
948 3421 995 3474 per
1015 3402 1081 3454 duos
1102 3401 1248 3454 ·e·litteros
1269 3396 1372 3451 scribr-

876 3490 937 3549 turi
946 3495 995 3546 hoe
1004 3494 1037 3544 de
1049 3507 1138 3544 causa.
1149 3487 1275 3557 quonium
1287 3503 1371 3555 quoe·

876 3601 988 3653 cunique
1026 3581 1133 3634 nomina
1168 3573 1292 3628 ablativo
1309 3593 1371 3629 cusu

877 3671 979 3725 numeri
999 3666 1142 3735 singularis
1163 3684 1197 3716 ·o·
1217 3664 1307 3716 littero
1322 3674 1374 3715 ter·

874 3762 1031 3813 minantur.
1064 3766 1092 3807 et
1121 3752 1285 3806 nominativo
1309 3766 1372 3803 casu

876 3848 978 3901 numeri
1005 3841 1146 3909 singularis
1180 3857 1245 3892 ·eus·
1276 3839 1374 3893 littrrrt

874 3937 1055 3989 definiuntur,
1073 3931 1136 3982 haer
1161 3939 1270 3998 excepto
1292 3945 1370 3995 getre-

876 4025 930 4077 tiro
962 4039 1024 4074 coru
1053 4017 1153 4070 numeri
1179 4015 1307 4086 pluralis,
1327 4033 1374 4087 per
