3382 5206
538 549 603 635 ⁵¹⁴
803 576 832 622 ι
856 568 1036 621 mauram
1050 571 1237 631 -raouoooa

510 684 649 738 cturnae
665 673 830 739 caecitatia
842 669 997 753 latibula,
1011 669 1052 738 de
1062 671 1181 763 qnibm
1193 685 1329 737 cantum
1345 689 1425 741 eat·
1437 675 1557 761 potnit

512 776 666 844 tenebrat
678 772 853 842 latibulum
867 800 1011 857 anum-,
1024 799 1108 866 quae
1122 791 1207 842 tetro
1216 773 1347 841 tellaria
1362 778 1558 844 umbracu-

512 878 547 947 lo
559 898 711 970 generata
725 878 963 969 perhibentur,
974 898 1099 970 septem
1111 879 1260 968 partibus
1273 878 1473 969 singillatim
1493 909 1554 950 ae·

513 987 686 1078 questratia
707 985 931 1069 dirimuntur,
951 985 1013 1051 hoc
1035 1000 1085 1053 eat
1102 985 1304 1068 conticinio,
1325 985 1556 1077 intempesto·

514 1091 704 1183 crepusculo
717 1110 779 1160 etc.
792 1090 979 1160 fidiculam
994 1115 1125 1182 quoqne
1138 1089 1293 1157 concordi
1307 1090 1551 1162 modulationis

514 1198 687 1266 harmonia
709 1215 912 1268 resonantem
928 1216 1051 1287 reptem
1071 1213 1218 1263 constare
1240 1196 1361 1265 fidibus
1381 1199 1553 1267 rithmica

513 1309 714 1376 murinorum
732 1305 845 1398 regola
859 1305 1024 1388 declarat,
1048 1321 1083 1370 ut
1101 1303 1270 1398 Vergilius
1291 1324 1420 1394 septem
1437 1309 1553 1398 inquit

517 1413 708 1482 discrimina
726 1438 851 1483 vncnm.
866 1416 996 1504 Septem
1015 1413 1114 1480 simili
1139 1412 1235 1482 modo
1252 1411 1408 1502 spiritalia
1423 1415 1552 1483 biblio·

516 1520 631 1590 thecae
644 1518 818 1588 formulas,
831 1537 861 1587 et
879 1518 1011 1586 divinae
1024 1516 1103 1608 legia
1113 1516 1257 1606 regulas,
1272 1517 1436 1585 catholiea
1452 1544 1551 1609 prae·

517 1648 680 1695 catorum
706 1626 906 1691 monimenta
934 1622 1009 1688 luce
1038 1622 1175 1690 clariora
1201 1621 1437 1690 demomtraut.
1479 1626 1550 1693 Sed

517 1730 628 1813 mihi,
653 1745 689 1795 ut
713 1738 806 1818 poita
834 1725 934 1796 refert
960 1763 1007 1778 -
1035 1746 1109 1795 ante
1137 1725 1221 1794 diem
1244 1725 1353 1795 clauso
1382 1746 1553 1818 conponet

518 1859 633 1927 vesper
646 1835 779 1928 olympo
801 1870 856 1900 -.
880 1835 923 1900 Et
943 1833 1023 1900 alibi
1045 1871 1093 1886 -
1115 1853 1190 1900 aute
1211 1832 1299 1903 leves
1312 1857 1389 1924 ergo
1403 1860 1549 1924 pascen-

519 1957 574 2008 tur
593 1942 630 2005 in
648 1939 779 2006 aethere
799 1941 889 2003 cervi
911 1975 957 1990 ·-
978 1958 1012 2004 et
1032 1936 1112 2005 sreta
1135 1938 1309 2005 destituent
1331 1936 1437 2005 nudos
1454 1940 1488 2006 in
1508 1938 1554 2007 li·

519 2064 590 2114 tore
608 2046 712 2133 piacca
733 2082 779 2097 -
802 2060 876 2110 ante
897 2045 1056 2132 peraratia
1075 2043 1197 2109 finibus
1219 2041 1295 2111 exul
1317 2080 1365 2095 -
1386 2063 1443 2111 ant
1459 2046 1552 2113 Ara-

521 2152 585 2218 rim
607 2151 749 2220 Parthus
768 2150 863 2216 bibet
885 2166 941 2214 aut
965 2152 1143 2217 Germania
1163 2152 1282 2241 Tigrin
1304 2187 1349 2202 -
1374 2176 1474 2241 qnam
1498 2171 1553 2219 to-

519 2273 568 2324 toa
588 2259 709 2348 poaaim
729 2256 839 2347 legum
863 2255 1037 2346 decerpere
1060 2259 1156 2322 dores
1177 2293 1224 2308 -
1245 2257 1303 2346 qui
1324 2258 1472 2325 inumeris
1495 2283 1552 2325 ae-

521 2379 611 2453 ptem
634 2379 815 2429 monstrent
836 2359 983 2448 exempla
1008 2380 1152 2428 sacratu.
1172 2397 1218 2412 -

564 2464 633 2534 Sed
659 2464 743 2533 forte
767 2464 907 2557 quilibet
929 2464 1135 2555 scrupulosus
1156 2463 1307 2531 clanculo
1325 2464 1433 2533 cordis
1459 2471 1550 2561 cogi·

523 2585 592 2637 tatu
618 2570 827 2660 epistularem
852 2587 1058 2660 perscrutans
1081 2571 1292 2636 rusticitatem
1317 2573 1490 2662 perquirat
1516 2589 1548 2641 et

523 2694 761 2765 percontetur,
794 2700 853 2742 cur
885 2677 1085 2766 septenariae
1110 2677 1344 2766 supputationis
1375 2674 1550 2760 calculus,

524 2806 623 2873 qoem
659 2806 717 2871 per
742 2799 919 2873 utrumque
953 2798 1405 2849 testamentorumcauouem
1427 2783 1551 2873 expla-

524 2886 706 2954 nandarum
729 2911 840 2954 rerum
862 2890 1050 2956 necessitate
1073 2906 1202 2956 coactus
1228 2912 1472 2980 congesseram,
1490 2891 1550 2958 ite

525 3017 599 3059 rum
630 3012 728 3084 atque
757 2996 879 3060 iterum
905 2993 1057 3084 septuplo
1089 3013 1120 3060 et
1143 2991 1291 3083 septuplo
1314 2992 1468 3082 perplexa
1497 3021 1554 3062 re-

529 3098 698 3170 volutione
722 3101 913 3192 replicetur.
933 3101 1165 3171 Huiuscemodi
1179 3101 1398 3170 sollieitudine
1420 3128 1554 3192 permo-

526 3224 578 3274 tua
591 3206 712 3276 recolat
727 3226 758 3274 et
779 3210 1024 3289 reminiscatur,
1036 3211 1069 3275 in
1082 3207 1264 3298 primordio
1278 3206 1433 3297 epistulae
1450 3232 1555 3299 quam

526 3329 693 3401 tantopere
719 3314 855 3404 exempli
877 3318 983 3407 gratia
998 3313 1256 3404 protelaveram,
1273 3311 1348 3380 iude
1361 3337 1470 3379 meam
1486 3339 1557 3384 me·

527 3419 731 3487 diocritatem
744 3421 889 3491 radicem
903 3420 1032 3489 futurae
1045 3420 1235 3488 locutionis,
1250 3419 1359 3488 oblato
1371 3420 1467 3489 huiua
1479 3447 1558 3512 snp-

527 3525 701 3613 putationis
724 3543 934 3615 argumento,
956 3526 1142 3614 sumpsisse:
1166 3525 1250 3592 uude
1263 3524 1472 3614 postmodum
1489 3525 1560 3592 sra-

528 3626 600 3716 gitis
627 3645 658 3692 et
681 3626 813 3718 gracilis
836 3629 955 3718 ingenii
980 3627 1187 3709 s1·uticea,‘et
1216 3625 1407 3693 nutabunda
1435 3628 1557 3728 verbo·

531 3755 604 3796 rurn
636 3732 756 3799 vimina
787 3733 905 3821 patulia
935 3731 1046 3797 delusa
1071 3730 1260 3799 ramusculis
1287 3740 1553 3800 succreverunt.

500 3838 503 3850 '
533 3836 617 3902 Cum
633 3837 733 3926 igitur
757 3855 803 3905 tot
828 3839 990 3928 tantisque
1003 3840 1286 3904 sacramentorum
1295 3835 1560 3920 vinculiu,‚tam-

532 3966 595 4031 que
613 3945 744 4008 saeratis
762 3967 974 4010 numerorum
990 3943 1143 4026 neribus,
1159 3967 1217 4031 per
1238 3937 1460 4031 septilormem
1483 3944 1555 4032 api-

533 4050 614 4115 ritos
640 4051 777 4138 gratiam
805 4051 921 4117 caritas
950 4049 1213 4140 coarstringatur,
1243 4048 1283 4116 da
1312 4073 1377 4140 qua
1404 4051 1556 4143 egregius
