3382 5206
392 560 413 606 1.
652 560 695 607 D}
720 562 895 611 lllSl’BlthlS
921 564 1101 616 resalutatis

361 706 407 753 an
426 678 544 778 potius
566 674 726 753 Scotiam
744 709 903 769 ‚rursus
923 681 1055 757 dubito.
1078 682 1190 762 Stilus
1215 706 1332 764 autern
1351 722 1388 765 o·

288 866 297 875 .
359 801 451 900 peris
471 802 631 889 tumidus
654 861 663 893 ,
683 803 884 893 abnormis,
907 808 1129 897 exorbitans,
1150 811 1322 889 obscurus
1341 844 1382 889 ae

360 954 461 1025 saepe
486 926 746 1002 inextricabilis.
769 925 889 1022 Quare
915 956 1039 1003 rursus
1065 935 1233 1009 recordor
1259 935 1383 1013 Hiero-

357 1049 455 1150 nymi
477 1052 529 1151 (1)
551 1051 676 1153 quide
697 1053 899 1127 elocutione
920 1052 1120 1145 loviniaui,
1142 1036 1246 1132 euius
1266 1059 1383 1135 filium

355 1176 538 1275 Pelagium
548 1181 768 1278 scotigenam
780 1178 931 1254 Orosius
946 1182 997 1281 (2)
1012 1180 1100 1255 dicit
1116 1185 1198 1284 (etsi
1211 1186 1270 1259 alii
1281 1187 1382 1261 aliter

355 1302 423 1375 huc
449 1302 587 1378 dictum
612 1303 913 1405 interpretantur)
936 1304 1015 1380 ait:
1042 1311 1261 1407 scriptorum
1282 1323 1381 1382 tanta

353 1426 543 1503 barbaries
554 1446 627 1516 est,
638 1444 674 1501 et
683 1432 788 1501 teratu
805 1432 895 1501 vitiis
906 1432 1156 1528 spurcissimus
1164 1457 1282 1503 sermo
1297 1458 1379 1506 eon-

336 1549 453 1652 fusus
472 1609 486 1637 ,
512 1567 551 1624 ut
569 1551 661 1653 qiud
676 1555 847 1651 loquutur
865 1575 937 1620 non
951 1556 1135 1649 potuerim
1153 1557 1376 1651 intelligere:

351 1689 445 1747 tuuis
464 1681 558 1747 enim
579 1688 689 1747 tumet
709 1729 724 1759 ,
743 1687 836 1745 totus
856 1677 958 1747 tacet.
974 1670 1019 1744 Et
1038 1673 1131 1747 iulra
1153 1705 1161 1750 :
1182 1702 1277 1777 quae
1296 1692 1379 1751 sunt

351 1796 442 1881 lutee
457 1812 626 1899 portento
646 1797 866 1871 verborum?
884 1797 986 1899 quod
1002 1796 1257 1900 descriptionis
1269 1800 1373 1873 dede·

348 1921 439 1991 cus?
457 1917 533 1993 Sed
553 1946 765 2021 quamquam
783 1919 1038 2019 hispericorum
1056 1920 1231 1994 seminum
1249 1918 1372 2019 lingua
1390 1934 1393 1939 ’

347 2040 460 2114 multo
481 2040 539 2114 illa
559 2040 735 2115 loriniani
754 2043 914 2117 deterior
934 2062 987 2117 est
1000 2102 1009 2132 ,
1023 2044 1068 2118 ad
1081 2043 1301 2117 dilatandam
1322 2063 1371 2119 ta·

345 2193 429 2240 men
449 2164 638 2239 latinitatis
657 2166 863 2254 historiam,
885 2167 1034 2265 eiusque
1055 2169 1125 2241 lata
1154 2167 1371 2257 enarranda,

347 2291 450 2389 longe
471 2289 595 2364 utilior
616 2289 906 2390 commodiorque
929 2290 1009 2364 erit.

215 2500 267 2531 m
284 2512 298 2522 ι
454 2415 486 2489 3.
513 2414 675 2489 Materia
704 2441 788 2487 vero
816 2413 980 2515 opusculi
1008 2412 1082 2484 talis
1110 2431 1173 2486 est.
1200 2410 1287 2487 Post
1316 2431 1370 2490 tu·

208 2563 240 2591 ¹¹·
343 2543 479 2617 midum
505 2541 717 2628 exordium,
745 2540 783 2613 in
810 2568 879 2640 quo
909 2540 953 2611 de
980 2566 1044 2612 sua
1071 2538 1277 2637 eloquentia
1301 2568 1365 2613 suo

343 2668 449 2742 modo
475 2667 619 2740 disserit
643 2682 794 2755 auctor,
816 2664 916 2738 etde
938 2663 1053 2760 gentis
1074 2664 1235 2763 propriae
1258 2682 1299 2738 ut
1319 2666 1368 2737 vi·

342 2793 450 2867 detur
478 2791 636 2882 studiis,
669 2810 704 2864 et
731 2791 776 2864 de
808 2788 904 2861 vario
938 2787 1174 2862 dialectorum
1199 2817 1364 2886 genere3

256 2919 260 2925 ’
290 2992 299 3004 ,
339 2933 464 3016 poema
494 2914 673 3016 quoddam
699 2913 899 3015 prosaicum
929 2910 1083 3000 scribit,
1111 2910 1217 2985 cuius
1248 2912 1363 3010 primo

341 3043 379 3114 iu
407 3042 522 3141 capite
549 3040 716 3114 ordinem
741 3038 813 3111 diii
840 3037 973 3136 prolixe
995 3036 1153 3136 pandit,
1182 3035 1217 3108 id
1239 3054 1288 3108 est
1307 3037 1368 3109 ho·

339 3165 481 3239 minum
506 3191 614 3265 opera
639 3194 658 3238 a
686 3188 824 3237 summo
848 3187 954 3233 mane
986 3187 1096 3259 usque
1118 3157 1162 3231 ad
1181 3174 1365 3258 vesperam

339 3319 463 3369 seram.
484 3291 528 3363 ln
555 3288 789 3391 sequentibus
811 3284 998 3359 historiam
1024 3283 1134 3357 veluti
1163 3281 1365 3355 naturalem

338 3417 446 3492 tradit
473 3417 586 3506 caeli,
614 3413 745 3501 maris,
774 3411 895 3508 ignis,
922 3425 1136 3501 ventorum3
1164 3421 1239 3480 tum
1259 3404 1362 3478 dicit

339 3546 383 3619 de
402 3545 585 3632 restibus,
605 3539 748 3628 arcula,
770 3533 1027 3637 pugillaribus,
1048 3560 1145 3606 sacra
1174 3530 1361 3618 aedicula,

33 3690 40 3701 “
225 3744 228 3749 ,
334 3665 540 3768 precatione
570 3664 612 3738 ad
642 3662 786 3736 Deum.
824 3657 1043 3734 Coronidem
1077 3654 1228 3753 imponit
1260 3654 1360 3753 operi

336 3789 531 3889 descriptio
552 3786 748 3862 venationis
767 3803 871 3884 atque
895 3780 1076 3870 convivii,
1098 3805 1260 3855 necnon
1284 3806 1359 3852 cer·

336 3915 483 3990 taminis
503 3916 665 3987 adversus
685 3912 804 3983 liostes
824 3905 1056 3981 latrunculos.

412 4061 459 4128 (ι)
475 4060 544 4114 ΑιΙν,
566 4058 652 4110 loviu.
671 4055 718 4106 tib.
740 4056 764 4107 1.,
783 4054 868 4105 initio.

410 4153 456 4221 (a)
478 4152 518 4215 tto
535 4146 581 4199 tib-
602 4144 697 4214 arlfltr.
718 4145 759 4197 ed·
782 4146 862 4209 liugd.
885 4144 977 4197 laetat·
998 4159 1022 4211 p·
1038 4135 1104 4192 615.
