3382 5206
359 572 405 623 10
742 570 892 620 ΙΡΙπῸῐιΔ
909 571 933 616 1.

216 705 218 709 ’
326 679 376 753 At
395 679 607 763 nominativo
626 706 766 780 vespere
785 695 929 753 vocatur
947 677 990 751 ab
1010 678 1093 752 hora
1113 704 1205 751 nona
1228 734 1238 767 ‚
1265 677 1338 752 sole

327 801 516 874 discessum
536 801 744 875 inchoante:
759 799 818 872 sed
838 800 905 872 hoc
924 825 1054 872 nomen
1068 797 1343 872 decimationem

325 921 460 995 nullam
479 921 592 997 habet.
611 919 806 1022 Vesperum
825 936 942 992 autem
969 935 1020 992 est
1048 945 1129 991 eum
1156 919 1227 992 sole
1247 918 1338 993 occi·

327 1042 431 1115 dente
451 1040 525 1114 dies
544 1041 663 1114 deficit
683 1071 692 1118 ε
718 1039 820 1114 etsie
840 1038 1033 1113 declinatur
1057 1064 1241 1138 vesperum
1263 1065 1337 1112 ves-

237 1154 241 1161 ’
318 1161 399 1262 peri
416 1189 557 1261 vespero
577 1186 760 1261 vespemm
778 1187 939 1260 vespero.
967 1156 1119 1258 Vespera
1140 1175 1191 1232 est
1214 1215 1224 1248 ‚
1253 1184 1337 1233 cum

324 1280 413 1355 lucis
434 1281 567 1355 oriente
586 1308 712 1355 aurora
732 1306 802 1374 nex
821 1278 981 1359 finiatur:
1002 1277 1133 1351 etenim
1152 1278 1244 1350 sieut
1263 1275 1340 1349 dies

327 1401 441 1474 noctis
461 1428 623 1474 successu
643 1425 843 1501 vesperum,
858 1399 908 1471 sie
928 1414 963 1470 et
977 1425 1047 1471 nox
1062 1396 1117 1470 die
1133 1411 1339 1470 exorteses·

326 1547 446 1621 peram
471 1521 604 1597 babet:
630 1522 735 1618 etsie
761 1519 987 1606 declinatur,
1014 1543 1153 1616 vespera
1177 1541 1340 1616 vesperae

325 1664 500 1744 vesperam
520 1672 668 1744 vespera.
691 1642 897 1726 Cavendum
916 1659 967 1716 est
987 1659 1102 1716 tamen
1122 1669 1168 1715 ue
1187 1657 1248 1714 aut
1266 1666 1339 1714 res-
1432 1626 1436 1634 ⁵

326 1789 389 1861 per
411 1818 422 1852 ,
447 1778 507 1836 aut
525 1789 708 1864 vesperum
730 1820 741 1852 ‚
766 1779 826 1837 aut
844 1789 1010 1862 vespera,
1031 1760 1199 1863 pluralem
1217 1787 1340 1833 nume·

327 1906 406 1954 rum
424 1881 552 1954 habere
570 1899 749 1982 putentur.
757 1881 865 1958 Unde
880 1883 988 1956 miror
1007 1881 1183 1982 quomodo
1196 1880 1340 1981 quidam

211 1986 217 1996 ¹
326 2003 564 2101 procacissime
583 2032 687 2078 ausus
708 2005 751 2078 sit
769 2003 885 2077 dicere
910 2030 1067 2104 vesperes
1089 2032 1100 2098 3
1126 2019 1161 2075 et
1186 2029 1261 2076 non
1285 2031 1339 2076 so-

325 2121 400 2196 lum
419 2122 591 2222 pluralem
611 2150 799 2199 numerum
820 2142 942 2198 contra
961 2150 1101 2198 omnem
1116 2123 1279 2197 ordinem
1289 2151 1340 2197 ra·

324 2242 527 2344 tionerrrque
556 2245 808 2319 confusibiliter
832 2245 1056 2346 adsumpsit,
1082 2270 1204 2318 verum
1234 2244 1341 2317 etiam

324 2388 435 2460 genus
461 2360 577 2465 ipsum
608 2366 764 2467 corrupit
793 2423 803 2456 ‚
830 2394 893 2466 pro
926 2363 1080 2439 neutrali
1106 2363 1342 2437 masculinum

324 2512 468 2584 ponens.
486 2485 558 2560 Sed
579 2487 778 2563 huiusmodi
797 2489 862 2561 viri
880 2514 1011 2562 nomen
1022 2543 1031 2576 ‚
1043 2486 1124 2587 quia
1143 2486 1269 2560 nobilis
1290 2503 1343 2561 est

326 2620 363 2676 et
381 2605 462 2678 satis
482 2605 595 2680 clarus
619 2663 629 2696 ‚
655 2624 691 2681 et
710 2606 828 2681 multis
848 2609 935 2680 sorte
955 2606 1032 2679 eius
1051 2604 1229 2706 displiceat
1256 2604 1344 2678 insa-

326 2722 394 2799 mia
417 2783 427 2816 ‚
448 2726 629 2802 uranifeste
649 2727 797 2827 prodere
818 2727 900 2801 nolo
917 2758 928 2823 3
948 2726 1149 2827 praesertim
1168 2753 1253 2800 cum
1272 2727 1341 2800 hoe

324 2846 436 2921 fassus
455 2847 525 2936 sit,
546 2875 620 2922 non
641 2849 754 2922 solum
773 2848 950 2922 audaciter
969 2847 1029 2921 sed
1049 2863 1084 2920 et
1102 2846 1284 2920 temerarie
1304 2874 1341 2919 se

328 2964 456 3038 dixisse
480 3022 490 3054 ‚
517 2983 552 3039 et
572 2966 697 3041 beiem
718 2993 818 3041 suam
842 2967 879 3039 in
899 2967 1018 3040 sinum
1038 2992 1158 3039 meum
1182 2990 1345 3064 porrexe-

324 3083 379 3160 rit.
403 3082 474 3158 Sed
494 3085 537 3159 de
557 3087 624 3160 hoe
644 3089 720 3161 viro
741 3089 823 3161 satis
845 3086 888 3160 sit
906 3086 1061 3160 dictum.
1090 3083 1262 3160 Ceterum
1280 3112 1344 3185 ¹¹⁰¹.

324 3205 488 3280 minativo
508 3234 591 3281 casu
611 3209 798 3283 scribendo
817 3207 918 3282 multi
931 3207 1109 3307 superflue
1130 3223 1165 3278 et
1177 3223 1342 3313 corrupte

324 3327 379 3399 vei
398 3327 534 3401 addunt
553 3330 662 3404 multa
681 3329 735 3404 vel
755 3330 927 3403 minuunt
949 3385 959 3418 ‚
987 3343 1028 3402 ut
1053 3344 1104 3400 est
1123 3325 1307 3400 brachium
1330 3355 1342 3423 3

326 3474 410 3520 cum
428 3450 488 3524 hic
510 3450 553 3521 ·h·
572 3451 680 3524 scribi
699 3478 772 3524 non
793 3449 926 3524 debeat.
947 3447 1060 3523 Multi
1085 3448 1191 3522 etiam
1213 3447 1343 3521 dieunt

326 3566 452 3658 fillius,
471 3597 587 3669 proco
599 3571 693 3671 quod
705 3571 876 3647 sitsrlius:
895 3587 936 3643 ut
956 3568 1169 3643 Maceronto
1183 3569 1228 3668 (a)
1245 3594 1341 3664 grae-

325 3712 388 3779 cus
408 3685 628 3786 discipulus,
656 3717 801 3763 monens
822 3687 982 3762 nondum
1002 3687 1180 3784 integrum
1201 3686 1249 3784 (b)
1271 3685 1343 3757 dis-

326 3805 462 3904 cipulos
485 3865 495 3896 ,
525 3808 631 3911 immo
652 3836 793 3885 monere
815 3809 948 3884 audens
971 3866 981 3896 ‚
1009 3824 1043 3880 et
1065 3825 1105 3882 ut
1133 3806 1265 3881 rectius
1291 3805 1343 3877 di-

406 3974 444 4035 (ι)
463 3984 521 4022 stum
540 3976 625 4024 Macar
639 3981 775 4040 uper-sudu.
796 3989 829 4024 est
849 3983 876 4025 ab
891 3989 957 4030 arelo,
976 3978 1043 4038 idque
1061 3985 1200 4037 postremum
1218 3978 1337 4034 surrigere-

340 4046 418 4100 dum?
449 4048 490 4116 (b)
507 4058 549 4098 Pru
564 4060 664 4113 integro.
