3382 5206
368 506 437 598 adil

338 644 435 687 ceteros
451 646 544 687 castrus
562 634 620 704 pari
637 652 744 688 numero
767 636 823 703 syl-

336 721 455 773 labarum
476 731 579 792 oportet
594 721 682 773 scribi.

371 811 530 877 Quaeritur,
542 829 596 881 qua
610 812 643 863 de
668 829 747 864 causa
759 841 772 850 -
781 809 828 862 bu·

341 897 381 951 ius
400 900 452 952 Gai
472 930 485 942 -
504 918 551 970 per
573 918 651 951 unam
668 901 697 951 ·i·
713 902 829 953 litteram

337 985 486 1040 scribatur?
500 989 551 1040 hac
560 990 593 1042 de
602 1007 679 1042 carisa
690 990 829 1059 ,quoniam

339 1094 523 1146 quaecumque
567 1078 674 1131 nomina
714 1076 830 1129 ablativo

339 1183 401 1219 casu
419 1167 521 1219 numeri
547 1167 686 1235 singularis
705 1186 740 1220 ·o·
758 1166 832 1218 litte·

339 1270 369 1305 ra
394 1254 584 1311 terminantur,
615 1266 642 1306 et
670 1253 831 1306 nominativo

339 1358 402 1394 casu
421 1343 521 1393 numeri
539 1341 680 1408 singularis
701 1340 763 1392 ·ius·
782 1340 831 1407 syl·

341 1428 400 1481 laba
421 1429 604 1484 deliniuntur.
618 1429 683 1479 baec
712 1428 832 1494 genetivo

338 1533 400 1570 casu
419 1517 520 1568 numeri
539 1515 681 1583 singularis
696 1533 742 1586 per
753 1534 831 1568 unam

343 1607 373 1658 ·i·
392 1606 508 1658 litteram
526 1603 686 1658 scribuntur.

373 1693 518 1763 Quaeritur
534 1729 541 1750 ‚
560 1692 594 1745 ab
612 1712 643 1747 eo
661 1691 732 1762 quod
762 1692 833 1744 dixit

338 1780 491 1844 Vergilius,
510 1809 524 1821 -
538 1792 610 1845 terga
624 1779 727 1832 ‹labunt
746 1808 761 1820 -
778 1795 834 1847 qua

344 1868 378 1919 de
396 1883 476 1919 causa
494 1868 671 1933 bortergum,
688 1865 832 1918 etnonboc

339 1965 426 2023 tergus
443 1992 449 2011 ,
465 1954 549 2006 iacere
572 1950 762 2024 repperiatur?
780 1952 831 2005 bac
858 1942 861 1947 ⁴

338 2042 372 2095 de
391 2060 485 2097 causa,
506 2041 630 2110 quoniam
648 2058 829 2110 quaecumque

338 2129 445 2182 nomina
487 2128 589 2196 generis
619 2129 706 2180 neutri
737 2122 831 2182 a'no·

338 2215 467 2268 minativo
484 2234 546 2267 casu
566 2216 667 2267 numeri
690 2213 831 2281 singularis

341 2302 369 2355 in
389 2304 538 2355 accusativo
551 2321 612 2354 casu
622 2302 722 2354 numeri
741 2302 832 2371 plura-

339 2390 374 2443 lis
400 2408 446 2460 per
471 2391 598 2457 syllabam
618 2409 669 2442 non
696 2401 832 2445 crescunt.

341 2480 408 2539 baec
427 2497 569 2548 numquam
589 2477 753 2530 nominativo
772 2494 834 2529 casu

340 2569 444 2622 numeri
462 2565 603 2632 singularis
615 2582 664 2616 ·us·
679 2564 777 2616 litteris
790 2563 834 2614 de·

342 2656 490 2714 liniuntur,
509 2667 535 2708 ct
550 2656 607 2708 idco
620 2666 705 2721 terga.
725 2652 774 2705 boc
785 2665 834 2706 ter-

342 2763 417 2813 gum.
435 2755 462 2797 et
488 2763 541 2797 non
566 2742 616 2796 boc
629 2754 733 2812 tergus.
747 2741 833 2796 lacere

345 2830 543 2904 pronuntiatur.

380 2917 542 2987 Quaeritur.
562 2914 596 2967 ab
614 2933 645 2970 ec
675 2916 747 2986 quod
766 2915 837 2969 dixit

343 3007 477 3073 Vergilius
515 3034 529 3045 ·
566 3016 669 3072 tergora
703 3005 838 3078 diripiunt

347 3096 427 3153 c'ostis
437 3112 515 3162 -qua
529 3093 562 3145 dc
572 3111 652 3146 causa
666 3095 717 3147 boc
729 3106 816 3164 tergus
828 3136 835 3156 ,

343 3194 371 3236 et
388 3202 441 3235 non
460 3183 510 3235 hoc
529 3191 649 3264 tergum,
670 3181 755 3235 lacere
773 3203 835 3254 pro-

343 3267 505 3328 nuntietur?
524 3272 574 3323 hac
593 3271 625 3322 de
643 3288 741 3329 causa.
767 3291 836 3343 quo-

340 3365 414 3418 niam
433 3378 615 3432 quaecumque
631 3361 737 3414 nomina
757 3378 835 3429 gene-

342 3451 380 3504 ris
410 3449 498 3502 neutri
531 3467 546 3498 a
570 3447 734 3501 nominativo
773 3465 835 3501 casu

344 3539 447 3594 numeri
469 3536 609 3604 singularis
630 3536 659 3588 in
684 3537 835 3599 accusativo

344 3643 406 3688 casu
427 3626 528 3676 numeri
547 3625 657 3695 pluralis
680 3643 726 3696 per
755 3626 837 3693 sylla-

343 3713 391 3766 bas
410 3724 546 3768 crescunt.
564 3714 629 3765 baec
640 3716 781 3783 numquam
796 3735 839 3770 uo·

345 3801 475 3855 minatiro
493 3816 557 3850 casu
577 3800 678 3852 numeri
698 3802 839 3869 'singularis

605 527 861 581 GRAMMATICUS
890 527 1097 580 VATlCANUS

878 653 942 687 ·um·
962 636 1059 690 litteris
1073 637 1253 698 definiuntur.
1271 652 1300 695 et
1314 642 1376 696 ideo

887 733 988 790 tergora
1016 723 1065 777 boc
1093 736 1197 793 tergus,
1215 739 1242 781 et
1262 747 1314 782 non
1330 731 1381 784 boc

888 824 1006 878 tergum,
1025 812 1109 866 lacere
1127 816 1325 884 pronuntiatur.

923 900 1080 969 Quaeritur,
1097 919 1150 970 qua
1169 902 1202 954 de
1229 921 1309 956 causa
1336 905 1379 977 (ι)

888 989 974 1040 Varro
1010 990 1154 1041 masculum
1178 1000 1206 1042 et
1233 991 1380 1050 feminam.

890 1072 979 1127 ambos
991 1071 1188 1145 pronuntiarit?
1216 1077 1266 1130 bac
1278 1079 1311 1132 de
1320 1097 1383 1132 cau·

889 1182 931 1220 sa.
950 1167 1075 1233 quoniam
1088 1184 1270 1239 quaecumque
1280 1171 1381 1239 generis

890 1250 1011 1302 feminini
1039 1254 1144 1305 nomina
1176 1257 1380 1322 generibusma·
1438 1282 1442 1289 ·

891 1338 999 1389 sculinis
1022 1340 1208 1410 repperiuntur
1235 1360 1291 1397 esse
1316 1361 1381 1397 cou-

892 1424 1005 1481 iuncta.
1032 1426 1097 1480 baec
1119 1429 1169 1481 sub
1194 1448 1258 1482 sono
1283 1433 1382 1498 generis

892 1513 1028 1564 masculini
1048 1532 1150 1566 necesse
1169 1528 1210 1568 est
1229 1519 1379 1586 procedant·

890 1600 949 1665 Qua
968 1600 1108 1672 disciplina
1122 1613 1149 1654 et
1160 1603 1293 1669 Vergilius
1306 1605 1382 1656 Pria-

889 1705 960 1740 mum
969 1700 996 1741 et
1006 1689 1138 1742 Hecubam
1149 1692 1293 1745 masculino
1302 1694 1381 1758 gete-

891 1793 918 1826 rc
929 1775 1051 1846 appellat,
1057 1777 1087 1828 id
1095 1786 1135 1829 est
1145 1777 1235 1831 dicens
1242 1779 1275 1829 de
1282 1779 1382 1831 Andro-

890 1865 1070 1919 macha-terre
1079 1866 1231 1920 incomitata
1242 1867 1343 1921 solebat
1350 1867 1382 1918 ad

888 1971 989 2007 soceros
999 1983 1024 2005 ·.
1040 1954 1107 2006 item
1119 1955 1188 2007 idem
1209 1956 1285 2009 lilaro
1304 1957 1381 2008 liele·

891 2061 950 2094 nuni
982 2055 1011 2096 et
1044 2043 1254 2097 Andromacham
1288 2073 1305 2084 -
1334 2045 1380 2096 bos

890 2152 937 2200 ego
956 2131 1107 2199 digrediens
1133 2131 1250 2184 lacrimis
1274 2120 1383 2183 a'dlabar

890 2221 991 2275 obortis
1005 2223 1109 2272 ·.1rem
1127 2220 1196 2273 idem
1216 2221 1349 2290 Vergilius
1368 2249 1384 2262 -

890 2321 1017 2379 quattuor
1035 2309 1069 2360 ab
1096 2308 1208 2363 stabulis
1235 2313 1384 2382 praestanti

890 2414 997 2465 corpore
1027 2408 1118 2450 tauros
1137 2398 1252 2454 avertit.
1272 2400 1384 2452 totidem

891 2483 972 2536 lorias
991 2495 1131 2554 superante
1144 2484 1282 2537 iuvencas:
1303 2496 1385 2553 utque

892 2569 939 2623 hos
957 2589 989 2622 ne
1008 2589 1061 2640 qua
1080 2570 1166 2623 iorent
1184 2569 1384 2641 pedibusvesti·

893 2659 936 2725 gia
962 2660 1057 2715 rectis,
1076 2657 1161 2708 caude
1185 2657 1213 2708 in
1231 2656 1383 2727 speluncam

894 2755 991 2797 tractos
1020 2761 1083 2796 saxo
1114 2741 1265 2797 occultabat
1295 2761 1386 2814 opaco.

893 2831 970 2883 Nunc
987 2828 1113 2900 quoniam
1126 2829 1231 2897 longum
1240 2838 1280 2882 est
1294 2840 1322 2883 et
1333 2831 1386 2881 alra

893 2919 1026 2988 exempla,
1044 2916 1169 2988 prolerre,
1180 2929 1207 2970 et
1219 2917 1287 2975 ideo,
1297 2929 1328 2971 ut
1343 2918 1386 2971 di·

894 3008 996 3062 ximus‚
1015 3006 1065 3059 boc
1079 3005 1214 3060 observari
1233 3024 1387 3063 monemus.

895 3108 926 3148 ut
937 3132 944 3151 ,
963 3092 1044 3146 sicuti
1054 3110 1134 3163 supra
1144 3093 1280 3145 docuimus
1292 3128 1299 3149 .
1316 3092 1388 3163 quod

894 3200 1076 3252 quaecumque
1095 3181 1203 3234 nomina
1230 3182 1332 3248 generis
1349 3183 1388 3236 le·

896 3272 991 3325 miniui
1022 3287 1081 3322 cum
1109 3269 1261 3324 nominibus
1290 3273 1391 3340 generis

895 3360 1032 3414 masculini
1052 3359 1270 3412 coniuncta'esse
1297 3375 1391 3429 reppe-

895 3449 1017 3504 riuntur.
1036 3448 1101 3499 baec
1115 3444 1165 3499 sub
1184 3462 1248 3498 sono
1266 3445 1389 3497 masculi-

896 3540 925 3593 ui
937 3539 1036 3606 generis
1045 3554 1167 3590 resonare
1176 3537 1389 3606 pronuntientur.

932 3630 1087 3700 Quaeritur.
1098 3644 1179 3696 quare
1190 3625 1305 3679 monitor
1316 3663 1323 3684 ‚
1337 3643 1390 3681 mc·

898 3721 1002 3782 uitri13
1030 3729 1058 3771 et
1094 3718 1214 3784 genitor.
1250 3716 1391 3784 genetrix;

899 3811 961 3863 item
991 3808 1074 3860 victor
1099 3843 1105 3862 .
1132 3805 1257 3869 victrixr
1283 3815 1312 3858 ct
1339 3824 1392 3858 nn·

420 3971 458 4038 (1)
475 3979 500 4018 ΙΙ
518 3981 616 4034 margine
628 3979 690 4022 addit
704 3985 819 4027 recentior
832 3998 910 4027 manus
922 3989 1057 4027 necessaria
1071 3987 1141 4024 ratic·
