3382 5206
354 532 402 607 36

488 661 684 739 INCIPIT
705 661 891 738 TERTIA
913 663 979 738 DE
1001 665 1177 740 VERBO.

401 1050 430 1097 1.
451 929 592 1099 Ante
623 1050 731 1123 quam
760 1022 803 1095 ad
830 1024 929 1096 verbi
961 1024 1242 1125 explanationem
1272 1052 1343 1096 ma-

320 1168 411 1218 num
438 1144 613 1217 mittimus
642 1199 651 1231 ,
680 1170 787 1243 super
806 1171 876 1243 qua
903 1171 941 1217 re
961 1144 1000 1216 in
1021 1145 1182 1244 epitomis
1203 1144 1341 1244 pridem
1403 1131 1409 1143 ’

320 1263 489 1337 brenellas
514 1262 629 1352 licet,
650 1279 743 1337 tutas
765 1265 812 1364 (a)
835 1282 983 1353 tamen,
1012 1264 1208 1339 addidimus
1233 1292 1340 1364 regu·

319 1383 694 1486 lus,respondendum
715 1412 794 1457 reor
812 1385 882 1457 hiis
901 1386 964 1485 qui
983 1413 1047 1460 nos
1063 1389 1209 1487 profano
1229 1403 1265 1459 et
1286 1415 1340 1459 ca-

319 1506 407 1581 nino
426 1534 487 1580 ore
508 1507 680 1579 adlatrant
699 1535 740 1579 ac
759 1505 936 1595 lacerant,
948 1505 1107 1579 dicentes
1127 1535 1189 1578 nos
1210 1506 1247 1578 in
1268 1533 1339 1578 om-

320 1628 427 1703 nibus
447 1628 582 1701 artibus
595 1627 816 1704 contradicos
826 1627 939 1700 videri
949 1628 1049 1701 nobis
1062 1629 1215 1702 invicem
1230 1685 1240 1716 ‚
1257 1655 1340 1701 cum

320 1746 358 1825 id
376 1745 472 1848 quod
494 1746 582 1820 alius
603 1746 765 1819 adfirmat
788 1802 798 1834 ‚
826 1745 914 1819 alius
939 1747 1122 1821 destruere
1146 1746 1309 1821 videatur
1331 1777 1341 1839 3

321 1867 522 1941 nescientes
542 1865 637 1966 quod
656 1865 812 1939 latinitas
833 1882 929 1938 tanta
948 1867 994 1939 sit
1006 1883 1042 1939 et
1056 1884 1127 1939 tam
1140 1866 1340 1966 profunda,

324 2004 369 2062 ut
387 1985 508 2060 multis
528 1986 640 2060 modis
661 2013 702 2058 ac
721 1987 896 2059 fanissaris
916 1986 965 2086 (b)
989 1987 1148 2059 sensibus
1170 1985 1342 2086 explicare

322 2104 538 2179 necesse‘sit.
551 2103 643 2200 Quis
654 2103 749 2176 enim
759 2103 974 2177 latinitatem
985 2123 1144 2177 sensatus
1154 2121 1258 2203 putet
1272 2121 1343 2176 tam

322 2243 510 2325 angustam
527 2225 650 2298 haberi
670 2242 813 2325 tamque
845 2242 1022 2314 artatam,
1052 2242 1093 2298 ut
1119 2225 1343 2324 unumquod-

320 2375 392 2449 que
411 2348 558 2420 verbum
577 2373 650 2418 uno
679 2362 818 2418 tantum
844 2346 930 2417 sario
957 2373 1101 2445 unoque
1126 2372 1231 2416 sensu
1261 2372 1342 2416 con-

322 2484 465 2540 tentum
492 2494 564 2539 esse
588 2464 786 2539 videatur?
812 2466 1019 2565 praesertim
1050 2493 1133 2540 cum
1156 2464 1342 2538 latinitatis

320 2585 431 2686 ipsius
462 2612 590 2683 genera
620 2583 813 2656 duodecim
841 2611 993 2656 numero
1030 2584 1227 2656 habeantur
1255 2641 1267 2671 ,
1306 2600 1339 2655 et

321 2705 604 2805 unumquodque
636 2732 745 2802 genus
784 2703 911 2777 multas
947 2704 984 2776 in
1016 2731 1053 2775 se
1086 2702 1343 2802 complectatur

325 2841 427 2898 artes.

397 2966 430 3014 2.
449 2939 705 3040 Unusquisque
719 2939 827 3037 igitur
843 2940 1060 3037 legentium,
1077 2966 1232 3037 sanoque
1246 2917 1353 3011 scru-¹

324 3060 479 3133 tantium
498 3087 604 3131 sensu
619 3061 629 3158 (
643 3059 670 3131 si
684 3077 802 3132 tamen
814 3058 931 3132 livoris
943 3059 1043 3132 nullo
1055 3074 1241 3158 torquetur
1254 3084 1344 3130 mor-

323 3179 369 3252 bo
392 3208 402 3274 ;
429 3178 519 3251 nilril
540 3178 636 3251 enim
654 3178 765 3252 livens
796 3206 923 3251 sanum
946 3179 1079 3251 sentire
1106 3194 1253 3279 potest,
1281 3179 1344 3277 qui

322 3295 411 3371 dum
430 3298 505 3371 aliis
526 3299 700 3389 invideat,
720 3317 833 3373 semet
851 3301 965 3399 ipsum
985 3316 1104 3400 aperto
1124 3298 1271 3399 quidem
1286 3325 1343 3369 ve-

322 3417 437 3490 ritatis
455 3416 591 3491 lumine
611 3417 774 3518 fraudat)
797 3418 910 3490 omnis
930 3418 1077 3518 quidem
1103 3417 1215 3490 lector
1234 3416 1342 3488 subti-

323 3536 351 3610 li
369 3537 515 3612 studens
536 3538 653 3611 animo
674 3538 891 3611 multimodis
904 3540 951 3639 (c)
965 3538 1066 3611 latini
1084 3537 1253 3610 sermonis
1271 3537 1343 3609 vias

324 3655 525 3746 intentare,
541 3657 740 3731 consideret
760 3658 796 3729 in
817 3657 938 3759 primis
959 3658 1068 3758 ipsius
1088 3657 1253 3731 orationis
1272 3658 1343 3729 vim

326 3794 432 3880 atque
451 3797 616 3853 naturam
637 3811 649 3877 3
667 3781 697 3852 si
718 3797 835 3854 tamen
856 3808 918 3881 pro
938 3782 1131 3856 subtilitate
1156 3799 1262 3880 atque
1287 3783 1346 3853 lra-

327 3946 333 3961 ο
407 3959 446 4023 (a)
461 3963 517 4012 cod·
529 3973 607 4009 trtum.
649 3962 689 4026 (b)
706 3968 742 4008 lta
759 3966 812 4014 eorl.
829 3968 858 4010 Et
874 3966 968 4026 quidem
985 3965 1124 4026 paulopost
1141 3967 1244 4026 legemus
1254 3971 1332 4028 firrr'o.

331 4035 423 4106 (c)1u
440 4045 508 4104 quui
531 4041 697 4090 advcrIdaliter
718 4044 799 4093 codun.
814 4052 873 4092 uun
890 4062 932 4107 pro
949 4040 1123 4094 multimodus?
