3382 5206
384 572 452 671 Ι96

349 700 391 754 xit
416 700 547 770 Vergilius
566 729 581 740 ·
596 701 664 770 quin
682 718 773 772 aspera
791 702 837 752 lu·

348 789 469 843 no-hic
487 806 595 861 rspms.
615 806 648 842 an
667 806 836 861 noemma

348 898 427 952 asper
445 880 532 935 fecere
545 877 663 939 debenti
681 883 769 952 Quare
786 880 837 933 ltoc

345 986 480 1024 monemus
499 970 573 1041 quod
595 985 777 1042 quaecumque
790 987 835 1024 no-

343 1060 416 1112 mint
434 1060 536 1128 generis
554 1058 675 1113 feminini
696 1077 730 1115 er
747 1060 835 1130 specie

343 1163 392 1200 rut
420 1146 549 1201 voeabula
577 1147 723 1199 masculine
750 1143 836 1197 iacere

341 1242 462 1304 possunt.
472 1233 538 1286 haec
547 1233 637 1287 eadem
645 1230 772 1286 vocabula
781 1248 834 1282 rna·

341 1321 446 1374 sculint
469 1322 492 1375 si
519 1321 547 1374 in
570 1320 691 1392 quolibet
716 1337 779 1372 cusu
800 1317 834 1370 ab

339 1407 444 1462 hisdem
460 1408 612 1463 nominibus
635 1409 736 1478 generia
755 1408 831 1461 femi-

305 1488 310 1493 *
341 1497 399 1552 nini
425 1496 523 1552 minori
541 1515 648 1552 numero
671 1495 833 1567 syllabarum

341 1585 488 1640 oomtitutt
526 1603 581 1640 etse
611 1586 798 1658 repperiuntur
823 1622 831 1643 ,

338 1671 406 1726 herc
425 1690 568 1743 numquam
588 1673 617 1726 in
634 1672 755 1744 quolibet
767 1691 829 1726 casu

339 1759 368 1814 iu
386 1760 481 1815 ultime
499 1760 540 1814 vel
557 1772 618 1832 port
638 1760 757 1814 ultimum
774 1760 831 1828 syl-

243 1886 245 1891 .
337 1846 426 1901 lubun
443 1866 491 1920 per
510 1848 656 1918 geminatus
680 1856 827 1901 consonen-

338 1944 378 1988 ωε
395 1934 566 2004 scribuntur,
579 1944 605 1988 et
625 1935 686 1988 idco
705 1932 739 1985 ub
759 1952 831 2006 espe-

270 2047 275 2069 ι
338 2039 368 2075 rt
386 2040 479 2095 asprua
503 2023 560 2076 fleri
586 2021 752 2094 prohibetur.
792 2022 829 2074 At

339 2126 401 2163 vero
419 2107 454 2162 ub
472 2126 583 2180 aspere.
601 2108 645 2162 liic
665 2125 773 2180 asperus
794 2125 828 2159 tn

338 2214 414 2269 asper
441 2195 548 2251 dicator
569 2232 577 2254 ‚
603 2196 654 2250 hoc
681 2197 709 2249 in
732 2206 828 2248 natura

337 2284 499 2355 syllabarum
512 2294 681 2358 conpetenter
704 2283 830 2338 trrcttbi-

337 2390 403 2428 mus.
422 2373 499 2426 Nunc
516 2372 567 2426 lioc
584 2389 733 2430 monemus,
756 2371 780 2424 si
801 2370 828 2422 in

335 2461 387 2515 hac
401 2461 483 2516 forme
502 2461 604 2530 generis
617 2459 739 2515 feminini
752 2494 759 2516 .
773 2473 827 2527 qua

337 2550 454 2604 diximus
483 2548 601 2603 ablativo
634 2565 696 2602 casu
725 2546 827 2600 numeri

336 2639 478 2709 singularis
496 2639 602 2692 nomini
616 2656 652 2689 ·a·
667 2639 757 2691 littera
776 2647 826 2690 tor·

337 2724 452 2783 minori,
466 2736 493 2779 ct
512 2723 677 2777 nominetivo
695 2739 756 2775 cusu
775 2740 827 2774 nu-

333 2811 398 2865 meri
415 2811 556 2880 singularis
574 2829 611 2863 ·a·
627 2810 718 2864 litters
736 2809 826 2863 defini·

333 2900 376 2958 ri.
393 2899 466 2971 quod
478 2917 510 2953 ex
522 2917 553 2952 cr
571 2917 651 2969 quarn
666 2900 754 2970 plures
767 2900 826 2954 coni

332 2987 381 3043 hoc
391 2999 431 3042 est
446 2988 639 3059 quamplurima
653 2988 760 3041 nomino
769 3006 826 3059 poo-

331 3075 386 3130 siut
404 3075 536 3130 exhiberi.
562 3079 602 3130 De
620 3075 701 3130 forma
722 3076 824 3144 generis

328 3161 467 3222 seminini,
485 3181 539 3233 qua
563 3163 682 3219 oblativa
701 3181 763 3218 casu
777 3183 824 3215 nu-

329 3254 394 3306 meri
413 3254 554 3321 singularis
572 3255 678 3307 nomina
692 3274 729 3308 ·a·
748 3256 823 3309 litte-

329 3360 359 3393 ra
372 3344 557 3401 terminantur,
566 3355 593 3396 et
607 3345 770 3397 nominativo
782 3362 822 3396 ca·

325 3448 356 3483 su
383 3431 485 3484 numeri
511 3432 652 3496 singularis
672 3452 708 3484 ·a·
730 3433 820 3486 littera

326 3517 490 3572 deliniuntur
507 3554 515 3573 .
536 3532 665 3588 quantum
686 3521 754 3573 ratio
773 3539 819 3590 po·

325 3605 619 3664 scebantractavimus.

517 3713 552 3749 ns
581 3714 631 3747 oi·

357 3783 544 3854 Quaecumque
553 3787 658 3837 nomina
671 3788 771 3851 generis
783 3787 817 3839 le·

322 3867 419 3924 minini
436 3871 626 3926 ablativocusu
645 3873 746 3926 numeri
760 3876 818 3927 sin-

323 3959 423 4028 gularis
431 3977 469 4010 ϊ
480 3958 570 4012 littera
584 3961 775 4017 terminantur.
788 3974 816 4015 ct

280 4068 288 4081 ·
320 4047 486 4105 nominativo
499 4064 563 4105 casu
576 4051 680 4105 numeri
700 4048 814 4121 singula·

628 597 885 650 calumnieris
910 595 1111 649 vtutcanus

892 703 984 754 ris-ir·
999 702 1097 757 litteris
1116 704 1239 758 discretis
1249 703 1385 756 deliniun-

888 802 931 844 tur
951 827 959 848 .
978 802 1009 846 ut
1027 804 1092 863 puts
1122 791 1155 844 ub
1174 793 1225 845 lrac
1251 793 1384 852 miseric.

887 881 951 932 hacc
963 880 998 932 ed
1010 879 1061 933 hoc
1075 881 1225 953 exemplum
1244 882 1384 935 declinan-

887 979 943 1020 tur:
954 967 1058 1029 numeri
1069 967 1211 1036 singularis
1222 1005 1229 1026 ‚
1246 969 1312 1021 haec
1336 968 1385 1020 mi·

886 1054 970 1113 scria,
984 1056 1062 1110 huius
1074 1056 1195 1110 miseriae
1206 1094 1213 1114 .
1227 1057 1291 1111 huic
1303 1057 1382 1110 mise·

886 1145 943 1196 riae
954 1180 961 1201 .
981 1144 1049 1196 hunc
1068 1145 1198 1196 miceriam
1209 1180 1215 1201 ‚
1230 1143 1363 1196 omiseris
1374 1180 1382 1201 ‚

886 1232 920 1284 ab
943 1233 993 1284 huc
1022 1233 1143 1286 miserior
1168 1234 1268 1287 numeri
1289 1234 1382 1304 plura·

886 1321 919 1373 lis
930 1358 937 1377 ‚
949 1320 1000 1374 hae
1010 1321 1145 1380 miseriae,
1155 1321 1378 1375 harum'miscris·

885 1423 964 1464 rum,
992 1409 1035 1461 his
1059 1409 1195 1467 miseriis,
1218 1409 1268 1462 has
1300 1410 1381 1461 mise·
1469 1458 1474 1468 ,

885 1494 938 1546 ries
948 1531 956 1551 .
967 1514 983 1548 o
993 1495 1114 1547 miseriae
1125 1504 1136 1550 .'
1146 1495 1181 1546 ab
1195 1495 1238 1548 his
1254 1495 1380 1549 miseriis·

883 1582 925 1632 Sic
942 1592 969 1635 ct
987 1582 1039 1635 ulia
1062 1583 1162 1650 generis
1186 1581 1307 1635 feminini
1329 1601 1378 1636 uo-

883 1670 973 1726 mina,
992 1687 1062 1740 quse
1076 1669 1194 1724 ablativo
1208 1689 1270 1724 casu
1289 1689 1380 1723 nume·

882 1756 905 1808 ri
934 1757 1075 1824 singularis
1101 1775 1138 1809 ιιι·
1164 1758 1253 1810 litters
1282 1759 1376 1811 termi-

882 1856 994 1902 nantur.
1007 1855 1036 1899 ct
1058 1845 1221 1900 nominativo
1243 1862 1304 1898 casu
1325 1865 1378 1899 nu-

881 1932 944 1984 meri
968 1932 1110 2000 singularis
1131 1932 1181 1984 ·ia·
1200 1931 1299 1984 litteris
1325 1951 1379 1986 non

882 2022 929 2075 ·iu·
943 2023 1045 2092 sylleba
1058 2023 1238 2079 deliniuntur,
1248 2023 1282 2074 ud
1291 2040 1377 2075 excru-

880 2110 951 2182 plum
978 2111 1099 2165 miseriae
1117 2130 1163 2184 per
1182 2130 1272 2167 omnes
1297 2129 1375 2166 casus

881 2202 1057 2256 declinantur·

917 2288 994 2341 Nunc
1014 2287 1042 2339 in
1060 2286 1111 2338 hac
1136 2288 1291 2358 supradicta
1319 2288 1374 2343 sor-

881 2393 923 2428 ma
936 2376 986 2427 hoc
999 2366 1160 2434 monemus,
1186 2377 1258 2444 quod
1288 2395 1373 2451 quae-

879 2480 993 2534 cumque
1028 2464 1136 2516 nomina
1166 2465 1267 2531 generis
1297 2465 1373 2518 scili-

878 2560 920 2604 cet
943 2548 1063 2602 feminini
1084 2550 1312 2621 unumquemlibet
1331 2570 1373 2603 ca·

878 2652 934 2688 suni
953 2636 985 2688 ad
1006 2635 1115 2690 formum
1138 2639 1257 2689 miseriae
1284 2637 1370 2691 iacere

878 2721 1053 2776 inveniuntur
1063 2761 1069 2781 .
1080 2724 1145 2777 haec
1155 2724 1247 2778 dativo
1256 2736 1283 2778 et
1298 2725 1370 2778 ubla-

879 2813 936 2864 tivo
962 2828 1024 2864 casu
1050 2813 1152 2864 numeri
1178 2812 1287 2883 pluralis
1313 2827 1373 2884 post

878 2900 998 2952 ultimam
1019 2910 1204 2952 consonantem
1233 2919 1278 2971 per
1303 2902 1370 2955 duas

878 2985 909 3036 ·i·
936 2986 1027 3038 littero
1052 2985 1215 3039 scribuntur.
1242 2989 1310 3041 Sene
1341 2990 1369 3042 in

876 3073 927 3124 hac
944 3073 1097 3144 supradicta
1115 3073 1197 3126 forma
1211 3073 1261 3128 hoc
1277 3095 1367 3130 mono-

875 3184 932 3218 nms
956 3202 963 3222 ,
991 3166 1063 3235 quod
1090 3167 1140 3218 hoc
1165 3185 1247 3219 unuin
1275 3188 1367 3223 nomen

875 3264 993 3309 tantum,
1008 3253 1101 3306 idest·
1112 3255 1166 3306 alia
1177 3283 1190 3295 -
1206 3273 1286 3324 quam
1307 3275 1367 3308 ma·

873 3344 943 3396 ximo
957 3354 1063 3414 proptor
1082 3353 1229 3397 structuras
1245 3347 1366 3411 genetivo

870 3442 897 3483 et
916 3432 1008 3483 dativo
1026 3448 1088 3482 casu
1106 3434 1206 3484 numeri
1220 3434 1365 3499 singularis

871 3521 909 3572 sic
929 3519 1046 3573 anomale
1066 3524 1247 3573 confirmatum
1262 3523 1298 3574 sit
1317 3525 1366 3575 ilc·

870 3606 991 3663 ciiuari.
1020 3607 1068 3659 lioc
1100 3618 1140 3660 est
1168 3609 1248 3659 liuius
1275 3610 1367 3668 alius,

869 3695 931 3747 huic
959 3695 1030 3756 alii;
1064 3708 1091 3748 at
1117 3715 1177 3750 vero
1197 3716 1244 3769 per
1264 3711 1364 3752 ceteros

869 3801 944 3834 casus
968 3783 1001 3834 ud
1020 3802 1111 3835 sonum
1131 3785 1251 3837 miseriae
1265 3784 1364 3839 debeat

869 3871 1005 3923 declinari·
1035 3872 1211 3924 nuncetiam
1231 3875 1281 3927 lroc
1308 3894 1367 3927 mu-

868 3981 979 4021 nemus.
1007 3964 1080 4034 quod
1104 3964 1287 4033 supradictum
1314 3983 1365 4017 no-

868 4069 927 4105 mcn
942 4061 1050 4122 propter
1067 4061 1149 4104 metra
1165 4052 1193 4104 in
1206 4051 1308 4105 hisdem
1321 4070 1365 4105 su·
