3382 5206
567 573 632 639 δοῦ
839 599 866 646 a
891 594 1070 648 tronum
1094 598 1267 651 metucns

541 700 642 770 usit:
671 723 752 792 quas
778 699 885 773 decies
909 722 1041 797 septena
1068 702 1213 774 bellicosi
1238 700 1449 775 ffirohhal,
1472 702 1577 771 idest

541 804 732 895 Gedeouis‚
824 813 934 902 genies
958 839 978 880 a
999 811 1140 884 ueisudo
1164 812 1362 881 Alimelacla
1389 808 1579 907 tyrannide

540 913 648 1000 potius
672 937 772 1005 quam
787 912 935 1006 legitima
953 918 1111 1010 regnandi
1130 917 1324 986 monarchia
1348 917 1517 986 subnixos
1535 929 1572 982 et

545 1021 779 1110 consaguineae
804 1026 1028 1116 germanitatis
1052 1027 1144 1111 iura,
1162 1041 1195 1091 et
1217 1021 1572 1092 deroue'l'raternita-

543 1126 584 1192 tis
599 1127 728 1197 vincula
741 1128 942 1222 lymphatico
954 1133 1021 1199 ritu
1035 1149 1217 1225 rumpente,
1228 1133 1264 1200 in
1275 1133 1399 1202 sertim
1412 1130 1573 1223 scopulo-

543 1255 636 1319 rum,
653 1234 806 1305 horribili
823 1255 855 1305 et
877 1239 1026 1307 inaudita
1046 1241 1262 1308 anterioribus
1276 1239 1417 1307 usculis
1435 1258 1570 1333 strage,

549 1338 905 1421 crudeliter-interiecta
914 1343 1144 1435 praefigurasse
1159 1357 1367 1409 monstratur.
1384 1339 1452 1408 Cui
1466 1364 1574 1433 prop-

547 1456 599 1508 ter
611 1441 681 1510 dira
694 1445 948 1536 parricidiorum
960 1445 1101 1538 piacula,
1112 1462 1144 1516 et
1152 1444 1371 1514 abomimda
1382 1443 1574 1514 sacinmuta

547 1544 687 1638 flagitia,
706 1574 914 1644 nequaqnam
929 1550 1049 1619 frustra
1066 1552 1244 1621 tentionem
1258 1547 1477 1618 rhamnorum
1493 1575 1569 1617 sur·

546 1654 639 1721 culus
659 1655 721 1721 suls
751 1673 826 1748 typo
853 1659 1051 1749 spurcissimi
1076 1676 1109 1727 et
1125 1658 1250 1728 rocleni
1269 1656 1496 1743 Antichristi,
1521 1658 1568 1724 als

549 1760 695 1828 loatham
721 1783 850 1855 sumpto
878 1767 1102 1860 paradigmate
1122 1764 1400 1850 adsimulabitur,
1426 1767 1477 1833 uti
1503 1766 1571 1832 llo-

546 1863 675 1932 rnlenta
701 1870 884 1937 caricarum
910 1870 1050 1941 liculnea
1073 1871 1238 1964 simulque
1264 1871 1474 1962 pampinosae
1495 1870 1571 1937 vitis

547 1968 694 2060 palmites
723 1980 802 2042 cnm'
824 1977 1044 2068 glaucimante
1076 1977 1196 2047 oliveto
1222 1979 1324 2068 spreti
1347 1984 1477 2067 sceptra
1507 1978 1574 2043 im·

547 2075 631 2161 perii
657 2079 823 2169 suscipere
853 2098 1077 2149 renunes-unu
1107 2081 1197 2174 quod
1224 2083 1322 2147 etiam
1349 2078 1598 2146 obumbratae·

544 2184 738 2277 antiquitate
753 2186 831 2282 legis
844 2237 855 2273 ,
868 2188 1108 2279 subductaque,
1119 2186 1231 2278 putida
1245 2185 1408 2278 pecudum
1420 2203 1493 2253 esta
1509 2184 1574 2255 oli·

547 2288 673 2384 dasque
698 2291 797 2362 fibras
821 2294 942 2365 inlexit·

618 2400 661 2469 Et
673 2400 765 2469 radio
774 2401 865 2468 rudis
882 2403 1063 2470 testamenti
1078 2416 1268 2483 coruscante
1277 2448 1288 2484 ‚
1297 2398 1501 2488 Redemptor
1515 2422 1572 2463 no·

550 2522 617 2574 ster
631 2504 758 2578 caelesti
772 2506 995 2593 claviculario,
1011 2506 1052 2575 dc
1066 2530 1131 2598 quo
1143 2515 1250 2595 poi‘ta:
1265 2503 1403 2596 elitiger
1416 2554 1427 2588 ‚
1438 2504 1571 2594 inquit»

550 2611 720 2681 aethereus
733 2629 860 2703 portam
875 2613 932 2704 qui
944 2609 1058 2701 pandit
1070 2613 1104 2677 in
1114 2610 1240 2694 aethra,
1250 2609 1427 2677 sciscitanti
1441 2610 1573 2698 quoties

552 2715 817 2811 delinquentibus
830 2740 984 2783 noxarum
997 2716 1124 2783 vincula
1134 2706 1304 2783 enodanda
1312 2711 1434 2796 forent,
1442 2736 1575 2801 respon·

553 2820 621 2905 dit,
634 2819 814 2889 uonsolnm
827 2845 931 2912 usque
942 2824 1057 2912 septies
1070 2819 1127 2888 sed
1140 2818 1321 2910 septuagies
1328 2816 1465 2906 septies,
1475 2815 1513 2880 id
1524 2832 1574 2881 est

552 2926 768 3018 quinquagies
782 2928 903 2993 noveni
913 2944 945 2993 ct
959 2926 1131 3018 quinquies
1145 2926 1265 2992 octonis
1277 2946 1360 3013 quae
1372 2918 1470 2986 simul
1483 2921 1522 2985 in
1533 2944 1577 2984 u·

552 3055 628 3099 nam
651 3031 782 3099 redacta
798 3055 960 3099 summam
976 3020 1197 3123 qnsdrigentis
1215 3047 1248 3096 ct
1265 3026 1443 3120 nonaginta
1459 3020 1576 3091 calcu·

551 3136 673 3204 lantur.
689 3138 851 3206 Undecies
865 3161 999 3229 quoquc
1009 3136 1209 3227 septenariae
1221 3133 1439 3228 generationis
1453 3155 1576 3222 propa·

551 3267 591 3336 go
603 3244 645 3309 ab
661 3259 736 3310 ortu
751 3245 909 3311 nascentis
930 3241 1046 3337 mnndi
1067 3258 1281 3311 concatenata
1295 3237 1506 3308 fecunditatis
1522 3262 1579 3302 se·

551 3349 598 3414 rie
623 3347 819 3416 decurrens,
837 3364 1007 3438 postquam
1024 3344 1226 3438 originaliter
1244 3345 1399 3412 materiae
1421 3338 1575 3410 informis

556 3455 709 3524 formatas
721 3454 844 3544 specics
862 3478 922 3544 per
936 3450 1158 3522 resolventem
1175 3453 1303 3521 dierum
1320 3450 1578 3517 alternationem

555 3566 695 3654 accepit,
704 3586 801 3654 usque
814 3560 857 3627 ad
868 3559 1013 3630 caelestis
1025 3561 1191 3651 puerperii
1201 3556 1383 3628 veneranda
1394 3553 1575 3623 cunabulae

555 3671 633 3739 hnic
653 3669 805 3763 mysterio
820 3667 1021 3736 concordare
1034 3669 1256 3760 cognoscitnrs
1270 3690 1369 3757 quam
1383 3664 1580 3733 antiochen·

550 3781 593 3846 sis
607 3777 752 3845 medicus
763 3826 774 3862 ,
785 3778 995 3864 incorruptae
1011 3775 1202 3865 virginitatis
1216 3772 1376 3863 pudicitia
1390 3768 1579 3860 praeditus,

559 3903 669 3955 terere
692 3908 710 3949 a
733 3881 825 3974 prole
849 3879 1034 3948 veneranda
1055 3881 1115 3947 Dei
1136 3879 1311 3961 inchoans,
1332 3901 1392 3967 per
1414 3892 1578 3964 nepotum

560 4012 593 4062 et
614 4010 832 4085 pronepotum
849 3991 1035 4080 progeniem
1056 3989 1217 4081 gradatim
1238 3984 1414 4079 perduxit,
1437 4005 1580 4050 avorum

588 4121 761 4193 suavorum
785 4092 953 4190 'g'euimina
969 4093 1225 4182 denominans,
1251 4116 1289 4162 ac
1318 4112 1378 4183 per
1403 4103 1518 4157 atavos
1549 4105 1585 4158 at
