3382 5206
338 579 421 659 ,160

318 703 472 764 docuimus.
483 704 564 758 etiam
577 722 648 760 nuno
660 722 808 762 monemur.

321 794 372 850 hoe
388 806 445 852 ert.
464 804 495 847 ut
518 792 698 848 absolutorum
722 793 811 848 nomi·

321 899 385 935 nuru
399 880 554 934 conicienda
565 880 621 934 sint
638 898 731 950 genere
743 899 749 931 :
761 880 811 933 sci-

322 968 474 1040 licetquia,
484 968 564 1023 sicuti
582 969 634 1022 itm
649 986 729 1040 supra
742 969 811 1021 dixi·

322 1078 396 1116 mur,
409 1077 463 1112 non
480 1075 580 1129 semper
598 1060 687 1112 omnin
704 1057 811 1112 uomina

322 1145 442 1201 absolute
460 1144 598 1215 opposite.
624 1145 673 1197 hoc
691 1155 752 1200 est.
771 1144 811 1197 si-

322 1245 368 1287 eut
387 1234 439 1286 inm
458 1234 589 1290 diximus,
601 1233 657 1285 sino
674 1249 736 1285 cusu
748 1266 755 1289 .
769 1232 810 1284 vel

321 1339 428 1390 genere,
448 1330 495 1373 eut
514 1337 624 1373 numero
641 1318 745 1390 posite.
764 1334 809 1389 per

323 1425 412 1462 omues
435 1425 509 1461 curus
535 1425 588 1460 uno
606 1422 698 1474 genere
720 1422 812 1477 perse-

320 1507 424 1555 verant.
451 1496 626 1550 nuncetiam
649 1495 699 1548 hoc
720 1511 811 1547 moue-

320 1603 378 1639 mur
393 1622 401 1643 .
419 1585 492 1656 quod
511 1587 566 1637 sint
592 1584 697 1654 aliqui,
716 1581 764 1652 qui
782 1591 810 1634 et

321 1675 396 1746 quod
414 1673 499 1728 tribur
518 1671 656 1741 generibus
673 1669 810 1728 convenit.

322 1761 423 1828 generis
448 1759 593 1814 eommunis
622 1775 678 1812 esse
702 1757 810 1814 velint.

320 1850 371 1905 hoc
389 1860 446 1909 est,
458 1861 490 1903 ut
508 1859 635 1918 quattuor
654 1865 748 1915 genera
763 1865 810 1901 no·

321 1941 423 1993 minum
450 1951 553 1993 tuntum
580 1954 636 1990 esse
661 1935 811 1988 definiunt:

322 2029 369 2082 red
381 2027 410 2080 hi
427 2027 451 2080 si
470 2027 599 2079 rationem
617 2025 751 2075 metricam
768 2021 809 2076 roi

321 2126 514 2170 structurarum
542 2113 649 2177 legunt.
677 2105 754 2162 tune‘
766 2111 809 2161 iu-

323 2205 445 2272 tciiegent
457 2239 464 2261 .
478 2212 608 2274 quantum
620 2217 755 2252 commune
770 2215 812 2265 go·

324 2311 373 2346 nus
391 2309 407 2343 u
425 2307 520 2360 genere
537 2288 607 2343 omui
632 2289 758 2367 differat:
783 2298 811 2341 et

320 2380 396 2436 ideo,
414 2390 445 2432 ut
464 2377 583 2432 diximus
597 2414 603 2432 .
615 2377 687 2445 quod
706 2373 809 2429 duobus

322 2465 461 2536 generibus
479 2465 619 2521 convenit,
638 2462 739 2531 generis
757 2477 811 2514 esse

320 2556 477 2619 communiet
492 2555 565 2623 quod
580 2570 640 2605 vcro
653 2552 755 2608 tribus.
767 2569 809 2618 ge-

320 2647 391 2700 neris
418 2644 527 2700 omuisr
554 2642 656 2696 scilicet
684 2641 811 2711 quonium

320 2738 428 2804 propter
458 2730 588 2782 rationem
619 2739 810 2782 structurarum

323 2819 366 2873 vel
391 2817 525 2870 metricum
556 2833 659 2870 necesse
689 2828 754 2874 est,
781 2827 811 2870 ut

323 2903 474 2960 nominibus
498 2902 617 2974 quinque
644 2904 811 2970 generarint

323 2991 481 3046 necessaria.
494 2992 533 3042 De
546 3008 638 3058 genere
656 2990 790 3045 nominum
803 3029 811 3052 .

321 3090 452 3151 qurntum
472 3079 541 3132 ratio
559 3078 684 3151 poscebat
711 3116 719 3137 ‚
745 3081 813 3136 satir

321 3168 502 3224 verterimus·

457 3360 497 3417 ¹7·
518 3360 554 3400 ur
574 3360 689 3401 rreum.

323 3465 445 3589 Figura
472 3520 605 3574 nominum
627 3519 730 3576 duobus
749 3540 812 3577 mo-

322 3608 365 3662 dis
384 3609 566 3676 intellegitur.
590 3609 639 3664 hoc
662 3621 726 3670 est.
751 3613 809 3667 rim·

319 3696 380 3767 pler
394 3708 421 3750 et
433 3696 586 3766 composita.
597 3696 711 3769 Simplex
725 3700 808 3768 figura

319 3781 455 3835 nominum
469 3783 633 3853 intellegitur
647 3785 755 3854 quaudo
776 3805 810 3841 ex

321 3887 374 3923 unu
391 3881 467 3942 parte
485 3868 613 3927 orutr'unir
637 3884 743 3930 tautum
759 3894 809 3930 no-

599 598 855 651 annutritus
881 601 1083 655 vA‘rtcnnus

862 708 936 761 mint
956 708 1127 761 inveniuntur
1145 723 1200 762 esre
1218 708 1352 762 coustitu-

865 805 910 853 tt.
923 782 959 847 ut
967 805 1033 866 puta
1046 794 1108 848 felix
1123 794 1230 852 Cicero,
1241 794 1354 848 callidus

865 881 933 935 Cato
949 899 1035 954 puer,
1061 883 1101 935 sic
1125 893 1151 936 et
1170 893 1256 936 cetera
1275 882 1352 935 teliu·

864 968 977 1020 Nomina
995 985 1064 1039 quae
1081 987 1114 1022 ex
1132 980 1279 1039 unepnrte
1295 986 1353 1022 orn·

865 1054 946 1108 tionis
970 1067 1073 1109 tautum
1098 1040 1282 1127 repperiuntur
1299 1072 1355 1108 esse

865 1145 1030 1203 constituta,
1059 1144 1093 1196 ud
1121 1147 1230 1212 figuram
1249 1142 1355 1213 simpli-

865 1248 921 1284 cem
944 1249 1048 1288 necesse
1072 1243 1112 1286 est
1136 1243 1167 1284 ut
1190 1231 1352 1302 pertineant.

865 1320 1015 1392 Composita
1043 1324 1126 1390 figura
1151 1320 1285 1373 nominum
1310 1317 1356 1370 in-

866 1409 1019 1477 teilegitur‚
1038 1408 1146 1479 quando
1172 1426 1224 1460 non
1242 1424 1274 1458 ex
1301 1423 1355 1457 una

864 1507 941 1569 parte
959 1496 1088 1550 orationis
1103 1506 1205 1549 tantum
1220 1492 1356 1545 inveniun-

865 1594 910 1637 tur
921 1585 1027 1638 nomine
1039 1602 1094 1638 esse
1107 1584 1265 1638 constituta.
1280 1582 1356 1636 Cum·

866 1673 975 1743 ponitur
998 1684 1086 1725 antem
1110 1672 1245 1724 nominum
1270 1671 1355 1737 figura

865 1780 897 1816 ex
917 1762 1019 1829 integro
1036 1761 1077 1814 rel
1097 1761 1204 1828 integris
1222 1770 1249 1813 et
1267 1776 1355 1811 corru-

863 1860 919 1922 pto·
942 1850 1078 1916 Integrum
1105 1849 1145 1902 vel
1171 1847 1355 1914 integrarum

865 1957 935 2010 quae
962 1941 1031 1994 roias
1049 1950 1139 2011 partes
1157 1937 1284 1991 orationis
1305 1936 1354 1987 do-

864 2029 987 2097 siguunt.
1002 2039 1033 2081 ut
1046 2039 1112 2097 putu
1125 2063 1132 2085 .
1146 2027 1254 2079 Cicero.
1274 2033 1305 2075 tu
1315 2021 1357 2075 vei

865 2135 921 2185 ego.
932 2115 1092 2170 Haecverbu
1107 2115 1165 2171 ,sic
1177 2125 1207 2166 ut
1223 2125 1251 2166 et
1269 2121 1356 2164 cetere

866 2207 946 2263 talin.
960 2205 1071 2275 quoted
1084 2203 1151 2256 solus
1162 2213 1250 2273 partes
1259 2201 1356 2255 oratio·

865 2299 905 2352 nir
915 2297 1045 2370 pertinere
1059 2296 1244 2366 repperiuntur
1255 2328 1263 2349 ‚
1280 2293 1353 2345 inte-

867 2403 941 2453 grum
951 2386 990 2438 vei
1003 2384 1102 2450 integra
1114 2400 1169 2435 esse
1180 2380 1356 2452 pronuntiau-

867 2486 921 2528 tur.
932 2475 1091 2543 Corruptum
1116 2482 1203 2523 autem
1222 2468 1354 2537 estquod

867 2565 965 2616 nullam
980 2574 1080 2633 partem
1095 2561 1226 2615 orationis
1245 2560 1357 2612 demon·
1437 2572 1439 2576 “

866 2664 933 2707 stret
945 2664 976 2705 ut
991 2663 1055 2722 putu
1071 2649 1357 2719 desnos-uastantem·

865 2740 961 2811 pur-ti·
980 2757 1028 2794 su,
1045 2749 1072 2790 et
1091 2748 1177 2790 cetere
1192 2736 1271 2791 tulin,
1286 2753 1357 2805 quae

867 2827 902 2880 ed
920 2826 1019 2880 nullum
1033 2835 1133 2896 partem
1151 2822 1281 2877 orationis
1297 2839 1358 2874 con·

866 2917 956 2970 venire
986 2915 1178 2969 inveniuntur,
1201 2911 1235 2962 ad
1264 2927 1357 2963 corru-

866 3012 942 3074 ptum
961 3001 1093 3072 pertinere
1111 3000 1328 3070 pronuntiantur.

903 3091 979 3142 Nunc
997 3088 1123 3159 quonium
1141 3088 1207 3158 quid
1225 3089 1262 3140 sit
1292 3087 1362 3140 inte·

868 3195 959 3246 grum.
972 3178 1075 3247 etquid
1094 3177 1130 3231 sit
1149 3187 1300 3246 corruptum
1317 3193 1361 3228 ex·

867 3265 1015 3336 posuimus,
1026 3275 1053 3316 ct
1064 3265 1120 3317 ideo
1132 3269 1183 3316 iarn
1193 3263 1359 3334 quemadmo-

868 3355 931 3407 dum
941 3357 987 3407 fiut
997 3357 1078 3421 figure
1094 3355 1251 3424 composita,
1265 3353 1359 3407 docen-

868 3459 934 3495 mus·
957 3442 1109 3512 Composita
1126 3444 1208 3507 figure
1223 3443 1359 3496 nominum

865 3530 911 3584 fit,
927 3539 957 3581 ut
975 3529 1107 3587 diximus,
1132 3529 1234 3583 duobus
1253 3530 1358 3587 modis.

865 3617 915 3670 hoc
934 3629 993 3681 ost,
1007 3636 1038 3671 ex
1051 3619 1160 3685 integris
1172 3619 1228 3672 sive
1241 3620 1357 3687 integro.

865 3717 893 3760 et
907 3717 1046 3777 corrupto,
1060 3707 1106 3760 sod
1126 3707 1154 3758 hi
1173 3708 1271 3759 veriori
1292 3708 1361 3759 inter
1404 3720 1409 3726 ‘

865 3811 894 3846 se
913 3805 1033 3863 possunt·
1055 3793 1097 3865 (a)
1123 3794 1232 3846 Scilicet
1254 3797 1360 3848 uomina

868 3881 977 3950 figurem
1008 3881 1180 3952 compositum
1214 3882 1333 3937 efficiunt
1355 3922 1362 3944 .

365 4042 404 4114 (ι)
420 4045 478 4096 ced.
498 4052 587 4093 varran·
605 4054 670 4094 inter
687 4065 713 4094 re
733 4061 804 4111 prout
817 4062 881 4097 runt·
