3382 5206
1277 590 1321 662 05

566 734 862 820 HIBERNICI
892 734 1104 822 EXULIS
1254 589 1274 680 i
1370 763 1527 804 sum.

409 924 576 994 VERSUS
597 924 658 994 An
678 925 899 996 KAROLUM
923 926 1251 999 IMPERATOREM

480 1091 528 1145 rx
548 1093 775 1147 renierusro
794 1093 923 1147 conice
942 1093 1136 1148 vsnesno·
1152 1094 1192 1168 (t)

235 1310 240 1321 1
341 1241 366 1304 Ι.
385 1262 427 1308 oe
454 1263 671 1312 osrserronr
696 1262 870 1312 DASlLOrtts
894 1266 991 1314 nucis
1014 1263 1247 1314 suessionum
1273 1248 1334 1322 (²)··

330 1463 450 1596 Dum
469 1556 620 1620 proceres
639 1533 754 1600 mundi
776 1558 886 1624 regern
906 1558 1059 1601 venerare
1084 1533 1236 1600 videntur

328 1635 530 1702 Ponderibus
557 1638 651 1709 uastis
679 1639 825 1728 ingentio
851 1637 935 1705 dona
963 1637 1128 1723 serentes,

326 1740 524 1809 Immensum
545 1742 668 1832 argenti
698 1742 823 1834 pondus
845 1743 999 1834 fulgentis
1021 1761 1052 1809 et
1075 1745 1173 1827 ouri,

326 1846 538 1911 Gemmarum
563 1846 708 1915 cumulos
736 1873 826 1915 sacro
844 1852 982 1939 stipante
1001 1848 1160 1932 metallo,

327 1953 476 2040 Purpura
495 1951 699 2040 splendentes
726 1973 839 2022 aurnto
868 1945 1007 2044 tegmine
1035 1971 1162 2040 vestes,

328 2058 520 2147 Spumantes
546 2077 577 2126 et
598 2086 698 2153 equos
722 2063 807 2128 ssavo
828 2062 1007 2151 stringente
1033 2064 1171 2150 capistro

329 2163 444 2229 Ardua
467 2166 643 2235 barbarico
668 2185 828 2258 gestantes
854 2166 937 2235 colla
959 2167 1021 2234 sub
1047 2191 1151 2250 auro,

333 2268 452 2334 Annus
475 2269 610 2336 sublimi
626 2270 707 2338 haee
728 2271 890 2338 debentur
917 2295 1054 2338 munera
1072 2272 1166 2363 regi3

329 2378 389 2441 Dic
407 2376 488 2441 mihi
513 2400 597 2467 qnae
620 2378 745 2466 pariter
764 2375 938 2444 reddemus
967 2377 1097 2467 gennis
1124 2400 1233 2460 musa,

328 2483 379 2549 Ne
402 2482 483 2548 forte
511 2484 544 2547 in
564 2506 683 2547 vonum
708 2482 777 2572 regi
801 2485 925 2550 servire
952 2470 1105 2550 videntur

412 2683 458 2751 (t)
479 2683 526 2734 Est
544 2680 643 2736 saeculi
663 2680 742 2733 iernie
761 2679 876 2736 decimi,
903 2680 1022 2750 antiquis
1043 2678 1208 2750 poematibus
1228 2680 1333 2752 plenus.

414 2770 457 2838 (n)
479 2770 611 2822 Dasilonis
624 2787 670 2822 seu
688 2768 840 2822 Thasilonis
854 2771 943 2822 variae
961 2768 1122 2821 deiectiones
1143 2766 1189 2819 abs
1208 2769 1304 2839 Pipino
1322 2779 1351 2821 et

331 2877 344 2907 a
359 2859 455 2909 Karolo
468 2875 561 2924 magno
572 2893 579 2913 ‚
590 2857 743 2909 notissimae
752 2875 784 2908 ex
796 2856 917 2909 historiis
930 2856 1032 2909 illorum
1044 2867 1191 2925 ternpornsn
1203 2866 1273 2907 sunt.
1282 2855 1350 2924 Quis

330 2964 392 2996 voro
403 2944 483 2997 inerit
497 2944 541 2996 bie
557 2944 714 2997 Hibernicus
728 2944 787 2996 esui
801 2980 807 2998 .
820 2943 868 3013 qui
882 2944 986 3014 poetice
997 2943 1030 2995 de
1042 2942 1091 2994 hoc
1105 2951 1257 3007 argumento
1270 2944 1351 3012 scrip·
1388 2978 1396 2997 .

331 3032 382 3088 sit,
397 3031 667 3100 ignoroCeteroquin
681 3051 733 3084 vox
746 3032 812 3082 exiii
826 3031 960 3097 signifieat
979 3031 1109 3082 interdum
1129 3030 1294 3100 peregrinum
1306 3047 1352 3082 sen

331 3119 458 3170 nisenam
467 3155 474 3174 .
484 3138 536 3171 non
545 3118 632 3189 patris
644 3118 758 3189 pulsum.
766 3118 885 3187 lienique
896 3118 933 3170 ita
944 3136 971 3170 se
979 3119 1094 3189 appellat
1108 3115 1201 3188 p·330·
1209 3118 1290 3170 etism
1300 3117 1354 3170 Ab·

331 3206 365 3258 ho
375 3206 423 3275 qui
437 3225 452 3258 e
463 3206 550 3259 Gallis
560 3207 587 3257 in
597 3205 719 3273 Angiinm
734 3207 900 3258 transiverat·
911 3208 991 3258 Porro
1005 3218 1106 3275 quanto
1119 3205 1293 3259 Hibernorum
1303 3206 1354 3260 sub

331 3293 493 3360 Karoiingiis
514 3293 540 3345 in
560 3293 673 3346 Gallieni
692 3293 837 3346 multitudo
856 3294 979 3348 venerit,
995 3296 1071 3346 tostis
1089 3305 1131 3348 est
1150 3295 1230 3351 etism
1244 3294 1355 3348 Hericus

331 3381 472 3435 monachus
488 3383 514 3435 in
527 3383 638 3452 epistota
653 3384 686 3434 sd
700 3383 825 3435 Korolnm
839 3382 949 3435 Calvum
966 3383 1035 3455 opud
1050 3384 1167 3436 Bolinnd.
1185 3384 1231 3435 inl.
1245 3384 1279 3436 Τ.
1295 3384 1355 3435 vlt.

330 3492 355 3543 p·
375 3488 433 3524 922.
455 3469 530 3533 Quid
547 3472 706 3521 Hiberniam
725 3488 884 3522 memorem.
903 3483 1052 3540 contempto
1076 3473 1174 3543 pelagi
1194 3471 1354 3523 discrimine

325 3577 412 3629 poesie
433 3570 510 3609 totam
530 3576 590 3608 enm
610 3575 696 3630 grege
711 3556 932 3627 philosophorum
946 3557 986 3607 od
1003 3559 1100 3609 littora
1120 3571 1215 3609 nostro
1235 3562 1356 3631 migrau-

330 3643 404 3697 tem?
422 3664 539 3717 quorum
559 3646 689 3718 quisquis
709 3649 827 3716 peritior·
848 3657 906 3700 est,
926 3647 1002 3698 uitro
1027 3649 1080 3699 sibi
1098 3648 1200 3699 indicit
1217 3648 1355 3703 exilium.

329 3745 361 3783 ut
386 3735 524 3786 Salomoni
548 3734 744 3802 sapientissimo
765 3733 884 3800 (Karolo
909 3731 986 3799 regi)
998 3734 1160 3803 stimuletur
1183 3732 1224 3784 od
1248 3744 1354 3784 votum.

330 3819 708 3888 dicuinsssqiioqueep.221·
724 3818 778 3870 nit:
798 3818 948 3870 doctissimi
961 3819 1085 3868 solebant
1100 3821 1231 3887 niagistri
1247 3818 1282 3869 de
1301 3818 1355 3869 tti-

327 3911 423 3959 iierin'o
446 3909 639 3962 Britanniam,
663 3907 803 3961 Galliam.
825 3906 934 3957 ltaliam
954 3912 1058 3958 venire.
