3382 5206
1003 450 1019 479 Χ

273 489 340 581 394
540 486 590 563 ‘a
616 516 806 565 eruentem
833 520 940 568 carsrr

255 617 434 687 Arsenicon
454 623 570 688 teritur
593 624 701 690 iuncto
726 628 838 715 pipere
858 628 1031 720 boloque,

251 723 307 792 Sic
330 729 469 815 positum
490 753 617 816 pennae
639 732 797 819 perflatur
819 752 948 823 gutture
976 758 1085 801 rauco.

540 939 614 1007 Vll.
641 961 684 1008 na
710 959 779 1009 uva
803 963 985 1011 corruens.

260 1078 318 1214 U
320 1172 357 1211 va
380 1147 513 1218 madens
533 1174 606 1216 cunr
624 1149 706 1219 forte
729 1151 864 1219 modum
882 1175 949 1219 non
966 1155 1108 1221 eontinet
1124 1153 1254 1244 ipsum,

251 1252 453 1347 Extillatque
470 1279 583 1346 graves
607 1257 822 1351 putridasque
844 1261 877 1325 in
900 1282 1037 1348 corpore
1056 1276 1185 1349 guttas,

251 1355 481 1450 Pulmonisque
504 1360 590 1428 leves
615 1366 757 1431 terebrat
781 1364 865 1431 male
889 1363 1019 1429 sordida
1043 1388 1187 1452 pennas,

251 1461 402 1532 Siccatur
417 1468 515 1534 simili
523 1473 630 1576 hcitins
653 1471 692 1539 de
713 1471 848 1561 pulvere
866 1495 1022 1562 grassans.
1047 1542 1051 1551 ,

488 1679 579 1748 Vlll.
608 1703 649 1747 nn
676 1704 835 1750 runuonr
861 1700 1027 1748 contnuo.

252 1816 379 1974 Saepe
400 1888 509 1976 vigens
531 1887 672 1955 hominia
695 1892 843 1980 quatitur
866 1892 913 1955 vis
936 1892 1002 1978 ipsa
1023 1887 1188 1968 thoracis,

251 1988 406 2055 Cernitur
429 2008 460 2056 et
485 1989 590 2057 diram
613 1992 723 2061 multis
749 1993 919 2061 intendere
943 2012 1091 2059 mortem.

247 2093 281 2163 Si
306 2097 396 2184 cupis
420 2119 496 2185 ergo
517 2121 649 2188 aegrum
674 2100 760 2164 curis
784 2099 926 2189 repolire
947 2098 1141 2179 thoracem,

249 2201 323 2268 Non
345 2203 453 2293 pigeat
478 2206 580 2271 varias
602 2205 781 2273 herbarum
803 2228 939 2273 cernere
960 2227 1064 2269 curas.

250 2304 338 2371 Lana
363 2307 495 2375 madens
510 2308 609 2391 oleo,
632 2335 690 2377 nec
712 2335 780 2377 non
802 2335 896 2378 sucus
914 2306 1000 2376 foeni
1024 2306 1158 2396 graeci,

249 2411 338 2479 llaec
357 2431 509 2501 reparant
526 2413 756 2498 stomachum,
777 2414 870 2482 datus
888 2430 1047 2503 potusque
1072 2409 1244 2499 myricae,

250 2517 438 2587 Bettonieae
463 2518 584 2587 celebri
611 2522 750 2588 sociatur
773 2520 916 2587 brassica
941 2517 1099 2609 grandis,

248 2622 421 2710 Raphanus
443 2649 479 2691 er
503 2624 629 2708 mulsa,
652 2624 777 2690 dandus
799 2624 896 2714 prasii
919 2646 1050 2713 quoque
1072 2642 1177 2687 sucus.

249 2724 397 2794 Sentitur
420 2746 452 2795 et
475 2728 613 2795 celebris
640 2730 737 2821 digne
758 2729 954 2819 lelisphagus
978 2726 1110 2807 herba,

249 2828 373 2895 Ultima
396 2833 441 2897 sic
467 2832 600 2898 dabitur
622 2858 756 2925 magnae
781 2834 905 2900 curatio
933 2830 1023 2897 cedri
1046 2829 1059 2917 (
1085 2831 1108 2918 ).

534 3047 596 3112 IX.
622 3069 663 3113 na
689 3068 806 3115 connis
831 3065 978 3114 nonore.

253 3188 363 3324 Cum
386 3257 479 3325 dolor
499 3261 630 3327 insanus
650 3258 747 3326 lateri
764 3254 957 3350 praecordia
975 3252 1105 3344 pulsat,

248 3363 289 3429 Et
313 3361 419 3429 cordis
442 3361 543 3429 fibras
561 3362 703 3431 multum
727 3361 821 3430 dolor
843 3362 931 3451 angit
954 3358 1118 3440 acerbus,

247 3469 325 3533 llira
347 3470 466 3536 lluenta
491 3472 602 3537 iuvant
622 3474 731 3537 iuncta
751 3470 870 3536 virtute
893 3464 1017 3534 coralli.

246 3573 330 3639 Dein
353 3575 508 3664 pipinella
531 3576 611 3645 levis
633 3577 775 3644 sociatur
794 3575 864 3641 iure
883 3569 1051 3639 marathri.

246 3678 403 3748 Sizaduar
426 3685 574 3772 capitur,
595 3709 654 3750 uec
679 3708 744 3750 non
771 3697 916 3749 tanaceta
938 3675 1066 3759 virilis,

243 3785 332 3867 Quae
357 3802 388 3852 et
406 3787 495 3854 sedat
519 3786 626 3855 sebres
649 3786 821 3875 cordisque
849 3808 973 3854 venena
994 3780 1149 3871 repulsat.

329 3918 371 3990 (1)
392 3921 507 3991 Uterque
530 3924 611 3977 codex
626 3926 737 3997 pigrae.
758 3922 812 3989 Ego
832 3918 911 3973 cedri
930 3917 1042 3990 scripsi.
1063 3913 1207 3985 respiciens
1227 3913 1261 3963 ad

248 4002 362 4059 Plinium
382 4008 440 4060 vat.
460 4009 506 4065 lib.
525 4012 558 4066 ll,
581 4031 603 4065 ι.
