3382 5206
361 575 410 650 92
684 569 689 579 ¹
727 569 878 624 aarum
903 571 960 621 vu.

331 689 383 756 ito
414 709 490 756 non
521 665 650 776 inest3
680 680 836 781 absque·
864 708 948 755 vero
977 680 1022 754 ad
1043 682 1237 782 'duplicem
1268 710 1348 756 sen·

334 830 416 877 sum
441 801 635 902 pertinet,
662 800 736 874 sive
764 801 843 875 eius
869 802 925 875 rei
951 830 1024 904 qua
1050 802 1132 903 quis
1160 802 1200 876 in
1227 821 1348 877 totum

335 936 452 995 caret:
472 937 515 993 ut
538 918 614 993 dici
638 918 757 1009 solet,
776 919 944 993 animalia
966 937 1053 994 sunt
1081 922 1216 1022 absque
1244 922 1351 994 intel-

333 1038 467 1128 lectu,
501 1036 732 1110 intellectum
768 1037 898 1138 utique
934 1065 1011 1111 non
1041 1039 1242 1115 habentia:
1274 1039 1347 1111 sive

334 1155 413 1231 eius
440 1160 528 1244 rei,
557 1173 706 1257 excepta
734 1182 841 1256 qua,
868 1171 1012 1229 ceterae
1041 1172 1078 1230 et
1105 1158 1348 1231 obscurantur

334 1291 372 1350 et
397 1291 579 1372 negantur
600 1304 611 1371 3
640 1293 677 1350 et
705 1275 813 1349 etiam
839 1274 918 1349 eius
946 1302 1031 1351 cum
1058 1305 1129 1377 qua
1155 1276 1264 1350 simul
1289 1277 1350 1348 ali·

292 1390 296 1398 *
336 1422 408 1496 qua
432 1393 679 1470 vindicantur.
1080 1493 1084 1499 1

413 1516 447 1593 5.
474 1515 596 1590 Multa
616 1534 704 1590 aunt
722 1516 834 1590 buius
852 1516 906 1590 rei
927 1516 1110 1617 exempla,
1139 1516 1238 1590 iuxta
1258 1515 1347 1590 illud

336 1637 435 1736 quod
457 1654 493 1709 et
514 1665 579 1734 ego
598 1639 771 1712 hesterno
791 1639 947 1712 feceram
966 1653 1090 1726 anno,
1112 1664 1196 1711 cum
1213 1638 1349 1710 librum

335 1757 381 1829 de
400 1754 531 1828 mundi
551 1758 736 1832 creatione
750 1759 1092 1832 commentariorum
1104 1757 1272 1831 adversus
1291 1786 1350 1857 pa·

336 1903 447 1973 ganos
468 1875 646 1949 ediderim
667 1935 676 1966 ,
698 1878 804 1951 cuius
828 1877 1052 1977 principium
1076 1894 1154 1953 ests
1173 1878 1348 1977 “absque

339 2052 364 2084 „
389 1992 471 2069 Deo
490 1995 614 2069 nullus
635 2014 690 2071 est
710 1996 783 2070 solo
806 2055 816 2087 ,
842 1997 907 2098 qui
928 1997 1049 2071 omnia
1076 2014 1175 2071 creat
1204 2055 1239 2086 „.
1266 1997 1350 2071 Huc

223 2148 229 2162 ·
336 2131 373 2186 et
399 2114 607 2188 obscuratio
635 2133 673 2189 et
699 2115 843 2214 negatio
865 2115 972 2189 simul
993 2132 1030 2188 et
1050 2115 1246 2191 elucidatio
1266 2144 1351 2190 con-

336 2233 496 2311 tinetur:
516 2235 642 2310 cuncti
663 2236 762 2308 enim
781 2235 833 2308 dii
854 2235 919 2336 qui
938 2235 1136 2324 dicuntur,
1157 2236 1351 2309 obscuran-

337 2372 398 2431 tur
419 2374 455 2430 et
476 2375 681 2456 negantur,
702 2374 739 2431 ct
759 2356 857 2432 solus
878 2355 1042 2430 omnium
1060 2354 1349 2431 laudaturDeus.

335 2473 447 2569 Hunc
468 2504 616 2550 sensum
634 2478 744 2551 habet
765 2495 801 2550 et
822 2494 1007 2577 ·praeter·,
1034 2474 1240 2550 secundum
1258 2477 1349 2550 illud
1391 2492 1394 2497 '

336 2608 361 2640 ‘⁶
391 2596 514 2671 nullus
540 2614 681 2697 praeter
707 2613 743 2669 te
772 2594 863 2695 sapit
892 2653 926 2686 „.
954 2594 999 2668 In
1027 2622 1069 2668 eo
1097 2612 1220 2669 autem
1251 2597 1349 2698 quod

231 2801 248 2820 χ
336 2717 504 2792 Andreas
524 2717 672 2819 quidam
693 2719 737 2816 (a)
759 2716 903 2790 scribsit
923 2714 968 2788 de
995 2713 1132 2814 Pyrrho
1159 2728 1183 2761 “
1214 2717 1351 2818 absque

339 2895 364 2928 „
391 2837 499 2912 asae
522 2839 570 2939 (a)
587 2809 601 2926 ζ
618 2837 763 2939 inqut,
784 2838 922 2911 viribus
940 2896 949 2927 ‚
969 2839 1010 2912 in
1037 2837 1268 2912 comitatibus
1293 2838 1353 2911 aa·

336 2958 419 3033 buit
440 2957 496 3031 ·X·
515 2957 615 3031 milia
644 3014 668 3048 ,‚
695 2958 764 3031 boc
785 2973 836 3031 est
856 2957 974 3031 dicere
999 3015 1009 3046 ‚
1036 2985 1120 3030 cum
1139 2953 1247 3030 Asiae
1271 2956 1353 3029 viri-

338 3077 417 3152 bus.
436 3075 564 3150 Tenus
585 3104 605 3149 a
624 3075 748 3149 multis
769 3072 997 3175 subpositio,
1018 3104 1060 3150 eo
1082 3075 1181 3176 quod
1202 3073 1352 3147 subiun-

340 3199 462 3297 gitur,
488 3196 540 3272 sic
559 3215 735 3292 vocatur3
761 3214 804 3270 ut
830 3196 1010 3285 dicimus,
1030 3211 1140 3268 nocte
1161 3212 1281 3268 tenus.
1304 3193 1351 3266 Ft

341 3316 536 3417 composita
563 3344 649 3417 qua·
677 3313 978 3389 coniunctionem
1005 3341 1048 3386 ex
1075 3340 1112 3385 se
1131 3310 1252 3385 reddit
1273 3340 1353 3385 cau·

341 3437 482 3528 salem,
516 3455 558 3510 ut
588 3454 771 3539 quatenus
803 3434 934 3523 dicat,
967 3434 1038 3507 boc
1070 3450 1126 3507 est
1158 3461 1351 3534 usquequo

340 3556 446 3634 dicat.
470 3555 570 3632 Ante
590 3585 737 3659 quoque
759 3554 943 3657 duplicem
960 3555 1070 3627 habet
1090 3580 1260 3628 sensum:
1280 3553 1352 3625 sive

222 3672 235 3687 ⁸
342 3675 442 3750 enim
468 3675 512 3749 de
541 3677 785 3750 anterioritate
813 3674 984 3775 temporis
1004 3673 1169 3762 dicitur,
1201 3690 1243 3745 ut
1263 3673 1352 3746 illud

340 3809 366 3844 “
387 3814 479 3871 ante
507 3798 650 3873 saecula
675 3799 746 3873 fuit
774 3829 822 3888 ,‚:
848 3797 921 3872 sive
950 3795 1055 3870 etiam
1077 3823 1140 3895 pro
1161 3820 1281 3867 coram
1299 3823 1355 3868 ac·

344 3916 479 4018 cipitur
502 3975 512 4009 ,
538 3917 594 3993 uti
614 3918 704 3994 illud
731 3931 756 3964 “
784 3937 869 3992 ante
889 3916 1051 3992 tribunal
1071 3915 1220 3990 sedebat
1242 3972 1266 4005 ‚,
1284 3915 1354 3989 boc

424 4069 465 4138 (ι)
481 4073 538 4123 cod.
554 4073 659 4131 quidem·
708 4072 748 4136 (b)
764 4070 820 4119 cod·
837 4071 908 4116 Asu.
991 4128 993 4132 Α

475 4146 506 4172 μυ
574 4145 576 4148 ’
618 4153 625 4160 -
648 4151 653 4159 ·
667 4145 670 4152 ¹
684 4145 689 4161 ,·
705 4153 716 4159 ..
734 4155 736 4158 .
752 4143 758 4165 ρ
851 4152 854 4158 .
