3382 5206
1247 550 1312 626 351

326 690 370 743 ‹ict
385 688 605 760 opisthographae
622 686 770 758 scripturae
789 704 870 754 genus
889 685 998 741 informe
1017 686 1044 740 in
1064 688 1227 754 longioribus
1246 691 1325 745 versi·

324 777 458 833 bus.cum
477 777 566 830 lituris
585 777 708 846 aliquot,
729 793 776 828 nec
795 795 846 828 non
866 774 1003 828 vocabulis
1016 774 1085 828 inter
1104 776 1186 829 lineas
1202 777 1325 831 adiectis·

327 865 362 917 dt
391 865 417 915 in
441 865 529 917 antica
548 882 648 934 papyro
665 862 813 934 scripturae
832 861 915 915 totius
933 861 1015 915 forma
1034 861 1150 931 speciosa
1168 874 1227 922 cst,
1243 864 1327 917 veluti

325 954 425 1021 primae
444 952 539 1023 papyri
567 951 742 1007 taurinensis,
762 951 893 1019 quadrata
912 949 1117 1020 propemodum,
1134 952 1192 1003 siue
1211 952 1275 1005 ullis
1295 953 1324 1005 li·

327 1040 395 1091 tnris
410 1075 417 1095 ‚
435 1049 463 1090 ct
481 1040 509 1089 in
528 1038 580 1089 tria
600 1038 714 1090 arctiora
725 1036 850 1088 latercula
868 1034 903 1089 ob
915 1036 1038 1088 maiorem
1057 1036 1200 1104 legentium
1217 1056 1327 1094 commo-

328 1125 440 1176 ditatem
468 1121 580 1188 digesta.
609 1122 689 1174 Porro
708 1121 788 1174 trium
816 1120 1009 1192 scripturarum
1034 1118 1199 1192 (vaticanae
1217 1122 1326 1194 inquam

264 1214 269 1225 '
326 1222 352 1263 et
371 1210 483 1261 duarum
503 1208 531 1260 in
550 1208 685 1280 praesenti
708 1209 857 1264 editarum.
871 1226 940 1278 quae
958 1225 1047 1263 omnes
1066 1208 1137 1263 intra
1156 1210 1326 1270 sexennium,

329 1308 359 1349 ut
378 1296 455 1353 dixi.
482 1306 606 1349 exaratae
624 1294 754 1364 fuerunt)
773 1313 832 1346 cum
848 1294 988 1348 diversitas
1000 1305 1076 1348 tanta
1093 1295 1130 1349 sit
1144 1296 1263 1364 (etenim
1277 1316 1325 1350 va·

329 1388 417 1437 ticana
436 1385 549 1438 distorta
564 1396 646 1454 atque
661 1383 789 1437 inclinata
808 1396 866 1448 esta
885 1401 1011 1437 novarum
1026 1393 1114 1437 autcm
1126 1420 1133 1442 .
1146 1383 1251 1455 postica
1269 1385 1327 1457 qui·

328 1473 404 1528 dcun.
419 1483 450 1524 ut
468 1471 541 1527 dixi,
555 1468 711 1524 festinanter
727 1469 874 1540 rudiusqne
891 1469 1008 1540 scripta,
1022 1471 1185 1525 anticanus
1203 1470 1237 1522 ad
1255 1471 1328 1524 calli·

328 1560 455 1630 graphiae
469 1577 585 1614 normam
599 1559 733 1627 exacta3)
747 1559 814 1611 haec
824 1577 884 1617 rcs.
898 1557 1023 1628 inquam,
1037 1558 1104 1611 satis
1114 1559 1202 1612 denuo
1220 1559 1326 1614 demon·

327 1660 396 1702 strat
411 1665 489 1717 quam
505 1648 540 1700 sit
559 1648 633 1699 fluxa
656 1645 789 1716 fallaxque
812 1647 1024 1717 antiquariorum
1043 1648 1146 1703 illorum
1165 1649 1327 1718 regula.qui

328 1736 361 1786 dc
380 1732 492 1787 diversis
510 1733 700 1803 scripturarum
722 1730 861 1798 generibus
888 1732 1068 1787 diversitatem
1088 1745 1201 1788 aetatem
1220 1752 1249 1786 ac
1267 1752 1327 1788 sac-

330 1824 447 1875 culorum
477 1821 698 1877 confidentissime
723 1834 896 1889 augurantur.
925 1823 1018 1894 Neque
1035 1840 1096 1877 roro
1114 1823 1212 1893 aliquis
1235 1834 1328 1893 putet.

332 1911 448 1980 inspecta
467 1909 588 1962 editione
605 1927 680 1967 mea.
699 1908 859 1979 scripturam
878 1920 990 1963 veterem
1011 1908 1164 1965 accentibus
1188 1920 1216 1963 ct
1235 1910 1326 1981 adspi-

332 1995 482 2049 rationibus
499 2013 556 2049 esse
575 1995 738 2065 praeditam.
766 2004 814 2046 aut
831 1992 1124 2066 interpunctionibusrc
1152 1996 1326 2051 distinctam:

330 2085 397 2137 nihil
415 2085 485 2137 onim
502 2083 654 2138 huiusmodi
676 2083 704 2135 in
722 2102 822 2154 papyro
841 2085 958 2148 visitura
977 2103 1067 2139 rerum
1084 2086 1173 2138 omnia
1193 2085 1328 2140 continuis

331 2170 455 2223 «luctibus
479 2171 625 2241 priscisque
650 2170 740 2225 formis
759 2171 934 2235 scribuntur3
961 2190 1015 2224 non
1032 2171 1090 2224 sinc
1109 2173 1199 2226 multis
1225 2162 1328 2240 legendi

329 2257 438 2313 salebris
458 2272 565 2330 propter
589 2261 708 2319 laceras,
727 2273 756 2312 ut
775 2261 852 2318 dixi.
878 2261 972 2332 papyri
999 2261 1128 2318 lacinias,
1147 2274 1176 2315 et
1193 2261 1227 2316 ob
1246 2262 1329 2315 indu·

330 2357 401 2396 crum
422 2356 569 2400 atramento
579 2384 586 2405 ‚
595 2365 641 2419 per
661 2347 758 2415 viginti
768 2348 890 2404 saecula,
905 2345 932 2399 iu
946 2347 1047 2418 postica
1068 2348 1222 2418 praesertim
1238 2358 1329 2420 parte.

332 2435 465 2506 pallorem.

402 2526 563 2597 Papyrorum
584 2523 665 2592 igitur
692 2524 906 2596 aegyptiacarum
924 2523 981 2583 sive
1000 2541 1091 2591 graeco
1110 2524 1166 2580 sire
1190 2527 1329 2599 aegyptia·

331 2631 360 2665 ce
378 2611 459 2665 etiam
477 2614 659 2683 loquentium.
683 2615 733 2666 etsi
753 2614 897 2684 permultae
919 2614 971 2666 iam
997 2630 1024 2666 rn
1049 2616 1153 2685 Europa
1176 2613 1330 2684 divulgatae

331 2713 413 2757 sunt.
437 2701 520 2754 exilia
538 2719 602 2755 sane
630 2710 782 2768 argumenta
806 2713 834 2753 ct
852 2703 971 2771 vulgaria
993 2712 1067 2755 sunt·
1095 2702 1162 2755 Nam
1185 2704 1329 2759 leviuscuia

332 2807 394 2855 pens
411 2791 534 2861 aegyptia
552 2791 770 2861 superstitionum
791 2790 956 2843 infinitarum
975 2789 1137 2845 absurditati
1158 2793 1267 2849 dedita.
1288 2804 1329 2863 ty·

332 2878 422 2930 tannis
441 2894 566 2947 persaepe
584 2893 726 2946 oppressa,
745 2879 840 2947 patriis
859 2878 991 2947 victisque
1011 2878 1145 2932 institutis
1163 2880 1235 2933 omni
1261 2891 1330 2932 tcm-

332 2983 394 3034 pore
412 2965 604 3035 circumsepta,
623 2981 711 3033 neque
730 2966 908 3023 Graecorum.
935 2984 1022 3035 neque
1038 2967 1216 3023 Latinorum.
1243 2984 1329 3036 neque

332 3052 499 3106 orientalium
518 3052 625 3122 quidam
644 3053 801 3123 populornrn
819 3055 995 3107 litteraturam
1015 3054 1228 3126 aequiperavisse
1252 3055 1330 3112 ride·

333 3151 385 3193 tur·
404 3141 501 3194 Pottas
520 3141 602 3207 igitur
621 3139 776 3197 inauditus,
795 3152 931 3198 oratores.
957 3142 1114 3200 historicos,
1139 3142 1332 3213 philosophos,
1424 3150 1427 3157 '

333 3229 518 3298 variarumque
537 3232 635 3280 artium
654 3246 685 3280 ac
704 3228 907 3299 disciplinarum
928 3229 1085 3300 professurcs
1105 3248 1120 3282 a
1139 3231 1258 3285 niloticis
1282 3251 1331 3302 pa-

334 3318 407 3387 pyris
425 3328 564 3388 cxpectare
583 3316 645 3387 quis
664 3314 756 3372 ausiti
775 3321 809 3371 Et
827 3318 919 3388 siquid
939 3318 1006 3371 forte
1032 3318 1111 3388 paulo
1134 3320 1266 3373 eruditius
1292 3321 1332 3372 vel

335 3408 386 3457 iam
405 3406 488 3459 lucum
508 3406 631 3476 aspexit,
651 3406 690 3458 vel
720 3417 860 3476 speratur,
880 3405 908 3458 id
931 3407 1070 3458 litterariis
1096 3417 1243 3483 ceterarum
1269 3424 1333 3474 gen-

333 3494 401 3550 tium
420 3494 505 3565 copiis
524 3494 593 3549 leve.
614 3504 644 3545 ut
663 3505 745 3563 puto.
765 3495 869 3564 pondus
888 3494 1008 3547 adiiciet.
1026 3494 1074 3545 llis
1089 3496 1123 3547 dc
1138 3506 1243 3551 aetate.
1257 3512 1332 3561 argu·

333 3593 420 3633 mento
439 3599 469 3632 ac
488 3581 710 3651 palaeographia.
745 3598 905 3650 papyrorurn
925 3581 1018 3632 harum
1038 3580 1146 3637 dictis.
1173 3584 1249 3634 finem
1268 3581 1332 3634 lruic

331 3662 557 3732 praefatiunculae
586 3663 773 3734 imponendum
801 3683 911 3718 cunsco:
942 3684 1001 3720 nam
1024 3670 1102 3738 siqua
1133 3677 1268 3738 praetcrea
1297 3665 1330 3717 ad

313 3752 447 3818 singulos
466 3752 535 3808 locos
553 3751 716 3806 observanda
737 3765 817 3811 sunt.
837 3774 867 3807 ca
887 3756 914 3808 iu
942 3757 1051 3811 sclroliis
1070 3757 1158 3811 dicere
1176 3765 1303 3828 pracstat·
