3382 5206
593 581 821 661 catnntrtct
846 587 891 633 ar
915 582 1080 633 necaret.
1265 563 1329 655 547

330 685 417 752 teriti
438 687 593 775 temporis
612 683 779 750 interdum
804 684 970 752 trochaico
987 684 1064 773 pedi
1089 701 1294 776 congruunt,
1315 699 1351 748 ut

327 792 454 860 dictus,
475 791 602 874 lectos,
622 811 756 881 captus,
775 810 908 882 raptos,
928 793 1088 883 scriptus,
1108 810 1241 876 tensus,
1261 818 1347 860 mer·

326 926 378 966 sus
401 901 523 984 lleans,
545 926 666 984 sexus,
688 926 796 966 aterna.
815 902 843 964 N
847 926 898 965 arn
915 903 1093 989 praesentia
1115 918 1146 966 et
1161 901 1270 967 futura
1282 902 1350 993 sig-

328 1006 552 1073 nificationum
580 1007 750 1097 participia
781 1007 822 1070 ad
852 1005 1041 1073 trochaeum
1068 1009 1288 1096 pertinentia,
1314 1009 1349 1073 ni

328 1110 456 1194 fallor,
487 1136 549 1179 non
576 1113 715 1202 repperi.
745 1126 777 1177 Δ.
808 1111 986 1178 Troehaici
1015 1112 1114 1203 pedes
1142 1138 1207 1205 quo
1236 1131 1349 1180 tenore
1453 1152 1460 1167 ·

329 1220 489 1310 quibusve
509 1220 698 1285 accentibus
727 1219 967 1309 pronuntiandi
993 1217 1105 1291 suttt?
1133 1247 1189 1288 seu
1212 1220 1292 1285 arsis
1318 1237 1350 1287 et

329 1325 425 1393 thesis
456 1352 520 1417 qua
543 1325 738 1392 divisionum
763 1324 899 1392 formula
933 1324 1157 1408 dirimuntur,
1179 1326 1352 1418 atquibus

330 1449 514 1520 temporum
538 1431 686 1498 lancibus
714 1428 946 1503 trutinantur?
971 1444 1013 1498 M.
1036 1432 1070 1501 Si
1095 1433 1267 1499 trochaeus
1291 1457 1350 1499 ex-

330 1534 460 1618 titerit,
483 1555 579 1604 acuto
607 1554 741 1604 accentu
773 1544 965 1625 procetur,
991 1555 1026 1604 ut
1053 1537 1178 1627 lappe,
1206 1558 1349 1625 mappa;

328 1657 452 1728 napta,
477 1644 607 1722 cirrus,
631 1642 755 1706 birris·
780 1641 923 1724 burrus,
946 1643 1088 1726 barrus,
1112 1641 1250 1733 poples,
1275 1664 1350 1707 ces·

331 1769 396 1832 pes.
426 1749 460 1816 Si
493 1773 570 1816 vero
594 1767 709 1813 natura
738 1748 842 1817 littera
875 1750 1090 1838 producitur,
1123 1747 1348 1816 cinicumflexo

330 1872 464 1920 accentu
489 1856 697 1943 pronunciari
718 1854 768 1922 lex
794 1856 926 1920 metrica
950 1857 1060 1922 sanxit.
1087 1856 1177 1922 Arois
1199 1878 1274 1923 vero
1295 1877 1349 1921 re-

328 1960 407 2048 cipit
437 1977 581 2050 tempora
611 1959 698 2027 duos
724 1979 752 2028 et
782 1962 882 2028 thesis
910 1986 1036 2037 utinm,
1064 1981 1098 2028 ut
1125 1961 1259 2044 l'anum,
1283 1957 1352 2025 sre-

329 2090 427 2147 nunr,
449 2089 609 2155 granum,
629 2065 740 2148 hoho,
760 2065 859 2151 huto,
881 2067 992 2134 tufus,
1016 2067 1135 2134 tubus,
1160 2070 1274 2151 Eleates,
1298 2064 1350 2132 sti·

331 2196 413 2260 pets
442 2197 556 2240 remes.

712 2388 759 2451 De
786 2384 966 2451 tribracho.

397 2605 429 2660 Δ.
456 2592 618 2683 Expositis
635 2591 870 2684 disyllaborum
886 2592 1006 2683 pedum
1023 2594 1162 2684 regulis,
1181 2595 1244 2659 iam
1261 2600 1347 2659 raunc'

329 2699 481 2789 pedester
507 2698 676 2787 deposcit,
702 2717 735 2765 ut
764 2697 947 2790 trisyllabos
974 2700 1071 2791 pedes
1101 2702 1186 2767 iuxta
1213 2697 1347 2787 pollici·

329 2808 482 2873 tationem
510 2803 636 2896 prologi
664 2804 847 2894 patefacias.
875 2817 917 2873 M.
944 2808 995 2873 Hii
1023 2827 1096 2873 suut
1124 2805 1286 2873 tribrachi
1313 2830 1351 2870 ex

331 2912 437 2978 tribus
461 2912 619 2979 brevibus
648 2935 765 3003 graece
788 2912 834 2979 sic
858 2916 1062 3004 nuncupati,
1087 2915 1213 3004 primae
1244 2911 1350 2978 decli·

331 3020 496 3102 trationis,
519 3020 651 3103 anima,
673 3019 781 3111 aquila
796 3059 807 3089 s
827 3019 964 3109 pedica,
980 3020 1070 3109 palea
1087 3071 1097 3106 ,
1120 3022 1255 3103 tonina,
1277 3042 1350 3084 ma·

330 3123 430 3208 cula,
451 3124 597 3206 samnia,
620 3143 755 3214 patera,
779 3126 932 3210 hedera,
960 3126 1074 3195 ulula,
1099 3126 1214 3220 galeas
1241 3126 1353 3217 lacry-

329 3257 381 3298 ma
398 3280 408 3315 ,
428 3232 534 3317 Asia,
559 3232 674 3324 Libya.
700 3236 781 3299 ltem
805 3232 847 3300 de
870 3232 1011 3301 secunda
1040 3234 1257 3301 declinatione
1284 3250 1351 3298 tarn

328 3342 506 3409 masculina
533 3367 630 3433 quam
655 3342 814 3411 neutralia
838 3345 966 3410 nomina
988 3341 1029 3408 ad
1049 3342 1256 3409 tribrachum
1278 3366 1349 3432 per·

330 3450 489 3532 tinentia,
511 3448 687 3530 dominus,
710 3448 820 3515 radius
837 3498 848 3531 ,
866 3448 1014 3529 catulus,
1040 3446 1198 3538 capulus,
1222 3471 1348 3538 queru-

328 3554 399 3637 lus,
416 3553 558 3639 licinus,
582 3572 721 3646 puteus,
741 3556 896 3644 pavidus,
916 3555 1067 3644 patulos,
1086 3540 1272 3646 zephyrus,
1297 3579 1350 3620 so·

328 3658 421 3725 cius,
444 3655 569 3725 medius
585 3707 595 3741 ,
615 3657 785 3726 medicus,
807 3681 985 3739 numerus,
1006 3657 1122 3724 rutilus
1138 3706 1148 3742 ,
1173 3651 1348 3745 placidus,

330 3762 465 3831 titulus,
487 3761 638 3846 loculus,
664 3761 840 3847 modulus,
867 3762 1035 3831 modicus,
1063 3761 1218 3844 bibulus,
1246 3786 1350 3854 geru·

327 3866 399 3951 lus,
416 3870 554 3960 gemitus
571 3917 583 3951 ,
601 3865 775 3953 fremitus,
794 3868 968 3950 humerus,
992 3868 1164 3958 platanus,
1186 3868 1348 3935 tumidus,

328 3974 512 4061 thalamus,
532 3977 672 4060 lluvius,
692 3996 823 4044 uterus,
850 3976 964 4044 octtlna
980 4028 989 4058 ,
1010 3976 1157 4043 carmelus
1173 4026 1183 4057 ,
1204 3974 1351 4056 solidus,

328 4080 488 4167 stolidus,
510 4080 682 4172 stupidus,
702 4083 825 4175 rigidus
843 4131 853 4165 ,
876 4082 1020 4149 calidus,
1045 4080 1193 4147 validus,
1214 4081 1323 4145 varius
1341 4118 1352 4147 s

984 4192 1071 4257 35*
