3382 5206
340 548 436 620 mo

336 678 373 731 ris
388 682 447 728 mir·
461 673 561 744 syllaba
574 672 679 726 deliniri
693 673 756 728 ,hoc
767 688 822 722 ino·

336 783 440 820 nemus.
454 763 526 834 quod
544 764 598 816 sint
611 762 700 830 ulique
718 761 824 812 nomina

335 871 405 922 quae
426 851 556 904 interdum
571 860 677 920 propter
691 857 772 900 metra
784 846 823 897 vel

335 952 482 996 structuras
502 938 618 992 ablativo
639 955 702 989 casu
725 935 824 987 numeri

332 1025 474 1095 singularis
488 1048 523 1082 ·0·
542 1026 663 1080 ultimum
673 1035 701 1077 et
712 1024 738 1076 in
760 1040 823 1073 ·um·

332 1117 437 1170 litteras
446 1125 616 1170 convertant.
631 1125 660 1166 ut
675 1112 823 1180 genetivum

334 1219 422 1256 usum
447 1202 548 1255 numeri
569 1201 676 1271 pluralis
690 1200 832 1260 efficiant„

334 1300 452 1362 utputa
473 1289 656 1345 ebhocviro.
672 1286 824 1340 horumvi-

332 1396 401 1432 ruas.
425 1379 476 1432 Sed
503 1377 567 1430 haec
583 1394 651 1445 quac
670 1376 725 1429 sint
742 1374 824 1426 uomi-

332 1484 385 1524 na.
402 1477 431 1520 et
449 1484 502 1537 qua
516 1460 825 1533 decausaexsupradic-

332 1566 360 1610 to
376 1573 439 1609 casu
460 1554 591 1608 interdum
611 1562 719 1624 propter
742 1561 824 1601 metra

329 1642 370 1695 rel
387 1652 535 1695 structuras
556 1660 593 1694 σο·
611 1639 732 1692 ultimum
752 1648 779 1689 et
797 1636 823 1688 in

334 1747 399 1783 um·
419 1729 514 1783 littoris
539 1738 713 1783 convertant.
740 1737 824 1792 urge·

332 1817 448 1872 uitirum
469 1834 557 1870 casum
584 1814 685 1869 numeri
714 1813 824 1885 pluralis

332 1905 462 1962 efficiant,
478 1905 529 1958 hoc
548 1904 576 1957 in
592 1903 682 1957 metris
694 1903 825 1959 velsttuc·

333 1992 401 2045 turis
410 2002 579 2062 conpetenter
590 1988 772 2044 tractabimus·

371 2081 439 2133 Sane
456 2096 489 2132 ex
508 2080 589 2132 lorma
609 2078 709 2146 generis
726 2095 826 2130 mascu-

332 2164 401 2223 lini,
423 2180 477 2235 qua
496 2165 612 2218 diximus
626 2164 743 2217 ablativo
762 2182 824 2216 casu

333 2255 435 2304 numeri
453 2251 593 2318 singularis
606 2253 713 2305 nomina
733 2272 768 2305 ·o·
779 2253 825 2304 lit·

333 2354 390 2397 tera
400 2341 535 2395 terminari
546 2377 553 2397 .
565 2350 593 2393 et
603 2341 766 2394 nominativo
783 2358 825 2392 ca·

332 2449 363 2484 su
383 2430 485 2483 numeri
498 2429 638 2497 singularis
662 2430 723 2483 wir·
746 2430 822 2497 sylla·

330 2516 365 2572 bs
388 2518 504 2575 deliniri.
527 2518 737 2575 boemonemus,
750 2517 822 2585 quod

331 2603 472 2674 plusquam
490 2621 558 2658 unus
584 2622 678 2661 sonus,
704 2604 754 2658 hoc
780 2615 820 2656 est

332 2709 412 2761 quarn
423 2711 505 2746 unum
519 2693 700 2765 supradictum
710 2710 803 2746 nomen
814 2728 821 2749 2

332 2799 384 2832 uon
407 2782 490 2850 possit
516 2781 648 2835 exhiberi.
669 2783 708 2833 Dc
739 2780 821 2833 formu

332 2870 432 2934 generis
456 2870 612 2926 masculini.
634 2888 687 2938 qna
701 2869 820 2921 ablativo

330 2971 393 3006 casu
423 2957 524 3009 numeri
546 2957 686 3025 sirigiilaris
714 2957 820 3010 nomina

330 3063 366 3097 ·0·
381 3044 469 3097 littera
480 3047 671 3102 terminantur,
692 3057 719 3097 et
734 3046 817 3097 nomi-

331 3130 424 3185 nativo
448 3149 509 3184 casu
548 3134 650 3185 numeri
679 3133 819 3199 singularia

332 3218 393 3269 wir·
411 3219 512 3288 syllaba
531 3221 693 3274 definiuntur
709 3257 717 3275 .
739 3239 819 3289 quan·

330 3319 385 3362 tuns
400 3311 469 3363 ratio
478 3309 604 3381 poscebat
615 3348 621 3366 .
638 3311 818 3363 tractavimus.

490 3401 531 3462 li.
550 3417 585 3452 ns
607 3415 660 3452 ms·

365 3487 552 3556 Quaecumque
578 3486 684 3538 nomina
719 3484 819 3552 gmwris

327 3577 467 3630 masculini
487 3575 604 3628 ablativo
632 3593 692 3626 casu
717 3575 817 3625 numeri

326 3665 471 3733 singularis
479 3685 513 3717 ·o·
526 3665 614 3717 littera
626 3663 802 3739 terminantur
814 3698 820 3717 .

321 3763 350 3806 et
368 3753 531 3806 nominativo
549 3770 611 3804 casu
634 3750 736 3804 numeri
762 3753 817 3801 sin·

323 3838 424 3906 gularis
446 3857 497 3891 ·us·
524 3838 622 3891 litteris
644 3849 702 3908 post
722 3855 817 3891 conso·

321 3938 431 3980 nantem
450 3927 631 3982 definiuntur,
655 3939 683 3978 ut
696 3937 761 3996 putu
785 3924 819 3977 ab

322 4012 372 4066 hoc
391 4024 484 4070 tauro.
501 4014 544 4068 hic
568 4026 679 4072 taurus,
702 4013 769 4066 haec
785 4014 818 4065 ad

615 564 871 617 unaunarrcus
896 539 1097 610 vinicium

875 668 926 737 lanc
945 667 1091 737 exemplum
1109 668 1282 723 declinantur.
1305 670 1365 721 Nu-

878 755 942 805 meri
954 754 1110 822 singularis.
1120 754 1165 806 hic
1184 767 1275 810 taurus
1288 794 1295 814 ‚
1320 757 1369 807 hu-

880 845 920 896 ius
933 845 1003 897 tairri
1016 880 1023 901 ,
1037 844 1100 895 huic
1110 855 1204 903 tauro,
1226 845 1296 896 hunc
1311 856 1368 897 tau-

878 951 952 989 rum,
971 954 986 984 0
1017 944 1109 990 tanne,
1138 931 1172 984 ah
1200 932 1249 985 hoc
1279 945 1368 986 tauro.

878 1021 985 1073 Numeri
997 1020 1124 1091 pluralis.
1139 1021 1168 1071 lii
1178 1021 1246 1073 tauri
1258 1057 1264 1076 .
1274 1021 1367 1074 hortun

878 1120 1012 1162 taurorum
1022 1145 1028 1165 .
1040 1109 1081 1161 liis
1098 1111 1195 1166 tauris.
1206 1111 1253 1163 laos
1264 1124 1368 1167 tauros.

876 1213 892 1246 ο
909 1195 978 1247 tauri
991 1231 998 1249 ,
1012 1194 1046 1246 ab
1060 1196 1103 1247 bis
1117 1197 1210 1249 tauris·
1223 1198 1265 1248 Sic
1277 1210 1305 1250 et
1316 1197 1368 1249 alia

875 1298 975 1348 generis
999 1284 1136 1334 masculini
1151 1284 1275 1340 uomina.
1297 1302 1367 1353 quae

876 1373 993 1427 ablativo
1008 1391 1070 1427 casu
1102 1376 1203 1427 numeri
1226 1376 1367 1444 singularis

878 1481 913 1514 ·o·
933 1463 1021 1516 littera
1034 1466 1224 1523 terminantur,
1236 1477 1264 1519 et
1284 1467 1366 1520 nomi·

878 1549 969 1602 nativo
993 1568 1055 1603 casu
1087 1554 1190 1604 numeri
1226 1555 1367 1621 singularis

878 1656 930 1690 ms·
945 1637 1042 1691 litteris
1053 1651 1112 1709 post
1122 1654 1305 1696 consonantem
1319 1645 1365 1696 ‹le-

877 1726 1021 1784 finiuntur.
1033 1729 1065 1780 ad
1075 1732 1221 1801 exemplum
1235 1735 1306 1784 tauri
1321 1753 1365 1806 per

877 1831 965 1867 omncs
983 1833 1060 1868 casus
1079 1817 1257 1870 declinantur.

912 1902 979 1954 Sane
993 1902 1020 1954 in
1039 1903 1089 1955 hac
1103 1904 1185 1956 forma
1203 1907 1304 1972 generis
1314 1924 1365 1958 rua·

879 1988 974 2040 sculini
985 2024 993 2044 .
1008 2007 1061 2058 qua
1074 1991 1190 2042 diximus
1201 1990 1317 2045 ablativo
1327 2009 1366 2043 ca-

849 2088 851 2093 '
875 2095 904 2131 su
922 2079 1023 2131 numeri
1040 2080 1181 2146 singularia
1204 2081 1310 2134 nomina
1329 2102 1363 2135 ·o·

876 2165 965 2217 littera
987 2168 1134 2224 terminari.
1152 2179 1179 2222 et
1203 2170 1365 2223 nominativo

877 2267 938 2302 casu
957 2252 1058 2306 numeri
1082 2255 1223 2322 singularis
1248 2273 1298 2308 ars·
1317 2256 1365 2308 lit-

876 2341 940 2393 teris
958 2353 1018 2412 post
1037 2355 1220 2397 consonantem
1240 2344 1364 2402 definiri.

874 2425 923 2478 hoc
942 2445 1074 2481 monemus
1086 2466 1092 2485 ‚
1106 2430 1178 2498 quod
1200 2429 1264 2483 haec
1282 2443 1365 2500 quau

874 2523 934 2565 tuor
943 2514 1049 2566 nomina
1059 2525 1162 2568 tantum
1175 2552 1181 2570 ‚
1196 2516 1223 2567 id
1231 2528 1270 2569 cst
1280 2537 1349 2571 unus
1360 2556 1366 2575 .

874 2600 950 2655 ullus,
963 2599 1147 2658 nullus,solus,
1159 2619 1238 2671 quam
1253 2604 1366 2658 manime

873 2699 979 2758 propter
1010 2698 1156 2743 structuras
1190 2695 1310 2757 genetivo
1337 2705 1365 2746 et

872 2773 964 2827 dativo
978 2793 1041 2829 casu
1056 2777 1156 2827 numeri
1171 2777 1312 2842 singularis
1325 2779 1364 2830 sic

873 2872 989 2923 anomale
1008 2873 1161 2922 confirmata
1181 2872 1236 2922 sint
1249 2871 1365 2924 declina-

872 2957 893 3007 ri
906 2993 912 3011 .
932 2957 1028 3010 honest
1039 2957 1118 3009 huius
1129 2957 1221 3013 unius,
1233 2957 1296 3008 huic
1308 2959 1364 3011 uni.

872 3046 914 3096 Sic
932 3056 1054 3098 ctcctera
1072 3045 1251 3115 suprascripta
1271 3030 1360 3098 nomi-

872 3150 905 3184 na
919 3133 946 3184 in
960 3134 1121 3203 supradictis
1134 3133 1238 3185 casibus
1251 3134 1365 3186 adhunc

871 3238 962 3273 sonum
1002 3222 1148 3273 nnumalum
1188 3239 1291 3274 neccsse
1323 3235 1364 3277 est

873 3310 1053 3378 pronuntiari:
1084 3321 1111 3360 at
1136 3328 1197 3362 vern
1223 3327 1270 3380 per
1298 3324 1366 3364 tcto·

873 3414 913 3446 ros
933 3413 1027 3446 castius
1055 3395 1088 3446 ad
1109 3414 1200 3448 sunum
1220 3395 1291 3449 tauri
1321 3399 1369 3450 de-

872 3482 951 3534 beant
971 3482 1107 3533 (luciniani.
1127 3483 1203 3533 Nunc
1223 3483 1303 3533 eiiam
1316 3484 1366 3537 boc

871 3587 1018 3624 monemus.
1037 3570 1107 3636 qirnd
1130 3569 1193 3620 lracc
1211 3570 1365 3638 supradicta

871 3659 976 3709 numina
999 3669 1105 3727 propter
1119 3669 1201 3709 metra
1222 3659 1248 3711 in
1263 3658 1365 3710 hisdem

870 3744 1031 3815 supradictis
1057 3743 1164 3795 casibus
1190 3756 1217 3798 et
1248 3743 1366 3796 anomale

870 3847 897 3888 et
922 3852 973 3885 non
1000 3833 1118 3884 anomale
1151 3833 1275 3903 permissa
1310 3836 1365 3887 sint

870 3921 1006 3974 declinari·
1026 3921 1077 3971 Sed
1094 3921 1158 3973 haec
1177 3924 1283 3975 nomina
1307 3940 1362 3992 qna

869 4012 902 4064 de
921 4029 1000 4064 causa
1020 4013 1047 4063 in
1067 4011 1230 4082 supradictis
1256 4012 1362 4065 casibus
