3382 5206
688 583 917 637 cnsnuarrcs
941 584 987 635 nr
1010 583 1175 661 nursica.
1350 564 1409 633 561

410 707 475 759 tur.
499 687 667 778 Quaedam
689 689 862 779 participia
886 688 1057 778 praeteriti
1081 689 1234 779 temporis
1261 684 1461 778 palimbac?

410 793 495 863 chio.
508 791 739 883 suppeditant,
773 810 809 859 ut
833 809 1039 883 conpactus,
1062 791 1200 860 inlectus
1219 831 1230 860 2
1255 810 1413 861 mactatus
1428 828 1454 860 2.

407 914 573 988 gestatus,
608 896 781 983 detrusus,
813 916 981 980 retortus,
1016 919 1207 986 perpessus,
1244 895 1439 986 depressus,

410 1002 579 1071 adnexus,
612 1000 810 1092 conplexus,
839 1001 1003 1071 delexus,
1034 1003 1227 1070 contritus,
1259 1001 1435 1070 consultus.

409 1109 476 1178 Sed
499 1111 629 1177 attritus
652 1126 684 1178 et
697 1109 871 1177 consultus
888 1127 920 1177 et
935 1111 1069 1177 nomina
1092 1129 1168 1178 sunt
1188 1127 1221 1177 et
1244 1111 1438 1199 partieipiss

409 1215 468 1281 ubi
492 1232 603 1283 autem
626 1215 740 1307 regula
763 1217 1013 1306 participiorum
1035 1215 1245 1308 fungantur,
1273 1215 1437 1306 Vergilius

412 1317 557 1388 declarat
591 1320 704 1389 dicens
728 1357 763 1370 -·
785 1338 817 1387 et
839 1318 930 1388 sulco
962 1323 1091 1387 attritus
1113 1318 1343 1410 splendescere
1377 1344 1436 1386 vo-

325 1426 364 1499 e'
411 1450 490 1495 mer.
514 1460 552 1475 ··
575 1427 617 1493 Et
645 1450 754 1493 rursus
782 1424 868 1491 idem
892 1459 930 1474 -
954 1423 1138 1494 inconsulte
1162 1424 1284 1491 abeunt
1305 1423 1434 1491 sedeur-

410 1557 474 1625 que
512 1532 614 1602 odere
644 1531 800 1625 Sibyllae.
826 1566 863 1581 -·
888 1531 1016 1615 Nomen
1049 1554 1125 1598 vero
1154 1547 1200 1599 est
1226 1531 1286 1597 ubi
1314 1529 1436 1597 dicitnr

413 1675 449 1688 ·-
472 1665 509 1708 ex
532 1642 629 1706 totius
651 1657 780 1708 senatus
804 1637 954 1705 consultu
975 1635 1144 1706 decretum
1168 1655 1225 1704 est.
1252 1673 1286 1686 ··
1309 1638 1349 1703 Et
1370 1635 1435 1704 Pli-
1491 1656 1514 1713 ¹,

413 1747 485 1814 nius
514 1741 668 1837 physicus
692 1782 728 1794 ··
750 1762 919 1829 ceterum,
951 1745 1080 1835 iuquit,
1109 1747 1223 1812 attritu
1254 1743 1433 1836 digitorum

412 1868 544 1940 accepta
569 1849 685 1919 caloris
708 1850 840 1917 animas
864 1847 1059 1938 etreliqua.
1089 1886 1122 1899 --
1145 1862 1186 1941 tt.¹
1203 1852 1275 1935 Quo
1297 1867 1434 1915 accentu

408 1954 669 2044 palimbacchius
693 1952 951 2046 pronuntiatur?
974 1957 1021 2022 Μ.
1044 1957 1078 2026 si
1103 1955 1281 2047 penultima
1299 1955 1433 2045 positio·

409 2085 451 2127 ue
473 2061 693 2151 producitur,
715 2079 847 2129 acutum
876 2079 1050 2128 accentum
1078 2060 1242 2147 habebit,
1264 2077 1300 2127 ut
1329 2059 1456 2129 deve·.

408 2195 485 2253 xus,
507 2188 685 2261 congestus.
704 2170 740 2256 Si
764 2193 840 2239 vero
864 2188 1058 2237 naturarum
1080 2169 1211 2238 decreto
1235 2165 1432 2260 proteletur,

407 2275 617 2341 circumflexa
639 2274 789 2366 prosodia
815 2273 1034 2356 describitur,
1054 2291 1092 2342 ut
1114 2272 1278 2359 indutus,
1300 2290 1432 2357 exutus,

407 2378 566 2462 inbutus,
588 2379 749 2464 obrutus,
773 2376 945 2468 explosus,
968 2376 1168 2468 conplosus,
1197 2400 1362 2445 conrosus.

746 2591 796 2656 De
808 2589 1093 2678 proceleumatico.

444 2812 477 2865 Δ.
503 2799 688 2867 Euuelcntis
719 2800 819 2890 igitur
843 2799 1087 2892 trisyllaborum
1120 2798 1241 2890 pedum
1274 2796 1427 2888 regulis,

401 2925 521 2992 operae
540 2906 682 2993 pretium
706 2928 781 2973 reor
796 2922 832 2972 nt
851 2902 1077 2998 tetrasyllabos
1094 2905 1214 2995 pedes,
1228 2904 1313 2969 sicut
1333 2927 1427 2993 prae·

399 3005 531 3078 sationis
555 3009 640 3078 ordo
671 3012 876 3102 spopondit,
907 3013 1101 3080 examussim
1126 3011 1265 3104 digeras.
1290 3010 1337 3076 Μ.
1362 3013 1429 3078 Er·

400 3112 510 3203 empla
539 3115 658 3204 pedum
678 3118 883 3207 sequentium
907 3116 1027 3184 cursim
1045 3134 1077 3182 et
1101 3115 1324 3206 particulatim
1347 3141 1426 3206 pro·

398 3220 541 3307 palsnda
567 3245 704 3301 oenseo;
725 3222 890 3313 siquidem
911 3221 952 3292 de
979 3222 1147 3314 disyllabis
1164 3224 1325 3314 pedihus,
1346 3248 1427 3314 quo·

399 3350 474 3391 rum
501 3325 667 3417 exemplar
686 3325 890 3419 aliquantula
911 3325 1140 3418 explanatione
1163 3346 1341 3418 utcumque
1369 3327 1423 3394 di·

398 3433 577 3521 gessimus,
599 3433 761 3523 praedicti
785 3433 990 3526 tetrasyllabi
1016 3434 1114 3524 pedes
1132 3436 1290 3525 resupinis
1315 3451 1348 3502 et
1375 3459 1427 3501 re-

396 3536 537 3626 ciprocis
556 3539 753 3606 varietatum
771 3539 897 3607 vicibus
913 3556 1154 3629 conponuntur.
1170 3541 1323 3631 Denique
1337 3538 1421 3629 hacc

397 3662 473 3710 sunt
489 3646 622 3712 nomina
645 3644 687 3711 ad
706 3647 1029 3738 proceleusmaticum
1049 3649 1264 3739 pertinentia,
1285 3649 1342 3738 qui
1360 3673 1422 3740 pro

396 3751 561 3840 geminato
591 3752 777 3843 pyrrhichii
810 3752 1032 3822 vicissitudine
1060 3752 1272 3844 singulariter
1302 3757 1424 3842 positus

396 3854 601 3946 duplicatum
623 3859 835 3927 revolutionis
862 3861 1003 3928 oilicium
1025 3879 1056 3929 ct
1076 3860 1352 3951 recapitulationis
1370 3888 1420 3929 se·

393 3965 477 4030 siem
495 3966 661 4049 continet,
682 3964 868 4048 crocotula,
885 3965 1049 4049 animula,
1070 3966 1222 4049 miseris,
1241 3969 1419 4034 rncnrorias

391 4070 485 4140 ltalia
514 4072 662 4164 quamvis
686 4098 747 4164 per
772 4075 894 4141 ectasin
923 4073 1154 4164 producatur,
1180 4075 1334 4165 apicula,
1360 4102 1420 4143 ca·

1096 4185 1442 4281 'smus
