3382 5206
590 590 820 644 oamusrreu
844 594 890 653 ιτ
915 589 1080 642 narrares.
1241 574 1329 662 ¹629

327 696 432 771 saecla
454 709 608 766 comscst.
622 728 669 747 ·-
681 692 770 760 Loco
787 693 823 758 .1.
838 692 909 757 ·111·
924 681 1010 756 tur·
1026 708 1058 760 et
1074 693 1125 761 ·V·
1146 691 1295 786 dactylus
1307 728 1354 745 -

327 807 392 871 iarn
419 804 521 894 pietas
547 801 696 867 inmensa
719 799 777 864 Dei
799 821 897 864 eruce
920 813 1038 864 cuncta
1068 797 1189 867 beavit.
1204 835 1251 855 -
1266 800 1355 867 Loco

329 909 466 975 .11··111·
482 904 680 977 ·1111·et·V·
706 902 911 992 dactylus-
929 901 1088 968 mundum
1109 902 1175 967 iam
1196 927 1354 973 venereu-

332 1010 374 1078 da
396 1011 458 1079 Dei
478 1007 606 1077 soboles
628 1031 726 1073 cruce
747 1007 859 1074 salvat.
874 1044 917 1059 -·
939 1018 972 1073 Δ.
997 1007 1085 1092 Quid
1109 1009 1208 1098 igitur
1233 1010 1268 1074 in
1284 1032 1354 1074 ver·

327 1141 366 1187 su
392 1113 593 1206 syllabarum
608 1112 723 1180 decem
744 1129 774 1178 et
796 1126 941 1200 septem,
962 1129 1040 1201 quot
1061 1111 1227 1178 schemata
1252 1129 1354 1177 autu·

329 1242 397 1291 mas
417 1213 637 1287 calculanda?
663 1219 709 1283 Μ.
729 1215 887 1285 Similiter
910 1216 945 1281 in
972 1239 1010 1282 eo
1034 1232 1068 1281 ut
1088 1217 1123 1280 in
1141 1217 1228 1282 ·Xll·
1252 1215 1356 1308 sylla-

328 1326 380 1393 bis
411 1350 511 1392 unum
543 1323 675 1391 schema
705 1323 866 1388 contineri
898 1319 1087 1411 adstipulor.
1114 1334 1150 1389 Δ.
1180 1322 1353 1407 Quomodo

328 1431 384 1501 vel
406 1455 470 1522 quo
493 1445 588 1521 pacto
610 1429 679 1496 fieri
707 1445 832 1517 potest,
857 1444 890 1493 ut
914 1427 1066 1493 minimus
1089 1453 1199 1496 versus
1222 1445 1256 1494 et
1282 1452 1356 1494 ma-

329 1536 434 1601 ximus
457 1532 613 1603 concordi
638 1531 840 1600 schematum
868 1527 941 1619 lege
962 1527 1166 1616 decurrant,
1190 1555 1265 1599 enm
1284 1549 1354 1599 tan-

331 1656 445 1726 topere
477 1636 678 1730 syllabarum
710 1658 845 1700 numero
878 1631 1090 1724 discrepent?
1120 1637 1166 1702 Ma
1199 1638 1283 1721 Quia
1307 1637 1355 1723 ibi

330 1741 510 1834 spondaeus
534 1744 585 1814 W·
609 1758 734 1808 constat
752 1739 851 1820 locis,
871 1742 926 1807 hic
948 1764 1025 1810 vero
1047 1743 1196 1836 dactylos
1217 1742 1356 1821 totidem

331 1847 412 1915 locis
438 1848 624 1929 inseritur,
650 1863 785 1934 excepto
812 1843 928 1913 ultimo
959 1847 1070 1936 pede,
1100 1872 1200 1939 quem
1227 1872 1356 1916 neeesse

333 1972 379 2023 cst
412 1951 627 2044 dissyllabum
653 1976 747 2036 csse,
773 1977 816 2018 ne
844 1951 1046 2043 syllabarum
1068 1952 1210 2042 amplior
1239 1977 1358 2022 nume·

336 2085 391 2127 rus
420 2077 550 2126 crescat.

421 2176 453 2227 Δ,
484 2163 704 2253 Dogmatistae
727 2163 896 2241 sententiis
925 2179 955 2228 et
985 2162 1127 2230 doctoris
1154 2164 1360 2245 sermonibus

336 2270 473 2337 credula
500 2268 694 2361 praecordia
719 2267 859 2358 paud03
887 2268 945 2334 sed
974 2287 1081 2337 tamnu
1109 2268 1143 2334 id
1171 2272 1291 2338 certius
1319 2295 1357 2337 ex
1454 2270 1457 2275 ’

334 2377 448 2465 priscis
474 2393 623 2443 veterum
647 2373 852 2465 po'e'matibua
879 2377 1018 2464 experiri
1040 2376 1146 2465 cupio.
1170 2378 1219 2444 M.
1247 2376 1360 2459 Chrnss

333 2482 407 2550 nica
433 2482 564 2550 Eusehii
586 2479 793 2572 Vergilium,
808 2483 986 2547 inminente
1003 2497 1095 2548 metu
1111 2482 1249 2549 mortis,
1268 2483 1361 2548 ccci-

334 2590 420 2655 nisse
445 2586 603 2687 tradunt,
623 2603 656 2654 et
681 2588 905 2678 epigramma,
926 2585 1016 2676 quod
1039 2587 1241 2678 epitaphium
1258 2611 1359 2653 voca-

336 2712 411 2777 tur,
445 2692 488 2759 ad
513 2717 663 2782 suprema
692 2692 904 2783 exequiarum
931 2690 1044 2758 lunera
1073 2695 1280 2783 conposuisse
1307 2694 1360 2761 di-

335 2798 442 2867 cendo
463 2835 510 2853 -
528 2799 665 2866 Mantua
692 2823 744 2867 nte
766 2800 900 2888 gennit,
927 2797 1062 2864 Calabri
1088 2823 1250 2890 rapuere,
1276 2818 1362 2868 tenet

334 2928 437 2973 nunc.
454 2941 501 2956 -
515 2903 694 2973 scanditur
714 2905 758 2970 ita
784 2905 942 2988 Mantua,
969 2928 1128 2996 megenu‚
1150 2905 1268 2991 itcala,
1289 2907 1363 2971 bri-

336 3034 445 3102 rapus
474 3029 591 3096 crete,
617 3028 770 3080 netuuuc.
797 3013 901 3097 Quem
935 3002 1086 3078 Lucanus
1115 3012 1283 3080 aemulans
1309 3013 1361 3080 his

334 3117 444 3185 verbis
462 3117 655 3184 imitabatur
675 3116 788 3185 dicens
802 3154 848 3169 -
863 3117 1022 3185 Corduba
1036 3142 1089 3184 me
1102 3120 1233 3207 genuit,
1250 3119 1363 3209 rapuit

336 3221 450 3302 Nero,
477 3218 600 3309 proelia
627 3220 704 3287 diri.
732 3257 779 3273 —
809 3220 901 3289 Idem
933 3221 1022 3289 libro
1044 3238 1198 3291 sexto-
1217 3222 1363 3315 undique

336 3325 507 3417 praecipiti
533 3323 672 3415 scopulis
696 3326 939 3394 removentibus
958 3350 1090 3419 aequor.
1115 3326 1162 3396 At
1179 3353 1257 3396 vero
1270 3353 1364 3421 prae·

338 3431 444 3498 dictus
471 3445 558 3498 vates
577 3447 771 3500 mantuanus
793 3429 874 3498 alibi
894 3428 996 3500 refert
1011 3451 1106 3501 -at
1126 3434 1205 3501 tuba
1228 3436 1365 3502 terribi-

336 3533 403 3602 lem
419 3533 560 3603 sonitum
578 3534 694 3624 procul
708 3560 782 3605 aere
798 3559 925 3604 canora.
940 3572 982 3587 -
994 3536 1146 3607 Sedulius
1168 3556 1200 3605 et
1226 3539 1268 3605 de
1293 3565 1367 3608 mo-

338 3640 515 3708 noschemo
537 3665 635 3708 versu
655 3642 742 3709 inter
763 3658 874 3710 cetera
891 3643 937 3711 sic
956 3645 1000 3708 ait
1014 3680 1060 3695 -
1074 3642 1206 3712 laudat,
1225 3661 1258 3710 et
1276 3669 1365 3737 egre·

336 3747 410 3839 gine
431 3746 548 3813 tribuit
573 3769 629 3812 sua
657 3764 730 3815 vota
755 3748 896 3838 rapinae.
922 3785 969 3801 —
996 3748 1120 3817 Eodem
1146 3750 1244 3817 modo
1266 3752 1365 3818 Pros-

337 3874 395 3941 per
423 3852 458 3919 in
482 3851 772 3940 epigrammatibus
798 3853 921 3921 cecinit
948 3855 1123 3923 dicens-
1142 3872 1230 3921 recta
1256 3855 1365 3925 volens

337 3961 463 4027 suimus
487 3958 614 4047 sapiens
639 3974 672 4023 et
698 3972 823 4026 amator
848 3957 986 4031 honesti.
1008 3993 1055 4010 -
1082 3972 1115 4026 Δ.
1142 3958 1229 4044 Quid
1254 3958 1363 4051 ergo?

338 4088 561 4157 numquamne
584 4061 731 4156 dactylus
757 4067 793 4133 in
812 4063 877 4135 fine
906 4062 1073 4158 ponituri'
1091 4067 1137 4132 M.
1160 4069 1266 4134 Potest
1289 4069 1368 4156 qui-

1081 4205 1125 4290 34
