<?xml version="1.0" encoding="UTF-8"?>
<!DOCTYPE html PUBLIC "-//W3C//DTD XHTML 1.0 Transitional//EN"
    "http://www.w3.org/TR/xhtml1/DTD/xhtml1-transitional.dtd">
<html xmlns="http://www.w3.org/1999/xhtml" xml:lang="en" lang="en">
 <head>
  <title>
</title>
<meta http-equiv="Content-Type" content="text/html;charset=utf-8" />
  <meta name='ocr-system' content='tesseract 3.04.00' />
  <meta name='ocr-capabilities' content='ocr_page ocr_carea ocr_par ocr_line ocrx_word'/>
</head>
<body>
  <div class='ocr_page' id='page_1' title='image "./classicorumauct00vatigoog_0502.png"; bbox 0 0 3382 5206; ppageno 0'>
   <div class='ocr_carea' id='block_1_1' title="bbox 604 654 834 706">
    <p class='ocr_par' dir='ltr' id='par_1_1' title="bbox 604 654 834 706">
     <span class='ocr_line' id='line_1_1' title="bbox 604 654 834 706; baseline 0.009 -2"><span class='ocrx_word' id='word_1_1' title='bbox 604 654 747 706; x_wconf 75' lang='lat' dir='ltr'>ctttrtnrt</span> <span class='ocrx_word' id='word_1_2' title='bbox 773 659 834 706; x_wconf 75' lang='lat' dir='ltr'>llll·</span> 
     </span>
    </p>
   </div>
   <div class='ocr_carea' id='block_1_2' title="bbox 136 756 974 1060">
    <p class='ocr_par' dir='ltr' id='par_1_2' title="bbox 136 756 974 1060">
     <span class='ocr_line' id='line_1_2' title="bbox 136 756 882 847; baseline 0 -19"><span class='ocrx_word' id='word_1_3' title='bbox 136 765 188 828; x_wconf 78' lang='lat' dir='ltr'>oo·</span> <span class='ocrx_word' id='word_1_4' title='bbox 280 756 352 825; x_wconf 91' lang='lat' dir='ltr'>lllic</span> <span class='ocrx_word' id='word_1_5' title='bbox 374 776 412 825; x_wconf 93' lang='lat' dir='ltr'>ut</span> <span class='ocrx_word' id='word_1_6' title='bbox 432 774 566 847; x_wconf 87' lang='lat' dir='ltr'>pereant</span> <span class='ocrx_word' id='word_1_7' title='bbox 588 759 730 827; x_wconf 72' lang='lat' dir='ltr'>aestibus</span> <span class='ocrx_word' id='word_1_8' title='bbox 757 764 882 828; x_wconf 89' lang='lat' dir='ltr'>oceani.</span> 
     </span>
     <span class='ocr_line' id='line_1_3' title="bbox 211 861 956 950; baseline 0 -21"><span class='ocrx_word' id='word_1_9' title='bbox 211 862 278 929; x_wconf 88' lang='lat' dir='ltr'>Nos</span> <span class='ocrx_word' id='word_1_10' title='bbox 302 886 378 930; x_wconf 84' lang='lat' dir='ltr'>vero</span> <span class='ocrx_word' id='word_1_11' title='bbox 403 861 503 931; x_wconf 88' lang='lat' dir='ltr'>laetos</span> <span class='ocrx_word' id='word_1_12' title='bbox 523 884 606 950; x_wconf 86' lang='lat' dir='ltr'>puro</span> <span class='ocrx_word' id='word_1_13' title='bbox 629 880 662 932; x_wconf 92' lang='lat' dir='ltr'>te</span> <span class='ocrx_word' id='word_1_14' title='bbox 690 863 789 932; x_wconf 92' lang='lat' dir='ltr'>corde</span> <span class='ocrx_word' id='word_1_15' title='bbox 814 864 956 933; x_wconf 86' lang='lat' dir='ltr'>colentes</span> 
     </span>
     <span class='ocr_line' id='line_1_4' title="bbox 280 966 974 1060; baseline 0.003 -26"><span class='ocrx_word' id='word_1_16' title='bbox 280 969 388 1036; x_wconf 80' lang='lat' dir='ltr'>Duces</span> <span class='ocrx_word' id='word_1_17' title='bbox 411 967 572 1037; x_wconf 88' lang='lat' dir='ltr'>aetherios</span> <span class='ocrx_word' id='word_1_18' title='bbox 595 966 701 1035; x_wconf 85' lang='lat' dir='ltr'>sidera</span> <span class='ocrx_word' id='word_1_19' title='bbox 725 993 823 1060; x_wconf 86' lang='lat' dir='ltr'>supra</span> <span class='ocrx_word' id='word_1_20' title='bbox 847 968 974 1039; x_wconf 87' lang='lat' dir='ltr'>choros.</span> 
     </span>
    </p>
   </div>
   <div class='ocr_carea' id='block_1_3' title="bbox 594 1178 847 1250">
    <p class='ocr_par' dir='ltr' id='par_1_3' title="bbox 594 1178 847 1250">
     <span class='ocr_line' id='line_1_5' title="bbox 594 1178 847 1250; baseline 0.012 -3"><span class='ocrx_word' id='word_1_21' title='bbox 594 1178 781 1248; x_wconf 83' lang='lat' dir='ltr'><strong>CARMEN</strong></span> <span class='ocrx_word' id='word_1_22' title='bbox 804 1183 847 1250; x_wconf 88' lang='lat' dir='ltr'>V·</span> 
     </span>
    </p>
   </div>
   <div class='ocr_carea' id='block_1_4' title="bbox 482 1391 959 1459">
    <p class='ocr_par' dir='ltr' id='par_1_4' title="bbox 482 1391 959 1459">
     <span class='ocr_line' id='line_1_6' title="bbox 482 1391 959 1459; baseline 0.002 -2"><span class='ocrx_word' id='word_1_23' title='bbox 482 1392 532 1457; x_wconf 91' lang='lat' dir='ltr'>De</span> <span class='ocrx_word' id='word_1_24' title='bbox 555 1391 679 1458; x_wconf 84' lang='lat' dir='ltr'>Christi</span> <span class='ocrx_word' id='word_1_25' title='bbox 709 1391 959 1459; x_wconf 87' lang='lat' dir='ltr'>resurrectione.</span> 
     </span>
    </p>
   </div>
   <div class='ocr_carea' id='block_1_5' title="bbox 111 1536 1244 4116">
    <p class='ocr_par' dir='ltr' id='par_1_5' title="bbox 157 1536 1164 2216">
     <span class='ocr_line' id='line_1_7' title="bbox 216 1536 1164 1696; baseline 0.005 -29"><span class='ocrx_word' id='word_1_26' title='bbox 216 1536 389 1696; x_wconf 82' lang='lat' dir='ltr'>Mystica</span> <span class='ocrx_word' id='word_1_27' title='bbox 413 1621 598 1669; x_wconf 85' lang='lat' dir='ltr'>sanctorum</span> <span class='ocrx_word' id='word_1_28' title='bbox 622 1603 812 1693; x_wconf 89' lang='lat' dir='ltr'>panduntur</span> <span class='ocrx_word' id='word_1_29' title='bbox 836 1603 985 1695; x_wconf 83' lang='lat' dir='ltr'>dogmata</span> <span class='ocrx_word' id='word_1_30' title='bbox 1008 1622 1164 1694; x_wconf 88' lang='lat' dir='ltr'>patrum,</span> 
     </span>
     <span class='ocr_line' id='line_1_8' title="bbox 281 1710 1028 1803; baseline 0.004 -28"><span class='ocrx_word' id='word_1_31' title='bbox 281 1713 459 1777; x_wconf 88' lang='lat' dir='ltr'>Pneumate</span> <span class='ocrx_word' id='word_1_32' title='bbox 482 1710 648 1778; x_wconf 86' lang='lat' dir='ltr'>sanctifico</span> <span class='ocrx_word' id='word_1_33' title='bbox 676 1735 760 1803; x_wconf 90' lang='lat' dir='ltr'>quae</span> <span class='ocrx_word' id='word_1_34' title='bbox 787 1711 936 1779; x_wconf 82' lang='lat' dir='ltr'>cecinere</span> <span class='ocrx_word' id='word_1_35' title='bbox 957 1712 1028 1778; x_wconf 91' lang='lat' dir='ltr'>Deo</span> 
     </span>
     <span class='ocr_line' id='line_1_9' title="bbox 214 1814 1034 1908; baseline 0 -25"><span class='ocrx_word' id='word_1_36' title='bbox 214 1814 356 1884; x_wconf 81' lang='lat' dir='ltr'>Aeterno</span> <span class='ocrx_word' id='word_1_37' title='bbox 376 1818 478 1905; x_wconf 91' lang='lat' dir='ltr'>patris</span> <span class='ocrx_word' id='word_1_38' title='bbox 501 1817 619 1901; x_wconf 85' lang='lat' dir='ltr'>verbo,</span> <span class='ocrx_word' id='word_1_39' title='bbox 648 1841 713 1908; x_wconf 93' lang='lat' dir='ltr'>quo</span> <span class='ocrx_word' id='word_1_40' title='bbox 742 1833 858 1883; x_wconf 87' lang='lat' dir='ltr'>cuncta</span> <span class='ocrx_word' id='word_1_41' title='bbox 879 1833 1034 1884; x_wconf 81' lang='lat' dir='ltr'><strong>creantur</strong></span> 
     </span>
     <span class='ocr_line' id='line_1_10' title="bbox 281 1920 984 2011; baseline 0.001 -25"><span class='ocrx_word' id='word_1_42' title='bbox 281 1920 429 1987; x_wconf 91' lang='lat' dir='ltr'>Occultis</span> <span class='ocrx_word' id='word_1_43' title='bbox 453 1921 578 1989; x_wconf 90' lang='lat' dir='ltr'>sinibus</span> <span class='ocrx_word' id='word_1_44' title='bbox 605 1920 720 1988; x_wconf 83' lang='lat' dir='ltr'>ordine</span> <span class='ocrx_word' id='word_1_45' title='bbox 743 1945 891 2011; x_wconf 90' lang='lat' dir='ltr'>quaeque</span> <span class='ocrx_word' id='word_1_46' title='bbox 908 1923 984 1987; x_wconf 88' lang='lat' dir='ltr'>suis.</span> 
     </span>
     <span class='ocr_line' id='line_1_11' title="bbox 157 2023 1123 2115; baseline 0.006 -30"><span class='ocrx_word' id='word_1_47' title='bbox 157 2024 186 2085; x_wconf 88' lang='lat'>5.</span> <span class='ocrx_word' id='word_1_48' title='bbox 213 2025 357 2090; x_wconf 84' lang='lat' dir='ltr'>Fabrira</span> <span class='ocrx_word' id='word_1_49' title='bbox 381 2048 446 2115; x_wconf 86' lang='lat' dir='ltr'>quo</span> <span class='ocrx_word' id='word_1_50' title='bbox 474 2023 589 2091; x_wconf 89' lang='lat' dir='ltr'>mundi</span> <span class='ocrx_word' id='word_1_51' title='bbox 615 2024 729 2091; x_wconf 86' lang='lat' dir='ltr'>formis</span> <span class='ocrx_word' id='word_1_52' title='bbox 755 2023 852 2092; x_wconf 90' lang='lat' dir='ltr'>simul</span> <span class='ocrx_word' id='word_1_53' title='bbox 878 2027 1030 2092; x_wconf 88' lang='lat' dir='ltr'>omnibus</span> <span class='ocrx_word' id='word_1_54' title='bbox 1055 2050 1123 2092; x_wconf 85' lang='lat' dir='ltr'>uua</span> 
     </span>
     <span class='ocr_line' id='line_1_12' title="bbox 283 2129 882 2216; baseline -0.003 -17"><span class='ocrx_word' id='word_1_55' title='bbox 283 2129 449 2216; x_wconf 83' lang='lat' dir='ltr'>Surrexit,</span> <span class='ocrx_word' id='word_1_56' title='bbox 471 2129 577 2198; x_wconf 81' lang='lat' dir='ltr'>fuerat</span> <span class='ocrx_word' id='word_1_57' title='bbox 603 2148 639 2196; x_wconf 94' lang='lat' dir='ltr'>ut</span> <span class='ocrx_word' id='word_1_58' title='bbox 664 2132 790 2198; x_wconf 86' lang='lat' dir='ltr'>ratione</span> <span class='ocrx_word' id='word_1_59' title='bbox 817 2153 882 2197; x_wconf 84' lang='lat' dir='ltr'>sua.</span> 
     </span>
    </p>

    <p class='ocr_par' dir='ltr' id='par_1_6' title="bbox 216 2233 1125 2538">
     <span class='ocr_line' id='line_1_13' title="bbox 216 2233 1125 2329; baseline 0.002 -26"><span class='ocrx_word' id='word_1_60' title='bbox 216 2241 305 2325; x_wconf 82' lang='lat' dir='ltr'>Quae</span> <span class='ocrx_word' id='word_1_61' title='bbox 328 2240 399 2306; x_wconf 86' lang='lat' dir='ltr'>sine</span> <span class='ocrx_word' id='word_1_62' title='bbox 421 2239 596 2329; x_wconf 81' lang='lat' dir='ltr'>praecessit</span> <span class='ocrx_word' id='word_1_63' title='bbox 622 2240 657 2303; x_wconf 91' lang='lat' dir='ltr'>in</span> <span class='ocrx_word' id='word_1_64' title='bbox 686 2236 819 2306; x_wconf 90' lang='lat' dir='ltr'>Christo</span> <span class='ocrx_word' id='word_1_65' title='bbox 849 2253 997 2327; x_wconf 91' lang='lat' dir='ltr'>tempore</span> <span class='ocrx_word' id='word_1_66' title='bbox 1016 2233 1125 2321; x_wconf 87' lang='lat' dir='ltr'>sacta,</span> 
     </span>
     <span class='ocr_line' id='line_1_14' title="bbox 283 2342 1042 2434; baseline 0.003 -25"><span class='ocrx_word' id='word_1_67' title='bbox 283 2346 370 2410; x_wconf 86' lang='lat' dir='ltr'>Dum</span> <span class='ocrx_word' id='word_1_68' title='bbox 391 2368 520 2434; x_wconf 87' lang='lat' dir='ltr'>semper</span> <span class='ocrx_word' id='word_1_69' title='bbox 547 2360 642 2409; x_wconf 86' lang='lat' dir='ltr'>natus</span> <span class='ocrx_word' id='word_1_70' title='bbox 670 2359 787 2409; x_wconf 89' lang='lat' dir='ltr'>cuncta</span> <span class='ocrx_word' id='word_1_71' title='bbox 813 2360 921 2410; x_wconf 88' lang='lat' dir='ltr'>creata</span> <span class='ocrx_word' id='word_1_72' title='bbox 943 2342 1042 2411; x_wconf 84' lang='lat' dir='ltr'>videt.</span> 
     </span>
     <span class='ocr_line' id='line_1_15' title="bbox 219 2438 1084 2538; baseline 0.003 -27"><span class='ocrx_word' id='word_1_73' title='bbox 219 2438 325 2532; x_wconf 83' lang='lat' dir='ltr'>Quam</span> <span class='ocrx_word' id='word_1_74' title='bbox 352 2473 450 2538; x_wconf 90' lang='lat' dir='ltr'>super</span> <span class='ocrx_word' id='word_1_75' title='bbox 476 2448 610 2535; x_wconf 79' lang='lat' dir='ltr'>effertur</span> <span class='ocrx_word' id='word_1_76' title='bbox 635 2463 763 2515; x_wconf 88' lang='lat' dir='ltr'>sauctus</span> <span class='ocrx_word' id='word_1_77' title='bbox 790 2449 919 2514; x_wconf 84' lang='lat' dir='ltr'>ratione</span> <span class='ocrx_word' id='word_1_78' title='bbox 940 2449 1084 2538; x_wconf 78' lang='lat' dir='ltr'>regentis</span> 
     </span>
    </p>

    <p class='ocr_par' dir='ltr' id='par_1_7' title="bbox 111 2551 1244 4116">
     <span class='ocr_line' id='line_1_16' title="bbox 145 2551 1040 2643; baseline 0.003 -29"><span class='ocrx_word' id='word_1_79' title='bbox 145 2571 194 2615; x_wconf 89' lang='lat' dir='ltr'>ro.</span> <span class='ocrx_word' id='word_1_80' title='bbox 287 2552 445 2641; x_wconf 84' lang='lat' dir='ltr'>Spiritus,</span> <span class='ocrx_word' id='word_1_81' title='bbox 466 2569 502 2617; x_wconf 93' lang='lat' dir='ltr'>ut</span> <span class='ocrx_word' id='word_1_82' title='bbox 528 2576 635 2619; x_wconf 86' lang='lat' dir='ltr'>sacras</span> <span class='ocrx_word' id='word_1_83' title='bbox 661 2551 843 2618; x_wconf 85' lang='lat' dir='ltr'>vivificaret</span> <span class='ocrx_word' id='word_1_84' title='bbox 865 2574 977 2643; x_wconf 86' lang='lat' dir='ltr'>aquas.</span> <span class='ocrx_word' id='word_1_85' title='bbox 1032 2555 1040 2576; x_wconf 66' lang='lat'>&#39;¹</span> 
     </span>
     <span class='ocr_line' id='line_1_17' title="bbox 111 2646 1143 2749; baseline 0.002 -24"><span class='ocrx_word' id='word_1_86' title='bbox 111 2646 112 2650; x_wconf 22' lang='lat'>¹</span> <span class='ocrx_word' id='word_1_87' title='bbox 219 2656 416 2749; x_wconf 84' lang='lat' dir='ltr'>Angelicum</span> <span class='ocrx_word' id='word_1_88' title='bbox 434 2682 607 2727; x_wconf 87' lang='lat' dir='ltr'>numerum</span> <span class='ocrx_word' id='word_1_89' title='bbox 633 2680 826 2747; x_wconf 90' lang='lat' dir='ltr'>superorum</span> <span class='ocrx_word' id='word_1_90' title='bbox 851 2676 956 2723; x_wconf 88' lang='lat' dir='ltr'>castra</span> <span class='ocrx_word' id='word_1_91' title='bbox 980 2674 1143 2728; x_wconf 86' lang='lat' dir='ltr'>tenentem</span> 
     </span>
     <span class='ocr_line' id='line_1_18' title="bbox 290 2760 1069 2853; baseline 0.001 -24"><span class='ocrx_word' id='word_1_92' title='bbox 290 2763 467 2829; x_wconf 90' lang='lat' dir='ltr'>Constituit</span> <span class='ocrx_word' id='word_1_93' title='bbox 489 2763 612 2830; x_wconf 89' lang='lat' dir='ltr'>mundo</span> <span class='ocrx_word' id='word_1_94' title='bbox 637 2779 767 2830; x_wconf 87' lang='lat' dir='ltr'>caetera</span> <span class='ocrx_word' id='word_1_95' title='bbox 795 2785 947 2853; x_wconf 88' lang='lat' dir='ltr'>quaeque</span> <span class='ocrx_word' id='word_1_96' title='bbox 967 2760 1069 2830; x_wconf 76' lang='lat' dir='ltr'>vida·</span> 
     </span>
     <span class='ocr_line' id='line_1_19' title="bbox 219 2865 1111 2957; baseline 0.002 -24"><span class='ocrx_word' id='word_1_97' title='bbox 219 2870 365 2954; x_wconf 88' lang='lat' dir='ltr'>Quorum</span> <span class='ocrx_word' id='word_1_98' title='bbox 391 2869 554 2957; x_wconf 78' lang='lat' dir='ltr'>primaten</span> <span class='ocrx_word' id='word_1_99' title='bbox 579 2868 746 2937; x_wconf 89' lang='lat' dir='ltr'>hominem</span> <span class='ocrx_word' id='word_1_100' title='bbox 770 2865 938 2956; x_wconf 83' lang='lat' dir='ltr'>paradisus</span> <span class='ocrx_word' id='word_1_101' title='bbox 962 2869 1111 2938; x_wconf 87' lang='lat' dir='ltr'>habehat</span> 
     </span>
     <span class='ocr_line' id='line_1_20' title="bbox 289 2973 1036 3045; baseline 0.005 -4"><span class='ocrx_word' id='word_1_102' title='bbox 289 2973 477 3042; x_wconf 85' lang='lat' dir='ltr'>Assimilem</span> <span class='ocrx_word' id='word_1_103' title='bbox 501 2973 624 3042; x_wconf 84' lang='lat' dir='ltr'>factum</span> <span class='ocrx_word' id='word_1_104' title='bbox 645 2991 755 3042; x_wconf 88' lang='lat' dir='ltr'>mente</span> <span class='ocrx_word' id='word_1_105' title='bbox 782 2974 897 3041; x_wconf 88' lang='lat' dir='ltr'>videre</span> <span class='ocrx_word' id='word_1_106' title='bbox 916 2977 1036 3045; x_wconf 87' lang='lat' dir='ltr'>Deum.</span> 
     </span>
     <span class='ocr_line' id='line_1_21' title="bbox 146 3076 1219 3170; baseline 0.006 -27"><span class='ocrx_word' id='word_1_107' title='bbox 146 3078 196 3144; x_wconf 77' lang='lat'>15·</span> <span class='ocrx_word' id='word_1_108' title='bbox 219 3079 312 3145; x_wconf 87' lang='lat' dir='ltr'>Hanc</span> <span class='ocrx_word' id='word_1_109' title='bbox 329 3078 428 3145; x_wconf 92' lang='lat' dir='ltr'>homo</span> <span class='ocrx_word' id='word_1_110' title='bbox 453 3077 654 3168; x_wconf 84' lang='lat' dir='ltr'>praeclaram</span> <span class='ocrx_word' id='word_1_111' title='bbox 673 3080 812 3168; x_wconf 88' lang='lat' dir='ltr'>speciem</span> <span class='ocrx_word' id='word_1_112' title='bbox 834 3076 1059 3170; x_wconf 88' lang='lat' dir='ltr'>complectere</span> <span class='ocrx_word' id='word_1_113' title='bbox 1081 3077 1219 3164; x_wconf 82' lang='lat' dir='ltr'>nolens,</span> 
     </span>
     <span class='ocr_line' id='line_1_22' title="bbox 287 3172 1045 3274; baseline 0.004 -23"><span class='ocrx_word' id='word_1_114' title='bbox 287 3184 441 3270; x_wconf 84' lang='lat' dir='ltr'>Corruit,</span> <span class='ocrx_word' id='word_1_115' title='bbox 463 3172 495 3251; x_wconf 78' lang='lat' dir='ltr'>et</span> <span class='ocrx_word' id='word_1_116' title='bbox 514 3183 642 3274; x_wconf 91' lang='lat' dir='ltr'>prolem</span> <span class='ocrx_word' id='word_1_117' title='bbox 666 3186 766 3252; x_wconf 80' lang='lat' dir='ltr'>traxit</span> <span class='ocrx_word' id='word_1_118' title='bbox 788 3184 830 3250; x_wconf 88' lang='lat' dir='ltr'>ad</span> <span class='ocrx_word' id='word_1_119' title='bbox 852 3188 917 3254; x_wconf 89' lang='lat' dir='ltr'>ima</span> <span class='ocrx_word' id='word_1_120' title='bbox 943 3211 1045 3255; x_wconf 82' lang='lat' dir='ltr'>suam.</span> 
     </span>
     <span class='ocr_line' id='line_1_23' title="bbox 216 3288 1038 3381; baseline 0.002 -24"><span class='ocrx_word' id='word_1_121' title='bbox 216 3288 281 3361; x_wconf 91' lang='lat' dir='ltr'>Sed</span> <span class='ocrx_word' id='word_1_122' title='bbox 307 3313 348 3354; x_wconf 89' lang='lat' dir='ltr'>ne</span> <span class='ocrx_word' id='word_1_123' title='bbox 377 3305 466 3356; x_wconf 89' lang='lat' dir='ltr'>tanta</span> <span class='ocrx_word' id='word_1_124' title='bbox 491 3291 553 3356; x_wconf 87' lang='lat' dir='ltr'>Dei</span> <span class='ocrx_word' id='word_1_125' title='bbox 580 3290 707 3377; x_wconf 90' lang='lat' dir='ltr'>penitus</span> <span class='ocrx_word' id='word_1_126' title='bbox 734 3291 889 3357; x_wconf 87' lang='lat' dir='ltr'>transiret</span> <span class='ocrx_word' id='word_1_127' title='bbox 909 3292 1038 3381; x_wconf 82' lang='lat' dir='ltr'>imago,</span> 
     </span>
     <span class='ocr_line' id='line_1_24' title="bbox 285 3393 1111 3483; baseline 0.004 -22"><span class='ocrx_word' id='word_1_128' title='bbox 285 3395 379 3461; x_wconf 86' lang='lat' dir='ltr'>Hanc</span> <span class='ocrx_word' id='word_1_129' title='bbox 405 3395 544 3482; x_wconf 88' lang='lat' dir='ltr'>speciem</span> <span class='ocrx_word' id='word_1_130' title='bbox 567 3393 710 3461; x_wconf 89' lang='lat' dir='ltr'>hominis</span> <span class='ocrx_word' id='word_1_131' title='bbox 733 3397 839 3483; x_wconf 91' lang='lat' dir='ltr'>coepit</span> <span class='ocrx_word' id='word_1_132' title='bbox 860 3394 986 3463; x_wconf 85' lang='lat' dir='ltr'>habere</span> <span class='ocrx_word' id='word_1_133' title='bbox 1009 3396 1111 3464; x_wconf 83' lang='lat' dir='ltr'>Deua.</span> 
     </span>
     <span class='ocr_line' id='line_1_25' title="bbox 218 3497 1118 3591; baseline 0.002 -26"><span class='ocrx_word' id='word_1_134' title='bbox 218 3502 303 3565; x_wconf 88' lang='lat' dir='ltr'>Hinc</span> <span class='ocrx_word' id='word_1_135' title='bbox 327 3516 419 3565; x_wconf 81' lang='lat' dir='ltr'>natus</span> <span class='ocrx_word' id='word_1_136' title='bbox 448 3497 593 3583; x_wconf 84' lang='lat' dir='ltr'>mundo,</span> <span class='ocrx_word' id='word_1_137' title='bbox 616 3522 727 3587; x_wconf 84' lang='lat' dir='ltr'>passus</span> <span class='ocrx_word' id='word_1_138' title='bbox 750 3501 811 3565; x_wconf 81' lang='lat' dir='ltr'>sub</span> <span class='ocrx_word' id='word_1_139' title='bbox 835 3498 907 3591; x_wconf 82' lang='lat' dir='ltr'>lege</span> <span class='ocrx_word' id='word_1_140' title='bbox 932 3499 1118 3584; x_wconf 87' lang='lat' dir='ltr'>malorum,</span> 
     </span>
     <span class='ocr_line' id='line_1_26' title="bbox 142 3603 1039 3695; baseline -0.001 -22"><span class='ocrx_word' id='word_1_141' title='bbox 142 3633 195 3676; x_wconf 81' lang='lat' dir='ltr'>ao.</span> <span class='ocrx_word' id='word_1_142' title='bbox 290 3608 399 3671; x_wconf 90' lang='lat' dir='ltr'>Morte</span> <span class='ocrx_word' id='word_1_143' title='bbox 423 3629 480 3672; x_wconf 86' lang='lat' dir='ltr'>sua</span> <span class='ocrx_word' id='word_1_144' title='bbox 509 3621 645 3670; x_wconf 90' lang='lat' dir='ltr'>mortem</span> <span class='ocrx_word' id='word_1_145' title='bbox 671 3603 816 3692; x_wconf 88' lang='lat' dir='ltr'>perdidit</span> <span class='ocrx_word' id='word_1_146' title='bbox 832 3606 900 3695; x_wconf 88' lang='lat' dir='ltr'>ipse</span> <span class='ocrx_word' id='word_1_147' title='bbox 923 3630 1039 3673; x_wconf 88' lang='lat' dir='ltr'>meam.</span> 
     </span>
     <span class='ocr_line' id='line_1_27' title="bbox 218 3711 1244 3802; baseline 0.003 -27"><span class='ocrx_word' id='word_1_148' title='bbox 218 3715 289 3797; x_wconf 88' lang='lat' dir='ltr'>Quo</span> <span class='ocrx_word' id='word_1_149' title='bbox 305 3712 396 3796; x_wconf 48' lang='lat' dir='ltr'>sunt,</span> <span class='ocrx_word' id='word_1_150' title='bbox 412 3735 475 3801; x_wconf 92' lang='lat' dir='ltr'>quo</span> <span class='ocrx_word' id='word_1_151' title='bbox 491 3711 625 3792; x_wconf 85' lang='lat' dir='ltr'>vivunt,</span> <span class='ocrx_word' id='word_1_152' title='bbox 639 3733 702 3801; x_wconf 90' lang='lat' dir='ltr'>quo</span> <span class='ocrx_word' id='word_1_153' title='bbox 716 3728 822 3797; x_wconf 89' lang='lat' dir='ltr'>stant,</span> <span class='ocrx_word' id='word_1_154' title='bbox 841 3735 906 3802; x_wconf 88' lang='lat' dir='ltr'>quo</span> <span class='ocrx_word' id='word_1_155' title='bbox 923 3730 1039 3779; x_wconf 84' lang='lat' dir='ltr'>cuncta</span> <span class='ocrx_word' id='word_1_156' title='bbox 1052 3728 1244 3795; x_wconf 85' lang='lat' dir='ltr'>moventur,</span> 
     </span>
     <span class='ocr_line' id='line_1_28' title="bbox 285 3814 1040 3905; baseline 0.004 -25"><span class='ocrx_word' id='word_1_157' title='bbox 285 3815 347 3882; x_wconf 93' lang='lat' dir='ltr'>Ille</span> <span class='ocrx_word' id='word_1_158' title='bbox 374 3817 461 3882; x_wconf 85' lang='lat' dir='ltr'>Deus</span> <span class='ocrx_word' id='word_1_159' title='bbox 483 3816 645 3896; x_wconf 88' lang='lat' dir='ltr'>moritur,</span> <span class='ocrx_word' id='word_1_160' title='bbox 668 3816 756 3880; x_wconf 84' lang='lat' dir='ltr'>vivat</span> <span class='ocrx_word' id='word_1_161' title='bbox 782 3832 816 3880; x_wconf 93' lang='lat' dir='ltr'>ut</span> <span class='ocrx_word' id='word_1_162' title='bbox 840 3817 910 3905; x_wconf 87' lang='lat' dir='ltr'>ipse</span> <span class='ocrx_word' id='word_1_163' title='bbox 928 3814 1040 3884; x_wconf 85' lang='lat' dir='ltr'>hom0.</span> 
     </span>
     <span class='ocr_line' id='line_1_29' title="bbox 218 3917 991 4011; baseline 0.001 -26"><span class='ocrx_word' id='word_1_164' title='bbox 218 3919 355 3986; x_wconf 86' lang='lat' dir='ltr'>Ordine</span> <span class='ocrx_word' id='word_1_165' title='bbox 378 3917 549 4009; x_wconf 88' lang='lat' dir='ltr'>multiplici</span> <span class='ocrx_word' id='word_1_166' title='bbox 575 3921 716 4011; x_wconf 84' lang='lat' dir='ltr'>signatus</span> <span class='ocrx_word' id='word_1_167' title='bbox 742 3920 890 4009; x_wconf 88' lang='lat' dir='ltr'>patribus</span> <span class='ocrx_word' id='word_1_168' title='bbox 910 3917 991 3986; x_wconf 86' lang='lat' dir='ltr'>olim</span> 
     </span>
     <span class='ocr_line' id='line_1_30' title="bbox 284 4024 937 4116; baseline 0 -26"><span class='ocrx_word' id='word_1_169' title='bbox 284 4027 448 4092; x_wconf 83' lang='lat' dir='ltr'>Mactatur</span> <span class='ocrx_word' id='word_1_170' title='bbox 470 4024 557 4116; x_wconf 71' lang='lat' dir='ltr'>legi,</span> <span class='ocrx_word' id='word_1_171' title='bbox 580 4026 710 4094; x_wconf 84' lang='lat' dir='ltr'>vatibus</span> <span class='ocrx_word' id='word_1_172' title='bbox 739 4043 771 4094; x_wconf 90' lang='lat' dir='ltr'>et</span> <span class='ocrx_word' id='word_1_173' title='bbox 797 4027 937 4094; x_wconf 87' lang='lat' dir='ltr'>canitur.</span> 
     </span>
    </p>
   </div>
   <div class='ocr_carea' id='block_1_6' title="bbox 0 0 1696 5206">
    <p class='ocr_par' dir='ltr' id='par_1_8' title="bbox 0 0 1696 5206">
     <span class='ocr_line' id='line_1_31' title="bbox 0 0 1696 5206; baseline 0 0"><span class='ocrx_word' id='word_1_174' title='bbox 0 0 1696 5206; x_wconf 95' lang='lat' dir='ltr'> </span> 
     </span>
    </p>
   </div>
  </div>
 </body>
</html>
