3382 5206
682 577 727 620 DE
754 574 910 622 noritur.

276 678 396 734 ablativo
431 697 494 733 caru
530 680 632 732 numeri
653 678 772 743 singula-

276 766 314 822 rit
336 784 391 838 qua
415 767 505 820 littera
533 767 630 818 debeat
649 767 768 816 tonnina-

277 849 331 905 rii
357 852 453 923 utique
488 870 542 904 οισι
571 851 674 906 scilicn
700 868 767 918 qno·

277 937 370 996 nium,
387 940 469 994 n'cuti
495 956 574 1010 supra
597 956 767 992 morrnrrnus.

276 1044 457 1098 quaecumque
472 1027 577 1080 nomina
590 1028 712 1095 genetivo
727 1043 768 1076 ca·

276 1132 308 1169 ru
328 1116 429 1170 numeri
442 1115 583 1183 singularis
601 1132 651 1166 «εει
670 1114 767 1166 {itteris

277 1204 460 1261 definiuntur.
479 1205 545 1256 haec
577 1203 694 1256 ablativo
721 1218 767 1251 cn-

277 1307 308 1343 uu
336 1292 437 1343 numeri
464 1292 607 1358 singularis
627 1310 662 1339 ιιι·
679 1288 765 1340 littera

274 1379 456 1430 terminantur.
477 1379 541 1432 itom
572 1377 710 1447 quaeritur
734 1374 767 1423 nh

276 1484 308 1519 eo
331 1485 385 1536 quo
410 1467 481 1518 dixit
507 1466 638 1533 Vergilius
663 1491 677 1502 -
706 1463 767 1530 quis

281 1554 332 1604 iarn
364 1555 436 1607 iocus
471 1554 579 1622 inquit.
605 1551 706 1604 Achate
735 1577 765 1605 -ι

280 1642 314 1695 'ad
326 1649 412 1712 'quam
430 1641 538 1695 formam
555 1641 681 1692 declinari
692 1657 767 1709 orror·

283 1728 372 1784 tert?
408 1732 502 1801 utiquc
540 1730 574 1782 ud
606 1728 763 1782 Anchisae:

279 1821 380 1874 rcilicct
422 1821 548 1891 quoniam
579 1800 765 1887 ’quaecumque

279 1908 385 1960 nomina
402 1909 504 1976 generis
526 1905 662 1958 murcalini
685 1921 765 1956 vocr-

280 1992 336 2046 tivo
359 2011 421 2046 casu
451 1995 551 2046 numeri
569 1993 710 2061 singularis
729 2012 763 2043 ·e·

278 2081 369 2135 littera
386 2084 561 2137 terminantur
576 2121 583 2141 ‚
600 2093 627 2136 ct
645 2082 765 2148 genetivo

279 2187 340 2223 casu
355 2175 455 2223 numeri
467 2172 608 2237 singularis
627 2188 677 2222 ue·
696 2171 765 2222 litte·

280 2257 316 2310 ris
334 2258 517 2315 definiuntur,
537 2259 601 2309 hacc
623 2276 670 2328 por
692 2271 765 2309 crte-

280 2363 321 2398 τω
331 2363 407 2398 cauus
417 2348 450 2396 ad
462 2345 569 2398 sormam
581 2345 711 2396 Anchisae
721 2345 766 2395 de·

279 2432 422 2483 clinantnr.
433 2433 491 2501 Qua
505 2434 608 2484 ratione
621 2431 690 2483 idum
707 2432 766 2483 Ver·

279 2521 417 2588 giiiuuhoc
430 2525 515 2592 ipsum
525 2516 695 2574 corroborans
709 2536 766 2588 pro

280 2619 387 2663 recatus
404 2620 445 2663 est
463 2611 613 2681 -rapidum
636 2608 670 2660 ad
691 2609 766 2659 navis

282 2696 431 2768 praemittit
440 2698 558 2750 Achaten
569 2728 585 2739 ·
594 2697 695 2751 scilicet
703 2715 765 2764 qno

280 2785 374 2846 nium
397 2788 478 2843 sicuti
496 2806 574 2858 supra
598 2788 767 2842 monuimus.

282 2876 354 2945 quod
361 2870 543 2948 quaecumque
555 2877 659 2931 nornina
671 2875 767 2942 geneti-

283 2965 769 3033 vocamnumerinngunrnnenitu·

283 3052 320 3104 ris
335 3053 560 3109 tcrrninuntur,et
572 3054 693 3106 vocativo
708 3070 768 3102 casu

282 3141 384 3194 numeri
397 3142 538 3209 ringuiaria
556 3159 590 3192 ιε·
606 3141 694 3194 littera
715 3151 768 3192 ter-

281 3233 435 3290 minantur,
453 3233 527 3285 haec.
545 3232 695 3285 accusativo
724 3248 768 3281 ca-

280 3341 310 3376 tu
337 3322 438 3375 numeri
460 3323 600 3388 singularis
621 3339 672 3374 -en·
695 3322 769 3373 litte-

281 3412 319 3465 rit
342 3412 522 3467 definiuntur.
549 3423 576 3464 ct
600 3429 646 3481 per
671 3422 770 3462 eeteros

282 3518 358 3553 casus
379 3501 413 3553 ad
433 3499 540 3553 forman
565 3499 696 3550 Anchisae
721 3498 770 3549 rh·-

282 3590 423 3642 ciinantur·
443 3591 481 3642 De
499 3588 617 3641 ablativo
636 3605 696 3638 casu
718 3606 769 3638 nu-

283 3675 350 3726 meri
368 3676 531 3743 singularis.
557 3676 604 3744 qni
624 3694 656 3727 cn
676 3693 767 3741 genno

284 3763 427 3816 masculino
447 3783 481 3814 ·a·
496 3765 585 3816 iittcra
599 3764 767 3821 terminatur,

280 3863 408 3922 quantnrn
428 3853 496 3906 ratio
515 3852 656 3923 poscebat,
674 3866 765 3908 tracta

282 3943 375 3995 rimus.

1197 618 1200 623 ,
1220 543 1286 640 ι93

871 673 914 731 26.
935 692 969 728 nr
993 693 1102 730 ornnra
1125 690 1268 728 rurrnnuo·

823 799 978 907 Feurinini
999 853 1100 920 generis
1120 851 1225 905 nomina
1244 868 1314 920 quae

821 939 941 993 ablativo
960 959 1020 993 casn
1042 942 1141 992 nnrncri
1170 939 1313 1005 singularis

822 1047 855 1080 ·a·
873 1031 961 1083 littera
975 1032 1174 1086 terminantur,
1188 1028 1253 1081 haec
1266 1048 1311 1082 no·

820 1119 948 1172 minativo
967 1136 1028 1172 casu
1048 1122 1151 1172 numeri
1170 1121 1313 1186 singularis

822 1208 926 1261 dnobus
955 1209 997 1261 his
1026 1209 1114 1264 iorrnir
1147 1209 1311 1265 definiuntur

820 1308 923 1349 tanturn
945 1315 980 1348 ·a·
1003 1296 1051 1348 ·iu·

1018 1400 1053 1435 un
1073 1397 1111 1434 σι·

854 1469 1040 1539 Quaecumque
1048 1469 1154 1522 nomina
1164 1465 1264 1533 generis
1273 1464 1310 1519 ie-

819 1558 913 1609 minini
933 1558 1050 1611 ablativo
1068 1574 1129 1608 casu
1143 1572 1244 1608 numeri
1256 1555 1309 1606 sin-

819 1647 917 1712 gularis
929 1666 966 1699 ϊ
977 1646 1068 1700 littera
1081 1645 1256 1698 terminantur
1265 1679 1273 1701 .
1282 1655 1309 1698 et

820 1737 984 1790 nominativo
1004 1754 1065 1788 casu
1086 1735 1188 1788 numeri
1216 1734 1309 1801 siugu-

818 1825 880 1876 hrris
900 1843 936 1876 ·a·
962 1827 1052 1878 littera
1070 1824 1249 1878 definiuntur.
1277 1831 1309 1874 nt

816 1925 881 1983 puta
894 1912 950 1964 -ab
970 1913 1021 1965 hac
1041 1913 1154 1970 misera.
1172 1911 1238 1963 haec
1255 1910 1307 1961 mi-

815 2017 891 2056 rera.
909 1999 974 2053 haer.
987 1999 1021 2051 ad
1035 2000 1084 2054 hoc
1099 1999 1245 2068 exemplum
1265 1997 1307 2050 de·

817 2091 978 2143 ciinantur:
1003 2090 1104 2143 numeri
1133 2086 1274 2155 singularis
1294 2116 1308 2128 -

816 2176 881 2230 haec
908 2178 1006 2230 misera
1029 2215 1036 2234 ,
1064 2178 1144 2230 huius
1169 2178 1307 2231 miserae.

817 2262 880 2314 huic
896 2265 1025 2321 miserae.
1044 2264 1114 2316 hanc
1133 2264 1272 2319 miseram.
1290 2281 1307 2314 o

818 2350 934 2407 misera.
954 2351 988 2404 ub
1008 2353 1057 2403 hnc
1075 2352 1186 2406 miserat
1204 2350 1307 2404 numeri

817 2440 927 2510 pluralis
945 2440 995 2491 hae
1010 2441 1134 2496 miserae.
1149 2438 1242 2490 harum
1262 2437 1308 2489 mi

815 2544 951 2585 terarum.
970 2529 1012 2580 nn
1030 2525 1147 2582 miseris,
1166 2525 1214 2578 has
1233 2525 1306 2576 misc·

819 2631 880 2672 ras.
899 2635 914 2668 o
934 2615 1056 2672 miserae,
1076 2613 1109 2666 ub
1128 2613 1170 2666 his
1193 2612 1306 2664 miseris.

818 2705 860 2756 Sic
877 2716 903 2757 ct
921 2705 973 2756 aiia
992 2704 1092 2770 generis
1111 2702 1232 2756 feminini
1257 2719 1306 2753 no·

820 2793 909 2848 mina,
936 2809 1005 2859 quae
1031 2791 1150 2842 abiativo
1168 2806 1230 2841 casu
1256 2807 1309 2840 nu-

821 2880 885 2931 meri
902 2878 1044 2946 singularis
1064 2895 1100 2928 ·a·
1120 2876 1210 2928 littura
1224 2874 1311 2928 termi-

821 2980 934 3024 nantur.
954 2978 982 3019 et
993 2965 1155 3018 nominativo
1174 2981 1236 3016 cusu
1255 2982 1308 3014 nu-

821 3075 886 3110 meri
904 3055 1046 3124 singularis
1075 3072 1111 3105 ·a·
1136 3054 1225 3108 littera
1244 3052 1311 3104 defi-

823 3145 953 3199 niuntur.
984 3142 1017 3193 ad
1034 3140 1182 3212 exemplum
1201 3140 1311 3192 miserae

823 3249 868 3301 pcr
881 3246 969 3283 omnes
988 3247 1063 3280 cusns
1078 3228 1256 3280 declinantur.

858 3318 925 3369 Sanc
945 3318 972 3368 in
993 3317 1043 3367 hac
1061 3314 1241 3386 suprascripta
1260 3313 1312 3367 ior·

822 3425 863 3459 rna
874 3408 923 3460 hoc
934 3423 1080 3460 monemus.
1099 3404 1171 3474 quod
1188 3403 1253 3456 haec
1262 3421 1310 3455 rex

823 3497 928 3548 nomina
955 3506 1080 3550 tantum,
1109 3494 1136 3545 id
1160 3503 1218 3550 est.
1238 3491 1310 3547 solu·

822 3587 907 3641 nulia.
931 3585 1001 3638 nlla.
1024 3594 1100 3637 utra.
1123 3599 1191 3639 una,
1210 3580 1310 3637 altura.

819 3693 897 3742 qnaar
918 3673 1031 3724 maxime
1044 3681 1149 3742 propter
1161 3679 1309 3722 structuras

820 3765 939 3828 {annotivo
957 3774 984 3815 et
1008 3761 1099 3814 dativo
1117 3778 1179 3812 casu
1204 3760 1309 3812 numeri

820 3851 961 3915 singularis
981 3849 1017 3901 sic
1037 3848 1155 3899 anomale
1173 3849 1309 3901 confirma-

823 3959 849 3992 ta
868 3940 936 3994 nint.
956 3937 1102 3998 ‹inclinari3
1117 3936 1168 3988 hoc
1185 3945 1244 3992 est,
1259 3934 1308 3986 hu·

825 4029 864 4082 ius
895 4028 1000 4083 soiius.
1027 4027 1091 4090 huic
1120 4026 1196 4088 soii;
1224 4026 1262 4077 sic
1285 4034 1312 4076 ct

1051 4139 1091 4213 13
