3382 5206
348 519 371 593 8
663 573 665 577 .
727 542 877 591 sersrom
898 545 919 591 r.

320 667 462 726 utamur
477 664 616 738 ,tamen
636 648 718 749 quia
738 648 805 721 boc
825 666 909 749 aput
927 667 1059 725 veteres
1080 677 1143 751 pro
1162 669 1258 728 recto
1277 653 1336 726 lra-

319 779 442 847 beatur
466 826 475 859 ,
503 770 618 870 siquid
638 771 727 844 lorte
746 770 948 845 huiusmodi
968 774 1138 874 scriptum
1163 774 1336 875 repperie-

322 893 370 966 ris
392 894 437 993 (a)
457 948 466 981 ‚
486 891 568 964 licet
593 916 665 964 non
691 890 735 963 ad
759 889 988 965 indubitatam
1008 896 1253 969 auctoritatem
1271 896 1336 967 rel-

320 1012 505 1088 ferendum
524 1012 575 1113 (b)
596 1029 722 1112 putes,
748 1028 865 1086 tamen
891 1014 973 1113 quia
997 1042 1018 1088 a
1044 1017 1217 1089 veteribus
1237 1042 1334 1088 usur·

321 1148 444 1234 patum
471 1146 553 1220 est,
587 1130 840 1230 reprehendere
868 1133 1013 1215 omnino
1037 1160 1109 1206 non
1141 1133 1245 1229 debes
1271 1135 1333 1234 (e).

322 1252 575 1326 Verumtamen
595 1249 682 1324 baec
698 1251 764 1323 tria
782 1260 907 1348 genera
925 1269 1068 1353 propter
1086 1253 1336 1327 discretionem

323 1370 501 1473 quandam
529 1398 548 1442 a
574 1370 688 1466 gnaris
714 1387 747 1443 et
773 1371 1003 1471 prudentibus
1024 1372 1259 1473 philosophiae
1283 1399 1334 1444 ar·

323 1490 476 1565 tificihus
504 1490 657 1589 apposita
685 1507 797 1579 sunt,
822 1509 861 1564 ut
889 1493 954 1564 sub
980 1492 1032 1563 his
1054 1472 1255 1565 nominibus
1280 1519 1334 1589 ge·

251 1642 255 1649 ·
322 1637 449 1685 nerum
473 1608 642 1682 discretus
665 1609 808 1708 quidam
835 1611 919 1684 ordo
948 1612 1126 1685 dictorum
1149 1612 1334 1684 sententia·

322 1757 472 1831 rumque
491 1728 640 1802 describi
658 1729 796 1803 facilius
819 1732 934 1831 possit.

400 1853 436 1943 4.
464 1843 537 1920 Sed
561 1846 643 1946 quia
667 1847 711 1920 de
736 1851 950 1922 nominativo
972 1877 1052 1923 casu
1077 1849 1196 1922 dicere
1221 1848 1334 1947 dispo-

321 1966 489 2054 suimus,
515 1965 672 2064 quaestio
691 1967 790 2039 nobis
819 1967 991 2065 ingeritur
1020 1995 1083 2040 cur
1111 1967 1175 2040 uni
1195 1967 1332 2039 nomini

317 2083 554 2159 nominativus
580 2083 762 2182 singularis
790 2113 888 2158 casus
917 2086 1134 2185 repperiatur
1163 2084 1291 2183 duplex
1319 2141 1328 2171 ‚

318 2230 401 2278 cum
417 2222 483 2304 per
502 2232 623 2279 onmes
645 2234 743 2280 casus
763 2234 833 2279 una
848 2206 1036 2305 eademque
1057 2205 1101 2277 sit
1120 2202 1329 2293 declinatio,

319 2343 359 2399 ut
379 2325 529 2399 dicimus
549 2354 628 2427 sepe
649 2328 738 2428 sepis
762 2385 772 2416 ‚
798 2344 834 2400 et
853 2355 929 2428 seps
947 2326 1063 2427 sepis,
1088 2325 1200 2400 Cebes
1222 2323 1332 2398 Cebe-

319 2446 385 2536 tis,
400 2463 436 2520 et
459 2444 550 2521 Cehs
573 2444 733 2523 Cebetis:
754 2447 838 2520 item
857 2474 975 2546 preces
997 2447 1131 2546 precis,
1151 2474 1236 2546 prex
1255 2474 1332 2545 pre·

320 2567 370 2640 cis
393 2624 404 2658 ‚
423 2566 520 2641 sedes
539 2566 629 2640 sedis
654 2623 664 2656 ‚
689 2584 724 2640 et
742 2595 794 2640 ses
815 2566 905 2640 sedis
928 2623 937 2655 ‚
965 2583 1000 2640 et
1022 2584 1145 2642 cetera.
1167 2566 1243 2639 Hoc
1264 2592 1334 2638 ma·

320 2687 412 2761 xime
439 2704 579 2788 propter
605 2703 795 2761 metrorum
822 2688 1061 2762 necessitatem
1090 2744 1099 2776 ‚
1134 2688 1333 2788 pedumque

322 2807 637 2881 mensurandorum
655 2836 696 2880 ae
716 2824 915 2909 temporum
941 2809 1148 2908 positionem
1171 2864 1181 2896 ‚
1209 2806 1335 2907 accipi·

321 2942 391 3015 tur.
400 2923 477 2999 Hoc
497 2942 614 2999 tamen
635 2926 838 3019 sciendum,
857 2927 952 3026 quod
972 2927 1105 3027 quoties
1125 2926 1265 2999 dicatur
1284 2953 1334 3014 ῳ-

322 3071 382 3144 pes
402 3044 583 3144 ‚lapidum
603 3045 803 3120 ostendatur
817 3045 989 3121 materia:
1010 3072 1094 3118 cum
1113 3061 1233 3118 autem
1251 3037 1334 3115 scli-

319 3162 422 3234 batur
440 3189 517 3263 seps
542 3218 552 3253 ‚
581 3162 758 3260 lignorum
783 3190 918 3264 semper
945 3163 1019 3236 erit.
1042 3160 1104 3235 Sic
1131 3187 1214 3236 cum
1242 3160 1330 3233 dicis

322 3308 443 3381 preces
467 3337 477 3371 ‚
503 3280 670 3381 inpudica
690 3297 724 3353 et
745 3309 872 3381 procax
891 3281 958 3354 erit
977 3298 1011 3354 et
1031 3279 1138 3354 melae
1158 3279 1211 3351 rei
1230 3278 1336 3352 maxi-

322 3426 378 3473 me
399 3401 647 3502 postulatio:et
664 3428 749 3501 prex
768 3400 811 3473 ad
832 3403 960 3473 honam
970 3426 1106 3499 semper
1127 3415 1264 3509 partem
1280 3397 1332 3470 di-

320 3517 461 3616 rigetur.
484 3514 546 3593 Sic
565 3518 662 3592 sedes
684 3546 766 3594 cum
784 3518 923 3592 dicatur
942 3574 951 3607 ‚
972 3516 1137 3618 simplicis
1157 3532 1192 3589 et
1210 3515 1334 3617 qualis-

323 3662 476 3739 cumque
496 3637 565 3710 loci
585 3656 636 3712 est
659 3694 669 3729 ‚
698 3638 758 3713 cui
776 3639 856 3739 quis
877 3636 1054 3712 insideat:
1081 3651 1187 3708 atses
1210 3689 1221 3723 ‚
1252 3622 1334 3707 alte-

315 3753 396 3830 rius
417 3757 665 3856 conpositionis
684 3757 882 3857 altiorisque
901 3756 972 3829 loci
992 3754 1036 3829 ad
1056 3753 1251 3828 sedendum
1270 3741 1334 3853 'pa-

379 3908 417 3974 l

400 3988 438 4049 (ί)
461 3994 499 4037 1¹¹
521 3989 572 4036 ωδ·
622 3987 662 4052 (lt)
678 3994 714 4036 lta
738 3991 787 4038 cod.
805 4005 856 4063 eum
873 3991 960 4053 duplici
976 3996 1001 4050 s·
1049 3988 1084 4049 (r)
1102 3986 1182 4033 Halios
1201 3985 1298 4029 deleas.
