3382 5206
399 558 492 614 mn
774 568 817 618 DE
843 568 990 619 vinctuo

413 727 420 741 ··
472 685 759 762 laterieutrbnes.
784 685 973 760 Glorinndi
997 714 1114 775 rasse,
1134 711 1240 775 rave,
1261 688 1393 777 samia,

373 841 480 916 sarup.
499 813 675 887 Laetandt
702 814 866 888 salecum.
886 815 975 887 Post
998 814 1179 891 clanruudi
1196 815 1312 905 heve,
1332 815 1395 887 hu·

370 964 468 1012 nave.
488 937 703 1012 Festinanti
731 963 810 1011 max
838 995 848 1027 ‚
875 937 970 1011 cetiu
1001 996 1011 1027 ‚
1038 937 1157 1011 nalum.
1184 936 1395 1012 Labor-uadi

368 1062 569 1161 faticalpin‚
596 1088 738 1159 eugen,
764 1060 932 1133 Mirundi
949 1089 1057 1150 evax,
1077 1062 1210 1135 astario.
1231 1059 1394 1135 Suaden-

368 1188 408 1261 di
429 1216 514 1288 ques
538 1246 547 1278 ‚
575 1214 667 1285 goos.
689 1186 863 1261 Gemeudi
888 1203 1008 1261 tutans.
1035 1188 1196 1260 Doleudi
1221 1212 1395 1286 pappen,

368 1311 461 1386 leon.

468 1434 600 1533 Ignem
626 1433 799 1509 vocabula
827 1435 1062 1534 signficautia
1086 1433 1284 1509 secuudum
1307 1433 1394 1504 duu

367 1562 483 1637 decim
500 1562 683 1634 latinitatis
699 1586 846 1657 genera.
873 1585 902 1632 1.
924 1559 1025 1656 ignis.
1049 1588 1081 1634 2.
1102 1559 1392 1662 quoquevihabis.

369 1688 402 1759 3.
421 1684 542 1759 ardon.
570 1689 605 1780 4.
625 1684 733 1758 colax.
760 1682 793 1760 5.
813 1682 981 1783 spiridon·
1010 1684 1043 1759 6.
1063 1684 1175 1760 rusin.
1206 1711 1238 1784 7.
1259 1685 1393 1779 fragon·

368 1811 400 1885 8.
420 1808 589 1881 sumator.
611 1835 645 1909 9.
665 1824 793 1882 ustrax.
820 1833 874 1880 ιο.
895 1805 1010 1881 vitius.
1037 1835 1091 1883 11.
1114 1808 1306 1883 seleuseus.
1339 1830 1394 1882 ιο.

365 1959 513 2008 aeneon.
530 1958 617 2033 pag.
640 1960 699 2035 99.
727 1959 781 2006 ιο.

468 2056 669 2133 Latinitatis
683 2057 880 2134 secundum
890 2082 955 2130 sua
967 2057 1156 2131 duodecim
1172 2081 1311 2154 genera
1332 2054 1393 2127 lra-

368 2184 430 2258 bes
448 2181 621 2258 vocabula
640 2187 712 2255 alia
728 2209 766 2283 ρ.
788 2184 897 2275 124-
914 2207 996 2281 ¹²7·

470 2305 662 2405 Signorum
691 2302 925 2377 zodiacalium
955 2302 1098 2376 nomina
1127 2302 1310 2376 barbarica
1341 2300 1389 2375 le-

367 2450 501 2533 guntur
519 2459 552 2531 p.
571 2427 653 2504 115.

210 2549 341 2673 22:⁸5¹’l'd
450 2583 505 2631 ιο.
534 2552 759 2652 scripturam
789 2549 996 2638 notariam,
1025 2580 1116 2652 quae
1149 2580 1220 2625 una
1252 2566 1394 2626 tantum

179 2687 252 2782 {32¹
271 2684 339 2719 '¹⁰¹³’
364 2679 482 2753 littera
507 2708 571 2779 pro
599 2696 671 2755 toto
691 2708 777 2753 sono
799 2691 967 2751 contenta
989 2694 1067 2765 est,
1089 2693 1125 2750 et
1146 2674 1294 2777 quidem
1313 2677 1391 2776 qui-

361 2800 512 2877 busdam
531 2802 693 2877 formulis
719 2817 918 2887 exaratam,
944 2815 1191 2872 commemorat
1215 2795 1389 2896 Virgilius

356 2946 481 3006 noster
507 2960 539 3031 p.
566 2930 668 3019 125,
693 2957 763 3003 nec
789 2928 898 3003 semel
921 2928 1013 3001 alibi.
1040 2927 1157 3001 Huius
1185 2954 1248 3024 ego
1278 2927 1389 3026 speci·

362 3080 447 3128 men
466 3111 475 3145 ,
497 3082 540 3128 ex
561 3055 710 3155 antiquo
731 3051 854 3128 codice
874 3054 1037 3127 vaticano
1060 3052 1311 3128 excudendum
1337 3081 1391 3125 ae·

296 3208 298 3212 ⁴
360 3206 398 3252 re
421 3180 565 3270 curavi,
584 3179 747 3279 libroque
773 3205 852 3253 meo
882 3179 1102 3279 praeposui,
1129 3195 1169 3251 ut
1195 3178 1222 3250 ii
1247 3177 1388 3251 scilicet

360 3302 447 3376 boni
472 3304 538 3377 viri
564 3304 628 3408 qui
653 3332 691 3377 se
719 3303 838 3377 omnia
864 3303 954 3376 scire
981 3320 1018 3376 et
1045 3319 1174 3402 putant
1200 3318 1237 3373 et
1254 3301 1389 3400 praedi·

362 3444 465 3517 cant,
485 3427 525 3500 in
550 3427 618 3501 huc
642 3453 783 3528 quoque
808 3427 1031 3501 litteraturae
1052 3452 1181 3521 genere
1202 3423 1387 3521 magistros

361 3579 397 3624 se
432 3567 584 3648 gerant.
619 3547 689 3622 Res
722 3567 905 3651 praeterea
935 3548 1108 3625 notabiles
1144 3546 1239 3646 apud
1272 3546 1388 3645 Virgi-

359 3673 451 3749 lium
482 3692 567 3748 sunt
598 3672 639 3748 P.
667 3673 702 3747 6.
734 3673 871 3747 scholae
900 3673 990 3747 duae
1020 3675 1058 3747 in
1088 3671 1230 3771 Europa
1256 3674 1387 3771 princi-

359 3826 421 3897 pes
449 3796 612 3873 Terentii
645 3815 683 3871 et
714 3796 903 3895 Galbungi.
933 3795 1017 3896 Pag.
1041 3828 1072 3901 7.
1092 3798 1151 3873 36.
1173 3799 1232 3899 37.
1259 3799 1318 3898 39.
1343 3796 1388 3868 la·

362 3922 511 3997 tinitatie
545 3924 645 4025 copia
671 3923 860 3998 immensu.
889 3921 930 3997 P.
964 3925 1023 3999 38.
1051 3923 1162 3999 Tusci
1188 3922 1383 3997 litterarum

361 4051 478 4126 studio
505 4050 767 4150 praecellentes.
801 4048 840 4123 P.
871 4053 929 4153 37.
964 4049 1110 4128 concilia
1139 4052 1382 4148 graiumatico·
