3382 5206
531 567 602 661 464
788 594 1237 687 aurntraton

817 840 823 860 ⁸
903 828 1116 877 PORHA·

504 944 637 1083 Ardet
660 1020 694 1084 in
715 1017 910 1084 Alcmenam
931 1019 1101 1086 Saturnius
1126 1036 1225 1109 atque
1243 1019 1380 1085 beatum

544 1121 781 1216 Amphitryona
800 1125 966 1213 probans,
986 1149 1022 1191 se
1040 1122 1127 1192 dolet
1149 1148 1217 1191 esse
1231 1124 1354 1191 lovem.

498 1230 541 1298 Et
562 1232 669 1322 quid,
688 1234 759 1298 ait,
784 1254 941 1320 superum
961 1247 1072 1298 coetus
1088 1233 1166 1311 love
1184 1248 1279 1321 patre
1299 1231 1488 1320 superbit?
1544 1238 1597 1302 25.

542 1339 629 1405 llam
652 1361 803 1426 superum
824 1354 918 1426 pater
936 1357 983 1406 est
1007 1335 1248 1427 Amphitryone
1269 1337 1391 1403 minor·

496 1443 629 1511 Exierat
647 1442 733 1531 patri
755 1440 930 1509 Caducifer
947 1442 1064 1509 obuius
1078 1491 1089 1525 ,
1105 1442 1175 1508 ibat

539 1546 707 1630 Nuntius,
732 1564 842 1638 optutu
859 1549 1007 1637 luppiter
1024 1549 1135 1639 inquit
1156 1546 1242 1615 ades.

493 1654 582 1720 Uror
602 1654 637 1719 iu
662 1651 882 1738 Alcmenam,
903 1678 964 1722 nec
989 1677 1063 1720 eam
1086 1670 1197 1720 mmen
1214 1675 1302 1736 uro,
1324 1653 1387 1720 sed
1411 1671 1488 1720 utar
1575 1720 1578 1725 ,

532 1761 721 1849 Tempore·
743 1782 879 1849 sponsus
899 1759 1014 1844 abest,
1033 1777 1108 1826 utar
1126 1774 1157 1827 et
1175 1760 1244 1849 ipse
1262 1757 1349 1826 loco·
1538 1758 1586 1821 30.

486 1863 632 1952 luppiter
648 1861 827 1931 Alcmenae
850 1861 980 1930 studeat
1006 1863 1184 1946 thalamis,
1203 1862 1256 1933 vir
1275 1860 1421 1930 Athenis

528 1965 804 2056 philosophetur,
828 1984 913 2034 amet
934 1969 1101 2057 luppiter,
1122 1965 1182 2033 illc
1204 1965 1300 2058 legat·

487 2072 635 2158 Disputat
653 2067 899 2162 Amphitryon,
919 2083 950 2137 ct
968 2069 1061 2138 sallat
1083 2073 1255 2161 luppiter;
1278 2089 1366 2139 artes

530 2178 593 2246 llic
612 2175 719 2260 colat,
741 2174 937 2244 Alcmenam
958 2178 1108 2267 luppiter
1129 2180 1198 2268 ipsc
1217 2203 1322 2245 anam.

485 2286 555 2351 lam
570 2300 664 2373 parat
683 2282 738 2350 hic
761 2283 905 2352 reditus:
926 2308 1002 2374 ergo
1017 2333 1029 2368 ,
1047 2308 1188 2374 precor,
1206 2285 1310 2352 indue
1325 2288 1470 2367 Getam3
1540 2292 1590 2359 35.

530 2388 650 2455 lntluet
671 2390 739 2478 ipse
755 2405 827 2456 tuus
848 2387 1090 2481 Amphitryona
1109 2407 1213 2480 pater·

484 2493 676 2561 Smtinuere
693 2493 738 2558 dii
764 2493 918 2562 mortales
935 2518 1063 2563 sumere
1082 2494 1226 2579 formas,

529 2602 583 2666 Fit
605 2616 697 2688 pater
720 2594 967 2689 Amphitryona
993 2599 1141 2690 Getaque
1161 2618 1255 2666 natus
1278 2619 1361 2668 erat.

489 2745 663 2881 Nuntiat
682 2810 860 2880 Alcmenae
883 2812 980 2878 variis
1003 2811 1193 2880 rumoribus
1217 2830 1292 2901 apta

528 2921 627 2986 Fama
651 2919 711 2981 viri
731 2916 895 3000 reditum,
918 2914 1071 3007 sumaque
1092 2919 1181 2983 iuvat
1197 2941 1280 2984 eam.

482 3023 536 3090 Ad
557 3023 700 3091 reditum
721 3023 844 3090 domini
867 3021 981 3090 domus
999 3022 1141 3091 exultare
1165 3024 1318 3092 iubetur·

523 3131 617 3199 Atria
637 3132 730 3198 vestit
749 3129 858 3211 ebur,
885 3151 1031 3217 purpura
1053 3127 1119 3195 lata
1142 3146 1238 3197 toros.

479 3233 614 3304 Arridet
641 3234 803 3301 thalamus
822 3234 991 3321 positoque
1015 3231 1198 3324 refulgurat
1218 3254 1328 3316 auro,

525 3342 677 3410 Absentis
695 3355 834 3432 surgunt
854 3337 1102 3430 Amphitryonis
1122 3363 1209 3428 opes·

478 3448 607 3517 Gaudia
634 3462 770 3515 testatur
792 3443 944 3511 dominae
964 3445 1077 3511 nitor,
1105 3462 1203 3534 atque
1230 3444 1376 3534 superba

520 3553 693 3644 Significat
721 3550 892 3617 dominum
915 3565 1003 3617 veste
1026 3549 1134 3617 redire
1159 3552 1277 3617 virum.

362 3654 373 3687 ¹
433 3698 439 3710 ·
471 3660 554 3731 Arte
571 3663 680 3727 iacent
699 3658 829 3740 crines,
848 3679 928 3722 auro
945 3680 1078 3753 qnoque
1104 3655 1216 3722 dextra
1232 3657 1409 3744 superbit,

520 3767 628 3858 Pingit
647 3781 681 3832 et
703 3763 786 3831 hacc
804 3761 935 3846 vultus,
957 3763 1044 3828 vivat
1066 3780 1100 3829 ut
1115 3780 1185 3830 arte
1207 3762 1318 3832 decor.

474 3871 529 3942 Sic
548 3871 626 3940 alias
650 3869 753 3936 vincit
767 3915 778 3952 ,
794 3867 842 3933 sic
865 3891 883 3931 a
906 3891 940 3933 se
969 3867 1112 3933 vincitur
1131 3867 1224 3956 ipsas

517 3982 546 4048 F
548 3980 573 4045 it
592 4000 675 4045 uota
690 4012 701 4043 2
719 3972 823 4064 litque
843 3970 960 4042 decens
976 4021 987 4057 ,
1005 3971 1078 4063 plus
1098 3973 1206 4064 placet
1232 3997 1311 4066 ergo
1327 3975 1411 4046 lovi.
1452 4012 1458 4023 ·
1527 3998 1543 4061 f
