3382 5206
330 456 345 489 1

737 583 779 630 Μ
806 583 943 630 llssffllffl.
1270 585 1314 660 17
1365 595 1367 603 ⁴

330 688 482 765 sivero
510 691 645 792 syllaba
672 689 885 764 nominativi
913 718 1015 764 casus
1043 692 1139 792 prior
1165 704 1272 765 scuta
1293 693 1341 792 (a)

328 809 464 901 luerit,
491 810 604 886 dativi
624 837 729 884 casus
747 809 923 909 posterior
942 808 1154 909 corripietur
1175 865 1185 898 ,
1212 826 1255 884 ut
1276 810 1344 883 cla·

326 928 391 1017 di,
416 931 514 1004 sami.
551 927 594 1001 Si
618 955 706 1003 vero
731 926 978 1002 nominativus
1005 926 1343 1026 casuslmonosylla·

327 1049 389 1121 bae
409 1049 521 1123 suerit
539 1048 636 1123 illius
647 1047 831 1122 dumtaxat
841 1074 931 1146 quae
945 1064 1071 1121 natura
1089 1046 1193 1144 longa
1211 1043 1358 1135 luerit,¹

329 1168 425 1242 illius
444 1170 556 1271 prima
575 1169 702 1269 syllaba
722 1169 760 1242 in
786 1168 885 1243 omni
911 1194 995 1242 casu
1020 1166 1181 1242 acuenda
1206 1183 1282 1261 est3
1308 1181 1345 1238 et

327 1286 482 1389 reliqffle
502 1288 648 1388 syllabae
669 1287 920 1401 corripiaptur.
998 1369 1017 1393 ..

412 1411 468 1502 ¹4·
494 1404 549 1479 De
574 1406 691 1481 dativo
715 1423 837 1480 autem
863 1404 991 1507 plurali
1009 1420 1046 1477 et
1064 1403 1211 1477 ablativo
1237 1399 1344 1479 multi

328 1523 462 1596 divorsa
481 1551 622 1599 sensere
649 1581 660 1615 ‚
686 1524 848 1619 maxime
864 1550 949 1598 cum
975 1523 1014 1596 in
1032 1523 1083 1596 ·is·
1093 1520 1259 1621 syllabam
1277 1537 1345 1593 ter-

328 1641 481 1715 minatus
498 1643 618 1716 luerit
636 1640 781 1716 Etenim
798 1659 933 1717 veteres
951 1641 1068 1716 nostri
1076 1669 1142 1714 nos
1157 1642 1206 1714 ita
1217 1639 1346 1714 docue-

331 1779 434 1850 runt,
456 1779 498 1836 ut
515 1761 639 1837 nullus
657 1762 828 1837 ablativus
848 1790 950 1837 casus
969 1763 1007 1834 in
1023 1763 1072 1835 ·is·
1092 1760 1257 1861 syllabam
1277 1777 1344 1832 ter·

328 1881 485 1955 minatus
514 1881 773 1983 produceretur
804 1939 814 1972 ,
841 1900 1098 1983 exceptorum
1128 1909 1192 1981 per
1215 1879 1289 1953 duo
1312 1878 1345 1950 ·i·

330 2001 484 2101 scriptus
506 2021 599 2077 esset
621 2062 631 2093 ,
657 2022 699 2078 ut
725 2005 863 2092 radiis,
891 2004 1003 2103 copiis
1031 2061 1041 2093 ‚
1068 2002 1206 2101 gaudiis
1234 2058 1244 2091 ‚
1270 2001 1345 2072 bra·

332 2117 419 2192 chiis
441 2176 451 2208 ,
471 2119 592 2216 gladiis
615 2178 625 2211 ‚
645 2121 782 2219 gobiis,
802 2139 839 2195 et
859 2121 984 2198 ceteris
1005 2152 1015 2197 ε
1040 2140 1078 2195 at
1097 2119 1225 2194 sobolis
1245 2176 1255 2207 ‚
1276 2135 1343 2191 sto

331 2239 373 2313 lis
395 2295 405 2327 ,
424 2240 534 2338 globis
556 2299 566 2330 ‚
586 2242 723 2332 modis,
742 2241 881 2331 verbis,
901 2242 1029 2330 donis,
1049 2241 1213 2343 populis,
1233 2256 1269 2312 et
1289 2267 1344 2312 cc·

307 2432 313 2448 ,
332 2361 413 2436 teris
435 2419 446 2452 ,
464 2362 583 2436 omnia
601 2362 807 2436 huiusmodi
824 2362 927 2435 verba
945 2361 1094 2434 ablativo
1114 2388 1252 2460 semper
1270 2387 1345 2432 cor·

332 2480 395 2580 ripi
414 2480 541 2554 debere
563 2482 759 2554 censebant.
783 2478 953 2555 Ceterum
964 2481 1064 2552 novis
1077 2479 1205 2553 scholis
1225 2509 1345 2580 super·

332 2602 553 2675 venientibus
571 2601 636 2675 alia
657 2602 830 2676 sententia
850 2602 1061 2702 supervenit.
1084 2599 1226 2677 Dicunt
1249 2603 1348 2676 enim

332 2724 440 2796 nostri
459 2722 555 2823 quod
575 2724 689 2796 omnis
708 2723 845 2797 dativus
864 2740 900 2796 et
917 2722 1089 2796 ablativus
1110 2751 1211 2797 casus
1232 2723 1346 2823 plura·

333 2842 374 2915 lis
392 2845 432 2915 in
445 2843 494 2915 is·
511 2842 675 2942 syllabam
694 2845 923 2931 terminatus,
942 2843 1069 2940 longus
1090 2869 1227 2943 semper
1245 2861 1345 2917 natu-

335 2963 442 3038 rasit.
463 2960 562 3057 Quid
583 2991 664 3060 ergo
684 2963 815 3036 facturi
835 2985 983 3050 sumus,
1010 2963 1151 3063 etquid
1171 2991 1344 3064 ponemus

334 3081 545 3155 discriminis
573 3083 665 3155 inter
698 3081 798 3155 illum
827 3082 1018 3155 ablativum
1049 3081 1250 3183 pluralem,
1281 3087 1345 3184 qui

335 3228 395 3298 per
412 3201 485 3274 duo
503 3201 535 3272 ·i·
549 3199 746 3274 necessario
767 3200 962 3299 productus
983 3216 1058 3287 est,
1079 3217 1113 3276 ct
1134 3230 1219 3276 eum
1236 3232 1346 3302 quem

334 3335 458 3390 natura
488 3317 591 3415 longa
626 3347 698 3391 esse
733 3318 875 3391 metrici
906 3319 1121 3393 allirmaut?
1159 3318 1260 3394 Hanc
1295 3351 1346 3394 re-

334 3434 448 3533 gulam
459 3464 650 3536 ponamus,
673 3453 713 3508 ut
732 3435 848 3508 oannis
859 3435 998 3509 dativus
1011 3452 1046 3510 et
1056 3437 1229 3512 ablativus
1244 3466 1346 3513 casus

335 3554 496 3655 pluralis,
509 3556 574 3656 qui
594 3556 631 3628 in
649 3556 698 3629 ·is·
714 3552 876 3656 syllabam
896 3555 1108 3629 terminatur
1123 3613 1132 3647 ‚
1146 3558 1175 3631 si
1188 3558 1224 3630 in
1237 3561 1348 3632 nomi-

333 3675 444 3749 nativo
475 3703 559 3749 casu
589 3693 670 3750 ante
697 3676 921 3750 novissimam
948 3676 1110 3775 syllabam
1127 3678 1159 3750 ·i·
1176 3679 1347 3779 producta

332 3797 439 3870 suerit
462 3855 472 3887 ‚
495 3814 537 3872 ut
556 3796 653 3871 filius
675 3855 684 3886 ‚
704 3797 840 3895 gladius
864 3854 873 3886 ,
893 3797 1018 3894 gobius
1041 3855 1051 3886 ‚
1078 3798 1148 3872 lilia
1171 3856 1180 3890 ‚
1206 3800 1314 3898 gloria
1338 3859 1347 3888 ‚

333 3917 499 4025 sapientia
523 3976 534 4008 ,
553 3917 724 3999 ablativus
746 3947 846 3993 casus
864 3917 919 3992 vcl
937 3915 1075 3992 dativus
1101 3920 1247 4022 pluralis
1276 3919 1348 3994 duo

366 4102 369 4107 >
410 4066 449 4136 (a)
470 4069 530 4116 eod·
546 4079 646 4117 acuatu.

1040 4176 1062 4223 2
