3382 5206
697 583 780 632 sen
805 583 993 635 nnnontm.
1258 562 1326 655 423

584 793 1096 866 XXIV.nsrnonon1n·

332 933 532 1071 Astrorum
556 1004 693 1094 cupidus
713 1009 857 1097 quiquis.
872 1023 1033 1072 scrutator
1053 1006 1146 1075 adisti

395 1109 523 1176 Limina
545 1112 721 1198 praesentis
742 1108 901 1176 inradiata
922 1107 1065 1193 domus,

329 1217 401 1282 Huc
427 1215 548 1285 inferre
569 1215 690 1304 pedem
715 1215 818 1284 veloci
845 1218 954 1312 nitere¹
977 1241 1109 1308 gressu,

394 1324 483 1389 llaec
504 1324 581 1414 quia
606 1340 726 1388 cuncta
746 1338 837 1387 tenet
860 1346 997 1389 munera
1020 1347 1172 1414 quaeque
1192 1326 1283 1412 petis.

326 1429 456 1494 Dicitur
478 1427 619 1520 Aegypti
637 1452 778 1518 namque
800 1427 884 1495 haec
907 1431 942 1494 in
969 1427 1090 1495 linibus
1108 1445 1203 1514 orta,

394 1531 505 1625 Atque
533 1532 704 1599 Abraham
725 1550 874 1598 sanctum
895 1531 982 1598 hanc
1003 1531 1149 1600 docuisse
1168 1549 1309 1622 patrem.

326 1641 422 1706 Istius
443 1656 612 1705 auctorem
634 1663 711 1705 nam
732 1638 853 1704 Graeci
882 1637 1019 1704 Atlanta
1041 1637 1206 1723 fatentur,

393 1743 509 1812 Sidera
538 1766 635 1833 quem
658 1742 741 1809 caeli
772 1760 887 1809 cuncta
910 1758 1035 1812 notasse
1055 1741 1184 1811 volunt.

329 1849 431 1916 Cuius
453 1847 603 1913 notitiam
625 1849 771 1938 quisquis
792 1848 977 1936 perceperit
1001 1870 1133 1915 omnem

395 1952 635 2044 stellarumque
655 1972 743 2021 ortus
766 1955 1004 2046 occubitusque
1025 1973 1138 2042 notet,

329 2059 411 2125 Inde
435 2058 621 2126 futurorum
640 2063 760 2149 poterit
783 2062 952 2154 praesagia
974 2085 1091 2147 nosse,

398 2166 439 2230 Et
463 2190 548 2257 quae
565 2165 692 2234 occulta
711 2167 841 2249 iacent,
859 2189 935 2234 mox
953 2166 1124 2234 manifesta
1144 2167 1225 2235 fore·

640 2373 1049 2444 xxvnenrcrst·

333 2511 484 2647 Lucida
514 2606 597 2673 quae
620 2584 726 2650 cernis
750 2581 927 2652 clarescere
946 2600 1033 2649 tectu
1054 2586 1181 2667 viator,

399 2686 434 2755 Si
452 2686 616 2753 medicina
644 2689 706 2755 tibi
730 2706 779 2756 est
796 2713 899 2779 opus,
922 2688 1037 2778 hospes
1059 2687 1124 2752 adi·

331 2792 393 2858 Hic
412 2794 489 2882 quia
511 2791 683 2860 odoriferis
703 2794 903 2861 circumdata
932 2813 1079 2884 tempora
1101 2796 1194 2862 sertis

398 2900 412 2961 l
415 2923 471 2986 psa
490 2897 654 2966 salutifera
674 2924 810 2968 munera
841 2918 959 2968 tractat
988 2923 1098 2968 ovans.

330 3004 436 3086 Quam
458 3005 581 3092 reperit
603 3007 728 3094 primus
747 3006 903 3099 physicae
922 3023 1078 3074 tractator
1099 3003 1246 3096 Apollo,

400 3109 487 3175 Cum
504 3134 568 3201 quo
590 3110 825 3202 Aesculapius,
842 3131 935 3181 natus
956 3114 1010 3179 hic
1022 3132 1036 3197 ·‚
1062 3112 1118 3181 ille
1139 3128 1244 3201 pater·

332 3215 406 3280 Post
424 3237 504 3304 quos
524 3217 738 3305 Hippocrates
759 3220 856 3311 longo
875 3238 946 3309 post
969 3238 1115 3307 tempore
1132 3217 1168 3283 id
1184 3220 1289 3308 ipsum

399 3320 611 3408 Dogmatibus
629 3323 725 3392 claris
747 3326 969 3418 magnificavit
987 3349 1074 3414 opus.

335 3427 423 3492 llaec
447 3427 581 3494 sorbere
601 3428 694 3517 lues,
712 3431 807 3523 longe
830 3451 861 3499 et
886 3434 906 3471 ⁴¹
928 3430 1094 3521 depellere
1117 3449 1245 3520 pestes,
1380 3453 1394 3482 ⁸
1410 3453 1466 3500 cos.
1485 3456 1528 3499 ta-

400 3535 490 3599 Haec
511 3537 645 3603 morbos
671 3557 804 3607 cunctos
825 3562 968 3628 namque
988 3536 1102 3627 fugare
1121 3552 1236 3626 potest.

341 3638 413 3727 lpsa
432 3636 566 3727 quidem
588 3644 728 3734 aegrotis
744 3642 853 3709 reddit
872 3641 1065 3709 medicando
1088 3639 1246 3722 salutem,

416 3745 556 3811 Munere
579 3746 685 3839 deque
707 3773 762 3817 suo
781 3747 934 3838 languida
954 3746 1105 3814 membra
1127 3745 1224 3813 fovet·
