3382 5206
356 589 428 678 204

320 736 378 772 mus
398 735 492 786 genere
511 719 656 771 masculina
677 718 818 771 nomineti-

324 826 358 861 vo
385 825 448 860 cusu
478 808 579 861 nunseri
600 807 740 874 singularis
766 826 818 858 ·ur·

326 892 422 946 litteris
440 893 562 949 deliniri.
581 904 608 945 et
629 895 655 945 in
672 909 764 958 genere
784 892 820 944 le·'

326 981 428 1035 minino
454 983 494 1034 rel
524 995 619 1034 neutro
646 997 748 1033 neccsse
765 997 822 1033 esse

324 1087 373 1140 pro
396 1071 530 1125 locutione
548 1071 717 1142 pronuntiari
740 1104 747 1125 .
773 1068 823 1119 hoc

324 1179 474 1220 norimus.
491 1162 565 1232 quod
584 1163 642 1232 plus
659 1180 740 1229 quom
759 1177 821 1212 ·vn·

324 1250 400 1308 soni.
413 1248 464 1303 hoc
476 1261 534 1307 est,
553 1268 632 1319 quem
654 1267 715 1302 ·vrr.
736 1246 821 1301 nomi-

326 1353 361 1387 ιιιι
379 1353 432 1389 uon
452 1336 555 1407 possint
571 1335 698 1388 exhiberi.

360 1423 427 1477 ltem
460 1423 511 1477 hoc
544 1423 700 1494 supradicto
728 1437 823 1489 genere

326 1526 510 1580 quoecumque
539 1510 644 1562 nomina
677 1506 822 1561 nominati·

324 1619 358 1654 ro
383 1618 447 1654 cusu
476 1602 577 1653 numeri
613 1599 755 1663 singularis
782 1596 824 1649 lris

326 1688 432 1743 duabus
459 1689 548 1743 formis
577 1689 768 1742 deliniuntur.
796 1686 823 1737 id

322 1786 495 1846 estmepos.
522 1792 598 1828 senes
622 1812 629 1830 .
658 1775 723 1826 haec
745 1774 768 1826 si
791 1790 824 1825 ex

325 1879 375 1915 stit
404 1864 493 1933 specie
523 1863 551 1914 iu
579 1880 671 1928 genera
700 1859 826 1912 feminina

326 1958 466 2003 transeant
488 1981 497 2005 .
520 1947 586 1999 haec
608 1949 698 1999 euclem
718 1945 825 1999 nomine

325 2035 354 2088 in
380 2050 473 2101 genere
502 2032 629 2088 leminiuo
659 2034 697 2086 sic
722 2050 824 2086 unome-

323 2122 350 2175 le
374 2120 552 2178 efficiuntur.
579 2132 609 2174 ut
628 2134 693 2192 puta
711 2120 756 2172 hic
774 2138 823 2173 ne·

323 2226 371 2280 pos
394 2244 402 2266 .
429 2208 495 2261 lucc
521 2211 635 2281 neptis.
662 2210 706 2261 liic
724 2226 820 2268 senex.

324 2297 391 2351 lires
410 2316 484 2351 enus.
512 2298 540 2350 Si
563 2316 625 2351 vero
644 2300 709 2352 hoec
728 2300 819 2351 eadem

326 2386 434 2441 nomine
449 2386 476 2438 in
491 2404 585 2453 genera
602 2399 696 2439 neutra
716 2399 819 2441 trause-

323 2487 389 2533 nnt.
411 2471 476 2527 llaec
496 2495 548 2528 non
575 2477 718 2528 secrrmlum
739 2493 819 2542 genus

322 2576 444 2617 nmttrum
463 2566 516 2617 sint
536 2565 693 2618 declinanda
714 2565 758 2617 sod
771 2584 818 2634 pro

321 2651 455 2704 locutione
474 2653 686 2721 pronuntiem,
705 2663 733 2703 ut
753 2663 818 2721 puta

322 2755 402 2808 nepos
421 2739 461 2791 rel
473 2740 560 2809 neptis
579 2739 758 2807 mancipium,
774 2756 818 2790 se-

322 2843 372 2879 nex
400 2827 440 2878 vei
470 2844 535 2878 uirus
554 2826 715 2896 innitentium
733 2862 740 2882 ,
761 2826 818 2878 uti⁴

323 2930 375 2980 qne
401 2932 453 2965 non
483 2914 533 2965 hoc
559 2932 637 2984 nepus
663 2914 702 2964 vel
732 2914 818 2984 neptis

326 3001 514 3071 mancipium,
534 3011 581 3053 uut
606 3003 655 3054 hoc
674 3020 750 3055 senex
766 3002 818 3054 *vel

324 3104 390 3140 unus
402 3088 573 3158 mancipium.
583 3090 725 3141 secundum
739 3107 819 3157 genus

325 3187 447 3230 neutrum
467 3176 595 3229 declinari
615 3177 753 3236 debunt,
772 3179 819 3232 sed

322 3265 374 3318 hoc
400 3264 563 3336 mancipium
590 3283 670 3335 nepos·
704 3266 744 3318 vel
772 3284 819 3319 nc-

321 3352 377 3424 ptis
394 3361 452 3410 est.
471 3364 498 3406 ct
516 3351 566 3405 hoc
585 3354 746 3423 mancipium
775 3372 817 3406 se·

322 3456 375 3493 nex
394 3440 436 3492 rel
454 3457 520 3494 unus
539 3452 597 3497 est.
621 3442 819 3511 prolocutione

323 3540 457 3583 nunctum
469 3548 576 3583 numero
596 3531 724 3596 singulari
740 3550 819 3600 quam

324 3618 421 3688 plurali
431 3617 515 3689 accipi
527 3630 656 3688 oporteat.

358 3707 435 3759 lluuc
446 3706 495 3759 hoc
509 3725 642 3759 monemus
653 3744 659 3763 .
669 3725 699 3760 cx
711 3709 761 3760 hac
770 3707 819 3761 lor-

321 3811 364 3847 rna
379 3812 433 3864 qua
458 3794 574 3846 diximus
598 3795 761 3850 nominativo
779 3815 819 3849 ca·

322 3898 354 3933 su
372 3879 473 3932 numeri
489 3881 629 3947 singularis
647 3883 747 3948 generis
766 3901 820 3936 mu-

318 3968 414 4022 mulini
425 3971 531 4023 nomine
545 3991 599 4042 ·po·
608 3971 711 4040 syllaba
728 3974 814 4026 termi-

595 609 830 662 otmut‘rtcvs
866 608 1068 661 Vfflcfflls

873 719 942 777 nuri.
952 730 980 772 et
989 719 1016 772 in
1025 736 1117 789 genere
1127 717 1256 773 feminino
1267 735 1373 774 enemo·

872 806 897 858 le
905 805 1033 859 declinari
1046 844 1053 864 .
1070 807 1110 860 rel
1123 808 1150 859 in
1166 818 1261 860 neutro
1271 826 1319 877 pro
1335 806 1372 860 lo·

873 893 980 946 cutione
998 893 1167 964 pronuntiari
1185 931 1192 952 ,
1220 894 1293 963 qnod
1313 893 1371 965 plus

873 996 954 1048 quam
967 999 1048 1033 unum
1059 998 1166 1039 sonum,
1177 981 1226 1034 lroc
1239 992 1280 1033 est
1291 997 1372 1048 quom

873 1085 955 1120 uuum
974 1087 1068 1122 nomen
1087 1089 1140 1124 uon
1160 1069 1244 1141 possit
1261 1068 1371 1121 exhibe·

875 1153 911 1205 ri.
931 1157 994 1209 item
1011 1174 1044 1210 ex
1061 1156 1105 1209 illa
1122 1155 1204 1211 forms
1221 1198 1230 1224 ,
1253 1174 1307 1227 que
1328 1154 1372 1207 di·

875 1244 961 1296 ximus
987 1243 1151 1298 nominativo
1180 1260 1243 1297 cusu
1271 1241 1373 1296 numeri

875 1320 1017 1400 singularis
1036 1333 1176 1386 masculini
1200 1334 1301 1400 generis
1320 1351 1371 1386 uo-

875 1419 947 1473 mina
976 1437 1046 1472 mex·
1072 1417 1176 1488 syllaba
1198 1418 1323 1475 definiri.
1345 1427 1372 1470 et

875 1507 903 1558 iu
922 1523 1015 1573 genere
1038 1504 1166 1559 feminino
1185 1504 1304 1559 enomule
1321 1504 1370 1556 ‹le-

876 1595 989 1652 clinori,
1008 1595 1049 1648 vel
1071 1594 1098 1647 iu
1117 1604 1212 1648 neutro
1230 1612 1279 1664 pro
1297 1593 1374 1648 loeu-

877 1685 952 1737 tiono
968 1682 1152 1764 pronuntiari,
1162 1680 1212 1735 hoc
1223 1698 1369 1737 monemus.

877 1769 950 1839 quod
978 1771 1117 1840 plusquam
1142 1786 1224 1821 uuum
1250 1785 1369 1823 sonum·

876 1859 927 1914 hoe
944 1870 985 1912 cst
1004 1876 1084 1929 quum
1103 1876 1184 1911 uuum
1203 1875 1296 1912 nomeu
1314 1876 1368 1910 uon

878 1948 962 2019 possit
978 1946 1109 2000 exhiberi.
1123 1949 1190 2002 Item
1209 1947 1237 2001 in
1255 1948 1305 2003 hoc
1323 1964 1369 2000 su·

876 2035 1043 2107 proscripto
1071 2053 1165 2105 genere
1190 2051 1372 2106 quaecumque

876 2124 983 2176 nomino
1001 2123 1167 2176 nominativo
1184 2140 1247 2176 cusu
1267 2125 1371 2176 numeri

874 2212 1016 2280 singularis
1033 2212 1077 2265 his
1096 2211 1201 2267 duubus
1219 2212 1308 2266 formis
1322 2212 1371 2264 ‹le-

873 2300 1022 2356 flniuntur.
1045 2301 1072 2353 id
1093 2311 1132 2354 est
1165 2301 1278 2358 vietor.
1307 2311 1369 2355 ton*

871 2403 933 2443 sor.
951 2398 980 2440 et
997 2384 1084 2440 cetere
1103 2388 1189 2452 tulin
1208 2387 1274 2439 lnec
1291 2387 1315 2440 si
1340 2403 1373 2440 ex

873 2491 921 2526 rue
949 2475 1037 2545 specie
1064 2475 1091 2528 in
1121 2492 1214 2544 genere
1245 2473 1371 2527 lemiuins

872 2572 1033 2620 transeunt,
1061 2562 1126 2615 haec
1145 2562 1236 2615 eedem
1263 2563 1371 2616 uomina

872 2649 898 2700 in
923 2666 1015 2718 genere
1033 2650 1159 2704 lemiurno
1176 2650 1217 2702 sic
1242 2650 1368 2703 anomale

871 2736 1044 2797 efficiuntur.
1065 2748 1097 2792 ut
1121 2751 1186 2808 putu
1212 2738 1257 2790 liic
1283 2739 1370 2792 victor

870 2826 935 2878 lmee
962 2827 1080 2884 victrix.
1103 2827 1148 2880 hic
1176 2837 1269 2881 tonsor
1305 2826 1372 2880 lrsec

872 2913 1003 2976 tonstrixs
1020 2915 1120 2967 sivero
1137 2914 1203 2968 hoec
1222 2914 1314 2967 cadem
1330 2933 1373 2968 uo·

872 3001 944 3054 minu
957 3001 983 3053 in
995 3019 1090 3069 genem
1107 3014 1202 3056 neutra
1213 3014 1372 3060 transeant,

873 3103 901 3145 ct
916 3092 943 3144 in
957 3091 1046 3146 eodem
1060 3109 1155 3159 genere
1167 3102 1261 3146 neutro
1281 3110 1371 3145 uume-

873 3180 897 3230 ri
918 3179 1061 3248 singularis
1077 3199 1125 3251 pro
1149 3179 1284 3233 locutione
1309 3199 1373 3250 pro-

874 3267 1053 3323 nuntiantur.
1072 3277 1104 3317 ut
1129 3275 1197 3336 puta
1228 3264 1280 3318 hoc
1299 3283 1371 3317 mun·

873 3355 973 3426 cipium
1001 3354 1087 3409 victor
1105 3355 1146 3406 vel
1166 3366 1255 3408 tonsor
1278 3364 1374 3407 esunt

873 3462 935 3498 vero
955 3445 982 3495 iu
994 3462 1102 3496 numero
1113 3442 1213 3515 plurali
1229 3441 1372 3494 secundum

872 3549 953 3600 genus
971 3542 1108 3588 neutrum.
1123 3531 1168 3584 sed
1187 3531 1307 3584 anomale
1326 3531 1370 3583 de-

872 3623 1024 3682 clinantur.
1051 3631 1081 3673 ut
1101 3632 1165 3690 pute
1189 3619 1255 3671 hoec
1282 3620 1371 3674 victri-

871 3709 913 3759 cio
941 3707 1073 3777 mancipio
1107 3687 1134 3761 el
1162 3707 1227 3760 hooc
1255 3709 1368 3761 tonstri-

872 3795 914 3847 εἰει
933 3796 1065 3867 mancipia
1085 3799 1153 3865 (r).

907 3885 984 3937 Nunc
1003 3903 1035 3937 cx
1054 3884 1098 3937 liis
1115 3886 1305 3956 suprascriptis
1319 3885 1370 3937 lor·

871 3974 943 4029 mis.
963 3973 1062 4043 quibus
1084 3975 1220 4031 diximus.
1246 3993 1369 4030 nomina·

393 4067 438 4133 (ι)
455 4075 483 4116 lu
498 4073 575 4119 codiee
594 4075 658 4120 modo
669 4081 810 4135 mancipium
827 4079 957 4129 scribitur,
974 4079 1040 4124 modo
1057 4084 1215 4137 mancupr'um·
