3382 5206
389 519 482 591 122,
754 520 897 571 serron:
923 521 966 576 rr.

435 631 468 711 3.
492 625 573 709 ¹Lux
598 628 730 707 dieitur
756 657 891 731 semper
917 629 1098 721 caelestis,
1124 629 1191 707 hoc
1217 649 1270 711 est
1294 634 1365 710 diei

354 749 528 850 solisque:
554 767 590 824 at
615 751 736 824 lumen
763 749 941 823 materiale
966 767 1043 840 est,
1069 750 1105 823 id
1124 768 1177 824 est
1197 752 1286 850 ignis
1305 771 1366 828 aut

354 872 528 950 lucernae.
557 871 661 973 Aqua
692 873 902 971 generaliter
931 873 1064 948 dicitur
1093 877 1206 949 omnis
1237 878 1363 978 liquor.

355 992 463 1068 Panis
482 995 613 1069 dicitur
632 1021 735 1069 omne
755 994 849 1094 quod
868 995 986 1095 pascit.
1010 994 1145 1070 Vinum
1163 998 1234 1072 sive
1253 998 1298 1071 de
1316 998 1365 1072 vi·

352 1141 444 1204 nea,
470 1115 541 1189 sive
565 1115 661 1215 quod
687 1114 831 1217 impleat
853 1142 967 1189 venas.
989 1112 1096 1189 Labia
1123 1145 1164 1190 ex
1183 1117 1296 1192 labore
1316 1119 1364 1191 lo

352 1232 484 1333 quendi
513 1233 717 1324 dicuntur,
749 1234 818 1308 sive
848 1234 943 1335 quod
971 1263 1033 1334 per
1061 1237 1166 1308 verba
1194 1238 1364 1311 labuntur

352 1352 509 1454 delapsu.
541 1353 690 1454 Lapides
726 1354 897 1429 dicuntur
931 1355 975 1429 de
1011 1383 1072 1429 sua
1107 1356 1361 1456 lampadium,

352 1471 436 1571 quis
464 1501 506 1545 ex
536 1473 582 1545 eis
609 1471 783 1572 lampades
811 1473 901 1570 ignis
931 1472 1184 1548 accenduntur.
1213 1473 1362 1573 Lapides

351 1591 494 1691 pretiosi
519 1620 561 1665 ex
586 1590 691 1664 insito
716 1589 783 1664 sibi
806 1591 1014 1692 splendore,
1032 1593 1129 1666 velut
1149 1622 1190 1667 ex
1215 1592 1364 1693 quadam

350 1710 552 1810 lampadum
582 1709 809 1784 similitudine
841 1711 1010 1785 nominati
1040 1728 1132 1785 sunt
1162 1710 1251 1785 Saxa
1281 1741 1362 1785 vero

350 1828 515 1901 immania
542 1844 576 1900 et
603 1828 793 1901 immobilia
819 1829 915 1902 velut
940 1829 1112 1928 quaedam
1137 1846 1286 1903 staturae
1313 1830 1363 1902 di·
1462 1833 1465 1839 ’

350 1964 489 2021 cuntur.
517 1946 622 2020 Petra
648 1946 690 2021 de
719 1948 848 2023 duritia
878 1949 1019 2024 dicitur.
1046 1947 1135 2022 Dies
1160 1950 1361 2023 nominatur

350 2095 370 2140 a
388 2064 600 2167 quibusdam
618 2066 703 2166 quia
722 2067 789 2141 diis
810 2068 991 2143 iucundus
1017 2085 1093 2163 est;
1120 2096 1184 2141 nos
1212 2068 1362 2143 dicimus

350 2186 450 2275 dies,
476 2186 559 2287 quia
588 2214 607 2258 a
638 2187 792 2259 tenebris
820 2186 961 2261 dividat.
988 2185 1069 2261 Nox
1095 2186 1226 2260 dicitur
1250 2187 1293 2271 ab
1320 2216 1361 2261 eo

350 2305 447 2406 quod
465 2305 630 2379 humanis
649 2324 785 2382 noceat.
805 2306 962 2407 Tempus
980 2335 999 2379 a
1018 2322 1288 2406 temperamento
1311 2307 1362 2381 di·

350 2425 468 2514 citur,
489 2453 530 2497 eo
555 2424 651 2525 quod
677 2424 799 2498 diebus
823 2427 1002 2500 mensibus
1027 2426 1128 2498 annis
1154 2426 1281 2523 frigore
1309 2456 1363 2500 ae·

351 2557 505 2643 steteque
525 2559 750 2644 temperatur.
771 2541 899 2617 Annus
918 2543 1050 2621 dicitnr
1071 2572 1112 2617 eo
1127 2545 1221 2644 quod
1234 2561 1363 2618 cuncta

346 2661 498 2736 innovat
519 2660 691 2736 Mensisa
705 2688 870 2736 mensura
889 2663 1041 2751 dicitur,
1062 2664 1131 2736 sive
1152 2664 1247 2764 quod
1267 2692 1362 2737 men·

349 2805 442 2868 sum,
461 2779 497 2851 id
519 2796 570 2852 est
590 2795 739 2869 terram,
763 2779 836 2853 eius
856 2781 1032 2854 fructibus
1050 2768 1199 2881 ¹dapibus
1212 2782 1361 2883 impleat.

347 2898 470 2981 ,Aestas
482 2900 525 2973 de
538 2899 760 2998 longitudine
773 2900 916 2974 dierum
934 2901 1074 2975 dicitur.
1083 2901 1180 2999 Ignis
1195 2904 1240 3002 (a)
1253 2902 1362 2976 ardon

347 3009 490 3094 dieitur.
514 3019 722 3094 Autumnus
743 3021 875 3094 dieitur
901 3020 946 3094 de
977 3021 1173 3094 aumatione
1196 3023 1364 3122 (1)sruc·

349 3153 450 3212 tuum
469 3194 479 3226 ‚
498 3138 561 3237 qui
583 3138 804 3236 colliguntur.
825 3137 971 3239 Hiemps
990 3139 1099 3237 frigus
1118 3140 1363 3239 interpretatur

350 3240 404 3330 tel
429 3258 598 3332 sterilitas.
626 3257 721 3348 Ver,
742 3258 836 3359 quod
863 3259 900 3331 in
921 3286 961 3331 eo
985 3277 1113 3332 cuncta
1131 3277 1300 3349 vernant,
1325 3259 1360 3332 id

350 3394 402 3453 est
420 3379 609 3452 virescunt.
638 3378 760 3453 Pluvia
781 3436 791 3467 ,
816 3378 910 3479 quod
933 3378 976 3450 de
999 3378 1092 3453 caelo
1113 3378 1271 3479 pluviat,
1290 3379 1360 3451 sive

296 3578 300 3583 ,
347 3498 442 3598 quod
463 3498 573 3598 ipsius
594 3514 702 3571 terrae
723 3524 864 3594 germen
886 3497 1012 3595 irrigat.
1026 3496 1148 3570 Nubes
1168 3498 1357 3586 dicuntur,

426 3677 464 3742 (a)
481 3681 536 3726 eod·
553 3688 612 3739 ipse·

426 3820 474 3890 (r)
495 3819 659 3872 Vocabulum
678 3822 799 3872 nuenario
819 3818 901 3871 babes
917 3819 945 3871 in
966 3818 1072 3871 Attonis
1092 3818 1227 3889 polyptieo
1245 3817 1346 3873 editio·

354 3907 436 3962 tionis
455 3922 526 3961 mess
545 3925 570 3979 p·
583 3905 625 3972 46·
640 3927 664 3960 v·
676 3906 709 3964 3.
724 3927 777 3977 quo
797 3908 852 3961 loco
864 3909 991 3978 interpres
1008 3907 1113 3960 videtur
1128 3907 1276 3961 balucinuri
1294 3925 1342 3960 es·

355 3996 459 4068 plicam
476 3996 536 4048 loca
557 4007 659 4047 secreto
679 3999 709 4047 iu
730 3995 855 4058 dicatio,
875 4013 922 4066 pro
940 3993 1053 4047 horrea.
