3382 5206
615 618 890 666 cannen.
1171 600 1269 707 389¹

240 724 387 806 Quorum
411 724 565 814 descripsi
588 728 653 791 iam
678 726 757 792 bina
782 726 940 794 vocabula
960 728 1111 814 dudum,

163 818 214 880 3³3·
241 832 373 896 Tertius
397 833 523 922 accepit
548 849 712 921 sceptrum
735 850 887 922 regnator
914 837 1060 923 opimum
1102 834 1105 841 ’

238 935 343 1016 Quem
371 934 513 1002 clamant
537 938 615 1003 Ynii
649 955 739 1005 certo
765 942 954 1029 cognomine
978 960 1115 1033 gentes,

240 1040 303 1121 Qui
330 1065 419 1106 nunc
445 1043 620 1131 imperium
639 1042 801 1111 Saxonum
828 1046 901 1110 iure
927 1047 1103 1135 gubernat.

239 1142 311 1224 Quo
333 1164 488 1236 regnante
515 1172 636 1213 novum
655 1147 817 1235 praecelsa
844 1148 930 1217 mole
951 1149 1108 1217 sacellum

239 1251 350 1340 Buggc
379 1253 557 1318 construxit
580 1251 715 1340 supplex
737 1251 908 1318 vernacula
937 1253 1089 1338 Christi,

164 1355 216 1440 ilo.
241 1360 313 1440 Qua
337 1357 460 1448 fulgent
480 1383 556 1425 arae
582 1361 731 1427 bisseno
759 1363 892 1428 nomine
919 1359 1066 1453 sacrae(
1090 1360 1115 1452 )

241 1463 377 1550 Insuper
404 1462 551 1530 absidam
570 1480 738 1529 consecrat
758 1466 902 1554 Virginis
930 1489 1014 1530 arae.

238 1570 446 1634 Praesentem
467 1593 542 1658 ergo
566 1568 652 1634 diem
673 1570 782 1634 cuncti
805 1568 1006 1637 celebremus
1027 1586 1186 1654 ovantes,

239 1676 280 1738 Et
302 1675 468 1762 rcciprdca
485 1677 552 1741 Deo
574 1673 780 1741 modulemur
796 1677 940 1741 carmina
964 1676 1104 1743 Christo·

239 1779 407 1844 Menstrua
432 1781 608 1847 volvuntur
630 1781 763 1849 alternis
783 1798 932 1871 tempora
953 1779 1066 1867 festis,

163 1873 214 1955 1i5·
240 1886 281 1949 Et
304 1886 428 1949 vicibus
455 1888 550 1952 certis
572 1910 731 1952 annorum
758 1883 859 1952 lustra
885 1886 1052 1952 rotabunt.

239 1987 398 2053 Dulcibus
420 1988 615 2076 antiphonae
633 1987 758 2076 pulsent
779 1989 970 2054 accentibus
989 2010 1103 2054 aures,

240 2093 406 2161 Classibus
427 2110 459 2160 et
483 2095 620 2185 geminis
646 2094 847 2184 psalmorum
876 2111 1050 2183 concrepet
1077 2092 1165 2176 oda,

240 2200 430 2288 Hymaistae
455 2200 575 2265 crebro
598 2223 657 2265 vox
688 2199 859 2265 articulata
884 2197 1043 2280 resultet,

240 2305 281 2367 Et
305 2300 425 2368 celsum
449 2303 571 2391 quatiat
592 2300 731 2367 clamoso
750 2303 896 2367 carmine
921 2298 1061 2366 culmen.

164 2407 214 2468 50.
241 2409 372 2473 Fratres
406 2406 559 2472 concordi
588 2406 757 2472 laudemus
792 2432 869 2474 voce
893 2422 1084 2487 tonantem,

242 2515 401 2580 Cantibus
423 2533 453 2581 ct
475 2516 599 2580 crebris
624 2514 806 2581 conclamet
831 2515 928 2579 turba
951 2536 1111 2579 sororum.

241 2620 386 2708 llymnos
413 2643 451 2682 ac
473 2617 611 2707 psalmos
641 2636 671 2683 et
701 2619 909 2706 responsoria
932 2615 1017 2683 sestis

242 2724 393 2812 Congrua
416 2747 602 2811 promamus
632 2725 746 2788 subter·
773 2723 932 2791 testudine
965 2719 1107 2809 templi,

238 2828 384 2896 Psalterii
413 2829 513 2895 melos
540 2828 643 2895 fantes
669 2829 891 2895 modulamine
921 2829 1064 2908 crebro,

165 2935 216 2996 55.
242 2933 348 3024 litque
374 2934 487 3002 decern
513 2935 633 3000 fidibus
656 2938 802 3000 nitamur
829 2936 963 3001 tendere
989 2934 1124 3026 lyram,

243 3041 288 3105 Ut
306 3039 469 3127 psalmista
496 3061 605 3109 mouet
632 3043 683 3106 his
711 3044 818 3131 quiuis
841 3041 979 3130 psallere
1001 3041 1104 3106 libris.

241 3147 472 3236 Unusquisque
493 3173 614 3213 novum
643 3166 747 3213 comat
777 3172 850 3212 cum
872 3171 952 3212 voce
972 3145 1152 3227 sacellum,

241 3254 283 3316 Et
309 3251 413 3316 lector·
441 3251 595 3319 lectrixve
621 3253 786 3319 volumina
810 3279 899 3319 sacra
929 3251 1081 3320 resolvat.

240 3357 338 3421 Istam
365 3381 483 3445 nempe
504 3358 617 3442 diem,
638 3386 702 3451 qua
725 3360 838 3449 templi
867 3359 946 3425 festa
977 3376 1174 3439 coruscant,

164 3464 218 3530 60.
243 3463 420 3528 Nativitatc
448 3489 504 3528 sua
531 3467 669 3531 sacrarit
690 3468 780 3556 virgo
800 3468 929 3548 Maria,

244 3572 347 3653 Quam
371 3571 488 3660 iugiter
515 3591 672 3637 renovant
694 3575 816 3663 augusti
844 3591 988 3662 tempora
1012 3572 1154 3656 mensis,

329 3793 376 3860 (1)
397 3793 496 3863 Nempc
523 3792 663 3844 duodecim
691 3792 816 3862 apostolis
841 3804 969 3845 sacratae.
998 3792 1063 3843 liam
1088 3791 1121 3842 de
1144 3790 1187 3842 his
1213 3790 1266 3843 aris

247 3897 353 3947 quoque
371 3890 434 3931 sunt
453 3881 569 3933 carmina
589 3879 719 3932 Aldhclmi
737 3880 763 3930 in
778 3879 867 3932 codice
885 3880 1025 3935 vaticano,
1045 3896 1113 3948 quue
1131 3876 1182 3930 sub
1196 3894 1264 3928 men·

246 3966 297 4018 tito
319 3965 423 4020 alcuini
445 3967 548 4020 nomine
568 3966 596 4020 in
616 3965 780 4019 editionibus
799 3966 929 4033 leguntur·
