3382 5206
494 559 563 651 384
791 584 1169 633 remoretur

464 694 520 758 Tu
544 693 689 780 poteris;
715 715 876 780 verusque
900 706 1010 754 tamen
1036 690 1060 754 si
1077 686 1169 755 lilius
1194 688 1290 769 eius,

464 796 552 884 Quid
576 798 736 863 cunctaris
759 794 869 859 adhuc
888 793 967 882 agili
988 813 1020 861 te
1042 795 1175 860 mittere
1195 786 1311 865 saltu?

464 902 585 969 Montis
603 903 637 966 in
661 897 785 966 excelso
806 900 915 965 statuit
936 922 1110 989 rursusque
1122 896 1317 979 nefandus,

463 1010 558 1078 Stare
581 1008 653 1076 loco
678 1007 855 1074 Dominum
882 1031 1002 1091 ausus,
1026 1007 1079 1072 cui
1103 1005 1180 1071 talia
1204 1004 1310 1074 dixit:
1515 1012 1569 1074 50.

465 1113 586 1179 Omnia
610 1134 695 1202 quae
720 1112 828 1177 cernis
849 1134 920 1177 mea
944 1126 1041 1192 sunt,
1064 1131 1137 1174 mea
1158 1107 1223 1175 sola
1248 1089 1414 1196 potestas;

466 1216 689 1301 Trado'tibi3
713 1219 848 1309 supplex
873 1235 1000 1284 tantum
1017 1212 1070 1284 me
1087 1240 1215 1306 semper
1238 1215 1347 1282 adora.

469 1325 619 1392 Christus
644 1327 688 1391 ait
711 1324 871 1409 tandem,
895 1341 966 1413 pust
989 1347 1041 1390 me
1065 1321 1194 1391 discede
1214 1319 1381 1415 maligne,

466 1427 561 1495 Neve
584 1429 689 1495 Deum
716 1426 948 1516 dominumque
968 1443 1063 1492 tuum
1085 1431 1294 1516 temptaveris
1314 1449 1480 1519 umquam.

468 1537 622 1603 Protinus
644 1558 719 1601 cece
735 1536 811 1603 nori
832 1552 864 1603 et
883 1536 998 1602 veteris
1017 1534 1212 1625 peccaminis
1231 1552 1344 1602 auctor
1516 1539 1569 1600 55.

465 1641 712 1732 Prostratusque
735 1643 818 1710 iacet
839 1642 1001 1730 periturus
1021 1659 1126 1708 morte
1150 1645 1315 1731 perenni,

467 1750 538 1815 lam
559 1772 633 1816 reas
657 1764 689 1815 et
713 1746 842 1815 unllam
867 1750 994 1816 veniam
1013 1771 1048 1813 sc
1066 1764 1174 1816 certus
1196 1747 1329 1815 habeus.

465 1852 651 1943 Discipulos
674 1853 819 1942 primum
840 1868 920 1918 tuuc
944 1869 1049 1919 armat
1073 1852 1222 1942 dogmate
1243 1877 1361 1919 sacros

466 1960 630 2028 Omnibus
652 1983 718 2024 una
743 1957 849 2045 fides,
873 1986 955 2028 unus
976 1984 1068 2027 amor
1089 1977 1121 2027 et
1140 1983 1205 2025 unu
1227 1978 1391 2050 potestas:

467 2066 615 2136 Auribus
636 2066 818 2153 audivere,
841 2067 943 2136 oculis
965 2068 1078 2136 videre
1100 2066 1263 2153 salutem,
1513 2071 1569 2137 (io.

466 2177 648 2246 Convixere
674 2178 748 2242 cibo
771 2175 931 2259 adsidue,
954 2194 1112 2245 testantur
1134 2192 1166 2245 et
1186 2177 1256 2266 ipsi.

466 2282 504 2348 ln
530 2284 643 2348 vinum
668 2298 839 2349 vertuntur
861 2307 986 2372 aquae,
1009 2281 1164 2350 mirabile
1184 2284 1278 2349 visu!

464 2388 656 2478 Ingreditur
676 2406 840 2477 pontum,
864 2389 967 2455 calcat
988 2390 1171 2480 fluctusque
1191 2388 1354 2456 furentes:

462 2495 640 2560 Daemones
664 2492 788 2582 expulsi
811 2492 953 2559 clamant
973 2494 1210 2584 Christumque
1233 2493 1401 2573 fatentur,

463 2597 603 2663 Lumina
623 2595 808 2664 redduntur
832 2599 934 2664 caecis
956 2599 1127 2689 visumque
1148 2616 1328 2687 receptant.

465 2701 607 2768 Lazarus
630 2700 747 2791 algenti
774 2699 950 2768 claudebat
973 2703 1120 2768 membra
1148 2701 1348 2791 sepulchm,
1421 2712 1424 2717 ’

467 2809 553 2875 Cum
573 2808 726 2875 Christus
747 2807 871 2875 tumulo
892 2808 1045 2877 adsistens
1071 2827 1165 2875 vocat
1188 2834 1243 2877 ore
1262 2808 1449 2898 sepultum,

465 2910 615 2978 Claustra
639 2913 768 3000 aperit,
792 2928 984 3002 noctemque
1010 2911 1122 3002 sugat,
1144 2913 1311 3003 solemque
1334 2913 1485 2995 reducit,

466 3017 609 3083 Humida
633 3015 762 3106 ploratu
785 3017 953 3108 detergens
974 3042 1032 3084 ora
1058 3035 1239 3108 parentum.

463 3124 553 3191 Haec
577 3124 637 3189 ubi
656 3122 740 3190 facta
766 3127 827 3191 viri
854 3126 918 3192 iam
948 3124 1089 3216 psallens
1112 3123 1235 3192 semina
1258 3125 1365 3212 vidit,
1517 3169 1570 3234 7⁰·

464 3229 528 3298 Cui
546 3233 674 3321 sanguis
696 3234 766 3301 sine
787 3233 853 3302 fine
876 3236 977 3302 llueus
995 3236 1186 3303 exhauserat
1210 3251 1323 3316 artu8‚

464 3338 558 3404 Hunc
581 3362 656 3405 reor
682 3363 748 3405 esse
765 3341 872 3407 Deum
897 3340 1001 3423 dixit,
1024 3359 1056 3407 et
1080 3366 1172 3430 posse
1195 3340 1333 3407 salutem

463 3444 566 3511 Ferre
586 3444 692 3527 mihi,
715 3448 904 3536 tunicasque
924 3471 1023 3512 mauu
1047 3448 1234 3536 contingere
1254 3445 1384 3537 gaudet.

395 3590 403 3607 ·
464 3547 618 3616 Credenti
638 3549 799 3617 medicina
821 3553 937 3636 venit,
961 3552 1160 3640 morbusque
1185 3552 1322 3641 fugatur.

463 3655 613 3724 Infirmos
635 3655 753 3726 multos
779 3676 871 3724 curat
893 3659 1100 3724 cernentibus
1119 3657 1204 3733 illis;

465 3760 677 3830 Concurrunt
700 3766 851 3849 scribae,
874 3789 991 3855 magna
1017 3767 1162 3833 turbatio
1186 3765 1295 3849 sacta,

463 3867 650 3939 clamantes
673 3871 811 3943 dicunt:
835 3874 890 3939 hic
913 3899 971 3940 nos
997 3893 1143 3943 evertere
1171 3876 1286 3956 venit,

460 3975 639 4047 perdamus
662 3978 829 4047 huminem
854 3983 907 4072 qui
928 3980 1032 4072 legem
1057 4005 1210 4071 rumpere
1235 3981 1376 4072 qttacrit.
