3382 5206
688 613 734 664 na
763 590 986 664 nausearis.

327 711 434 768 Numeri
452 713 577 785 pluralis,
596 731 679 776 suae,
698 734 824 773 suarum.

327 800 382 854 anis
392 836 400 857 ,
412 818 473 855 suas
486 838 493 859 ,
508 820 588 860 suae.
604 821 619 856 a
633 805 697 858 suis.
711 805 822 858 Generis

327 889 437 946 neutri,
453 906 581 960 personae
599 891 712 951 tertiae,
731 907 825 944 nume-

329 977 352 1028 ri
375 977 516 1045 singularis
534 1013 542 1037 ,
559 996 652 1037 suurn,
673 979 737 1037 sui,
757 996 826 1037 suo,

328 1080 405 1116 suurn
430 1100 437 1119 ,
465 1080 565 1122 suum,
591 1083 606 1117 a
635 1083 692 1119 suo·
718 1066 827 1119 Numeri

330 1153 457 1224 pluralis,
489 1172 537 1207 sua
561 1191 569 1213 ,
596 1173 704 1209 suorum
721 1191 729 1213 .
748 1155 828 1213 suis.

332 1259 385 1295 sua
406 1278 413 1300 ,
432 1260 500 1300 saa,
525 1244 623 1296 esuis.

368 1331 479 1384 Generis
505 1332 673 1389 masculini,
706 1348 831 1403 personae

334 1417 460 1489 primae.
489 1419 651 1473 intrinsecus
674 1418 831 1488 singulare.

335 1518 362 1562 et
391 1508 556 1562 extrinsecus
586 1508 688 1581 plurale
715 1545 723 1567 ,
752 1508 802 1562 mei
825 1544 833 1567 ,

333 1611 475 1652 meorum,
510 1595 600 1653 meis,
626 1613 696 1648 niens
718 1631 726 1652 ,
753 1594 833 1653 mei,

335 1697 350 1731 a
378 1681 450 1734 meis·
471 1682 583 1735 Generis
604 1681 725 1735 feminini
744 1718 751 1740 ,
773 1699 836 1753 per-

336 1787 416 1824 sonae
444 1771 545 1840 primae
567 1809 574 1828 ,
598 1771 755 1824 intrinsecus
778 1770 836 1824 sin·

334 1858 423 1924 gulare
441 1895 448 1915 ,
474 1869 502 1913 et
531 1860 696 1913 extrinsecas
716 1857 836 1931 plurale,

334 1963 424 2005 aneae,
446 1965 560 2000 mearum
584 1986 591 2008 ,
615 1947 680 2001 meis
706 1983 713 2005 ,
739 1963 836 2004 meas·

337 2052 410 2088 meuc
437 2071 445 2092 ,
477 2054 491 2087 a
521 2036 595 2089 aneis·
629 2034 739 2089 Generis
769 2052 837 2087 neu-

338 2120 372 2173 tri
398 2156 406 2176 ,
430 2138 557 2191 personae
579 2122 707 2193 primae,
736 2120 836 2173 intrin-

339 2226 415 2261 secus
435 2209 587 2275 singulare,
617 2218 645 2261 et
671 2207 836 2261 extrinsecas

341 2295 461 2367 plurale,
479 2314 555 2353 rnca,
582 2311 698 2348 meorum
719 2329 727 2351 ,
750 2293 837 2348 meis.

340 2401 416 2437 anea.
434 2401 507 2440 mea,
526 2399 606 2440 rues,
626 2400 641 2434 a
659 2379 736 2434 meis·
754 2382 838 2434 Gene·

339 2471 375 2521 ris
395 2469 560 2526 masculini,
587 2484 713 2540 personae
741 2484 837 2522 mun·

343 2556 393 2607 dne
405 2555 581 2612 ,intrinsecus
595 2554 743 2622 singulare.
755 2563 782 2606 et
794 2569 836 2605 ea·
855 2593 857 2597 ,

339 2642 466 2694 trinsecus
481 2640 581 2712 plurale
596 2675 604 2699 ,
628 2642 668 2692 tui
682 2677 689 2696 ,
714 2651 836 2695 tuorum.

341 2729 414 2786 tuis,
434 2740 510 2786 tuos,
527 2729 585 2784 tui,
604 2746 619 2779 a
640 2729 701 2782 tuis.
725 2727 835 2781 Generis

339 2815 475 2875 seminini,
497 2833 622 2887 personae
635 2815 779 2870 secundae,
791 2814 835 2866 in-

338 2905 466 2957 trinsecus
483 2904 634 2971 singulare,
653 2915 681 2956 et
701 2902 834 2957 extrinse-

336 3010 383 3044 cus
397 2992 498 3061 plurale
510 3029 517 3047 ,
535 3004 614 3047 tune.
628 3003 752 3047 tuarum,
766 2989 835 3046 tuis,

340 3094 418 3139 tuas,
436 3092 515 3135 tune.
536 3099 552 3133 a
571 3081 634 3133 tuis.
650 3081 761 3134 Generis
774 3097 834 3132 neu·

339 3169 392 3226 tri,
412 3186 537 3238 personne
551 3168 696 3225 secundae,
708 3168 836 3219 intrinse-

339 3277 386 3313 cus
402 3258 547 3324 singulare,
563 3268 590 3310 et
602 3256 766 3310 extrinsecus
780 3255 837 3326 plu·

340 3348 410 3401 rale,
431 3357 497 3401 tara,
525 3356 645 3400 tuorum,
664 3343 736 3401 tuis,
767 3352 836 3397 tus·

340 3445 408 3488 tun,
428 3451 443 3484 a
463 3433 525 3484 tuis·
545 3431 656 3486 Generis
675 3430 833 3488 masculini,

340 3536 464 3589 personae
478 3520 583 3575 tertiae,
601 3518 758 3571 intrinsecus
777 3517 834 3571 sin·

340 3605 442 3673 gulare,
464 3615 492 3656 et
523 3604 687 3658 extrinsecus
715 3604 837 3675 plurale·

341 3697 406 3753 sui,
426 3713 551 3751 suorum,
567 3697 641 3751 suis,
665 3713 747 3751 suos.
776 3695 837 3749 sui·

342 3784 438 3837 asnis.
463 3784 575 3836 Generis
592 3783 709 3836 seminini
726 3819 732 3839 ,
752 3800 837 3853 perso·

342 3888 421 3923 sonae
440 3871 552 3928 tertiae,
565 3870 724 3923 intrinsecus
743 3871 835 3935 singu-

342 3959 396 4011 lare
421 3996 428 4016 ,
459 3969 486 4011 ct
518 3961 677 4010 extrinsecus
707 3957 836 4027 plurale,

346 4063 424 4104 snae.
438 4062 563 4100 suarum.
581 4044 650 4102 sais,
669 4061 747 4101 suas,
761 4062 838 4104 suae,

1275 588 1341 664 261

876 734 892 775 a
912 717 974 779 suis,
995 716 1106 783 Generis
1125 715 1230 773 neutri.
1247 733 1376 787 personae

877 805 972 859 tertiae
985 841 992 863 .
1016 805 1174 860 intrinsecus
1187 803 1336 874 slugrrlere,
1349 815 1378 862 et

878 892 1050 946 extrinsecus
1071 892 1196 964 plurale,
1221 909 1288 951 aaa,
1313 909 1377 945 sno-

879 995 962 1037 rum,
984 979 1059 1036 suis,
1084 995 1150 1038 sue,
1176 998 1242 1036 sua,
1267 997 1282 1031 a
1306 978 1374 1032 suis.

883 1065 992 1119 Generis
1005 1065 1161 1124 masculini,
1181 1083 1307 1136 personne
1321 1063 1376 1136 pri·

881 1171 954 1212 snae,
973 1155 1131 1208 intrinsecus
1144 1153 1258 1225 plurale.
1280 1164 1308 1207 et
1328 1171 1377 1207 ex-

882 1243 1012 1296 trinsecus
1040 1243 1189 1312 singulare,
1205 1252 1310 1297 nester·
1334 1259 1378 1294 nc·

885 1330 950 1389 stri,
968 1341 1078 1387 nostro,
1101 1341 1240 1388 nostrum,
1268 1339 1377 1386 nester,

886 1436 901 1470 a
922 1430 1022 1475 nostre·
1046 1418 1158 1472 Generis
1176 1416 1383 1487 ierniuini,per·

887 1503 1384 1577 sonaeprimae.lntrinsecusplurale,

886 1602 914 1646 et
927 1593 1092 1647 extrinsecus
1105 1591 1237 1660 singulare
1248 1626 1257 1649 ,
1275 1600 1383 1649 nestra,

888 1691 1009 1737 nostrae.
1029 1689 1153 1734 nostrae,
1173 1689 1305 1735 uestrum.
1332 1696 1384 1732 ne·

887 1777 960 1825 stra,
978 1784 994 1818 a
1012 1776 1115 1820 nostra.
1136 1764 1247 1818 Generis
1271 1763 1381 1820 neutri,

889 1869 1016 1924 personne
1025 1852 1133 1924 primae,
1149 1851 1306 1906 intrinsecus
1320 1847 1382 1919 plu·

888 1944 944 1996 tale
961 1978 968 2000 ,
995 1951 1024 1995 et
1050 1941 1212 1993 extrinsecus
1229 1938 1382 2008 singulare.

889 2041 1008 2085 nostnua
1017 2066 1025 2088 ,
1033 2029 1130 2086 nostri.
1141 2039 1246 2085 nostre,
1255 2037 1383 2082 nostrum·

888 2128 1026 2174 nostram,
1044 2134 1059 2168 a
1079 2126 1177 2169 nostro.
1199 2115 1312 2168 Generis
1325 2131 1382 2165 ma-

886 2204 985 2260 sculini
1001 2239 1009 2261 ‚
1027 2222 1153 2274 personae
1169 2204 1319 2261 secandae,
1337 2202 1384 2282 in-

890 2295 1018 2349 trinsecus
1032 2293 1147 2365 plurale,
1169 2303 1197 2345 et
1219 2293 1383 2347 extrinsecus

889 2382 1037 2450 singulare,
1060 2393 1173 2439 vester,
1197 2378 1311 2438 vestri,
1336 2397 1383 2435 re-

890 2482 961 2528 stro·¹
980 2479 1115 2526 vestrum,
1133 2478 1236 2524 vester.
1256 2484 1272 2518 a
1289 2479 1385 2521 restro.

890 2557 999 2613 Generis
1028 2555 1170 2613 feminini,
1194 2572 1319 2627 personae
1339 2572 1384 2609 se·

891 2648 1002 2706 eundae,
1013 2647 1170 2701 intrinsecus
1178 2645 1292 2716 plurale,
1301 2653 1330 2697 et
1341 2661 1385 2696 ex-

890 2738 1019 2792 trinsecus
1038 2735 1193 2804 singulare,
1210 2745 1315 2790 restra,
1334 2745 1383 2786 re-

889 2837 978 2880 strae,
1000 2834 1110 2876 vestram
1129 2832 1235 2878 vestra,
1253 2838 1269 2872 a
1287 2831 1385 2873 vestra·

890 2912 1001 2967 Generis
1023 2911 1129 2969 neutri,
1152 2927 1276 2981 personae
1295 2926 1384 2962 secan·

890 3002 948 3058 dae,
959 3001 1114 3054 intrinsecus
1125 2999 1233 3070 plurale,
1241 3010 1269 3052 et
1283 3000 1385 3051 extrin-

889 3108 964 3145 secus
974 3089 1106 3157 singulare
1117 3124 1125 3145 ,
1137 3098 1253 3140 vestrum
1265 3121 1272 3142 ‚
1284 3085 1386 3142 vestri·

889 3190 993 3236 restro.
1009 3190 1141 3235 vestrum,
1160 3188 1292 3232 restrum.
1310 3193 1327 3226 ι
1340 3192 1387 3230 ve-

888 3278 953 3321 stro.
967 3267 1078 3322 Generis
1092 3263 1232 3318 masculini
1244 3279 1387 3333 ,personae

890 3352 999 3407 tertiae.
1025 3349 1183 3404 intrinsecus
1210 3346 1337 3419 plurale.
1360 3356 1389 3398 et

888 3440 1051 3494 extrinsecus
1064 3435 1212 3504 singulare,
1227 3452 1308 3490 suus,
1325 3433 1388 3490 sui,

888 3546 953 3582 sue,
968 3543 1061 3581 suurn,
1084 3541 1167 3579 suus,
1187 3538 1273 3574 asae.
1298 3521 1389 3574 Gene-

889 3617 926 3668 ris
936 3614 1055 3666 ierninini
1066 3648 1073 3669 ,
1091 3626 1218 3682 personae
1228 3608 1341 3665 tertiae,
1355 3606 1394 3660 in·

890 3704 1019 3757 trinsecus
1038 3698 1158 3771 plurale,
1177 3708 1205 3750 et
1223 3695 1387 3750 extrinsecas

889 3791 1019 3858 singulare
1030 3825 1037 3847 ,
1053 3804 1111 3842 sua,
1122 3802 1200 3842 suae,
1212 3800 1292 3840 suae,
1303 3799 1389 3838 auam,

890 3901 958 3939 sua,
973 3899 988 3932 a
1006 3896 1064 3932 sua.
1083 3877 1195 3932 Generis
1215 3873 1319 3931 nentri,
1333 3889 1390 3944 per·

891 3988 970 4025 senae
989 3970 1104 4024 tertiae,
1121 3966 1281 4019 intrinsecus
1301 3963 1393 4033 plura·

893 4059 918 4110 le
942 4093 949 4115 .
980 4066 1008 4110 et
1039 4055 1201 4108 extrinsecus
1231 4049 1393 4116 singulare·
