<?xml version="1.0" encoding="UTF-8"?>
<!DOCTYPE html PUBLIC "-//W3C//DTD XHTML 1.0 Transitional//EN"
    "http://www.w3.org/TR/xhtml1/DTD/xhtml1-transitional.dtd">
<html xmlns="http://www.w3.org/1999/xhtml" xml:lang="en" lang="en">
 <head>
  <title>
</title>
<meta http-equiv="Content-Type" content="text/html;charset=utf-8" />
  <meta name='ocr-system' content='tesseract 3.04.00' />
  <meta name='ocr-capabilities' content='ocr_page ocr_carea ocr_par ocr_line ocrx_word'/>
</head>
<body>
  <div class='ocr_page' id='page_1' title='image "./classicorumauct00vatigoog_0482.png"; bbox 0 0 3382 5206; ppageno 0'>
   <div class='ocr_carea' id='block_1_1' title="bbox 700 588 1338 686">
    <p class='ocr_par' dir='ltr' id='par_1_1' title="bbox 700 588 1338 686">
     <span class='ocr_line' id='line_1_1' title="bbox 700 588 1338 686; baseline -0.002 -25"><span class='ocrx_word' id='word_1_1' title='bbox 700 612 782 661; x_wconf 77' lang='lat' dir='ltr'><strong>tavi</strong></span> <span class='ocrx_word' id='word_1_2' title='bbox 810 611 993 661; x_wconf 78' lang='lat' dir='ltr'><strong>utuotnu.</strong></span> <span class='ocrx_word' id='word_1_3' title='bbox 1269 588 1338 686; x_wconf 70' lang='lat'><strong>417</strong></span> 
     </span>
    </p>
   </div>
   <div class='ocr_carea' id='block_1_2' title="bbox 342 714 1319 917">
    <p class='ocr_par' dir='ltr' id='par_1_2' title="bbox 342 714 1319 917">
     <span class='ocr_line' id='line_1_2' title="bbox 342 714 1163 811; baseline -0.005 -23"><span class='ocrx_word' id='word_1_4' title='bbox 342 718 407 788; x_wconf 78' lang='lat' dir='ltr'><strong>Sed</strong></span> <span class='ocrx_word' id='word_1_5' title='bbox 422 724 522 811; x_wconf 82' lang='lat' dir='ltr'><strong>magis</strong></span> <span class='ocrx_word' id='word_1_6' title='bbox 548 721 717 788; x_wconf 86' lang='lat' dir='ltr'><strong>ecclesiam</strong></span> <span class='ocrx_word' id='word_1_7' title='bbox 743 721 857 786; x_wconf 78' lang='lat' dir='ltr'>ditavit</span> <span class='ocrx_word' id='word_1_8' title='bbox 881 745 937 786; x_wconf 84' lang='lat' dir='ltr'><strong>rex</strong></span> <span class='ocrx_word' id='word_1_9' title='bbox 959 714 1163 810; x_wconf 82' lang='lat' dir='ltr'><strong>Dagobertus</strong></span> 
     </span>
     <span class='ocr_line' id='line_1_3' title="bbox 343 823 1319 917; baseline -0.002 -25"><span class='ocrx_word' id='word_1_10' title='bbox 343 825 429 892; x_wconf 88' lang='lat' dir='ltr'><strong>Cum</strong></span> <span class='ocrx_word' id='word_1_11' title='bbox 449 825 630 894; x_wconf 80' lang='lat' dir='ltr'><strong>Nantlrilde</strong></span> <span class='ocrx_word' id='word_1_12' title='bbox 650 850 825 917; x_wconf 80' lang='lat' dir='ltr'><strong>tunquam</strong></span> <span class='ocrx_word' id='word_1_13' title='bbox 846 842 1004 893; x_wconf 78' lang='lat' dir='ltr'><strong>exornant</strong></span> <span class='ocrx_word' id='word_1_14' title='bbox 1028 849 1125 891; x_wconf 81' lang='lat' dir='ltr'><strong>aurea</strong></span> <span class='ocrx_word' id='word_1_15' title='bbox 1144 823 1268 912; x_wconf 84' lang='lat' dir='ltr'><strong>busta(</strong></span> <span class='ocrx_word' id='word_1_16' title='bbox 1295 824 1319 912; x_wconf 91' lang='lat'><strong>).</strong></span> 
     </span>
    </p>
   </div>
   <div class='ocr_carea' id='block_1_3' title="bbox 463 1036 1240 1105">
    <p class='ocr_par' dir='ltr' id='par_1_3' title="bbox 463 1036 1240 1105">
     <span class='ocr_line' id='line_1_4' title="bbox 463 1036 1240 1105; baseline 0 -3"><span class='ocrx_word' id='word_1_17' title='bbox 463 1036 539 1103; x_wconf 79' lang='lat' dir='ltr'><strong>xit.</strong></span> <span class='ocrx_word' id='word_1_18' title='bbox 566 1055 782 1105; x_wconf 79' lang='lat' dir='ltr'><strong>arrraruutu</strong></span> <span class='ocrx_word' id='word_1_19' title='bbox 807 1058 878 1104; x_wconf 81' lang='lat' dir='ltr'><strong>tur.</strong></span> <span class='ocrx_word' id='word_1_20' title='bbox 904 1054 1028 1104; x_wconf 74' lang='lat' dir='ltr'><strong>cauom</strong></span> <span class='ocrx_word' id='word_1_21' title='bbox 1053 1058 1098 1104; x_wconf 80' lang='lat' dir='ltr'><strong>rr</strong></span> <span class='ocrx_word' id='word_1_22' title='bbox 1123 1059 1240 1104; x_wconf 80' lang='lat' dir='ltr'><strong>rnuu.</strong></span> 
     </span>
    </p>
   </div>
   <div class='ocr_carea' id='block_1_4' title="bbox 338 1181 1248 1650">
    <p class='ocr_par' dir='ltr' id='par_1_4' title="bbox 338 1181 1248 1650">
     <span class='ocr_line' id='line_1_5' title="bbox 340 1181 1225 1340; baseline -0.001 -27"><span class='ocrx_word' id='word_1_23' title='bbox 340 1181 498 1339; x_wconf 82' lang='lat' dir='ltr'><strong>Effigies</strong></span> <span class='ocrx_word' id='word_1_24' title='bbox 516 1269 631 1336; x_wconf 84' lang='lat' dir='ltr'><strong>regum</strong></span> <span class='ocrx_word' id='word_1_25' title='bbox 653 1245 708 1313; x_wconf 89' lang='lat' dir='ltr'><strong>hic</strong></span> <span class='ocrx_word' id='word_1_26' title='bbox 731 1264 763 1313; x_wconf 88' lang='lat' dir='ltr'><strong>et</strong></span> <span class='ocrx_word' id='word_1_27' title='bbox 788 1246 920 1312; x_wconf 85' lang='lat' dir='ltr'><strong>nomina</strong></span> <span class='ocrx_word' id='word_1_28' title='bbox 941 1245 1029 1312; x_wconf 86' lang='lat' dir='ltr'><strong>clara</strong></span> <span class='ocrx_word' id='word_1_29' title='bbox 1055 1244 1225 1340; x_wconf 81' lang='lat' dir='ltr'><strong>refulgent</strong></span> 
     </span>
     <span class='ocr_line' id='line_1_6' title="bbox 339 1346 1097 1440; baseline 0.001 -24"><span class='ocrx_word' id='word_1_30' title='bbox 339 1352 510 1440; x_wconf 80' lang='lat' dir='ltr'><strong>Praecipui</strong></span> <span class='ocrx_word' id='word_1_31' title='bbox 533 1347 643 1418; x_wconf 85' lang='lat' dir='ltr'><strong>Caroli</strong></span> <span class='ocrx_word' id='word_1_32' title='bbox 666 1366 699 1417; x_wconf 81' lang='lat' dir='ltr'><strong>et</strong></span> <span class='ocrx_word' id='word_1_33' title='bbox 720 1351 825 1438; x_wconf 85' lang='lat' dir='ltr'><strong>Pipini</strong></span> <span class='ocrx_word' id='word_1_34' title='bbox 847 1346 938 1416; x_wconf 85' lang='lat' dir='ltr'><strong>fortis</strong></span> <span class='ocrx_word' id='word_1_35' title='bbox 961 1348 1097 1418; x_wconf 81' lang='lat' dir='ltr'><strong>alumni.</strong></span> 
     </span>
     <span class='ocr_line' id='line_1_7' title="bbox 338 1452 1193 1543; baseline -0.001 -23"><span class='ocrx_word' id='word_1_36' title='bbox 338 1455 489 1543; x_wconf 79' lang='lat' dir='ltr'><strong>Optimus</strong></span> <span class='ocrx_word' id='word_1_37' title='bbox 513 1452 674 1542; x_wconf 81' lang='lat' dir='ltr'><strong>Augustus</strong></span> <span class='ocrx_word' id='word_1_38' title='bbox 696 1477 820 1522; x_wconf 87' lang='lat' dir='ltr'><strong>summo</strong></span> <span class='ocrx_word' id='word_1_39' title='bbox 843 1456 900 1543; x_wconf 90' lang='lat' dir='ltr'><strong>qui</strong></span> <span class='ocrx_word' id='word_1_40' title='bbox 925 1471 1017 1542; x_wconf 87' lang='lat' dir='ltr'><strong>patre</strong></span> <span class='ocrx_word' id='word_1_41' title='bbox 1045 1472 1193 1522; x_wconf 83' lang='lat' dir='ltr'><strong>coruscat</strong></span> 
     </span>
     <span class='ocr_line' id='line_1_8' title="bbox 339 1559 1248 1650; baseline -0.001 -25"><span class='ocrx_word' id='word_1_42' title='bbox 339 1559 478 1644; x_wconf 82' lang='lat' dir='ltr'><strong>Caesar,</strong></span> <span class='ocrx_word' id='word_1_43' title='bbox 498 1584 594 1650; x_wconf 80' lang='lat' dir='ltr'><strong>quein</strong></span> <span class='ocrx_word' id='word_1_44' title='bbox 617 1562 745 1649; x_wconf 81' lang='lat' dir='ltr'><strong>peperit</strong></span> <span class='ocrx_word' id='word_1_45' title='bbox 770 1562 864 1627; x_wconf 87' lang='lat' dir='ltr'><strong>Berta</strong></span> <span class='ocrx_word' id='word_1_46' title='bbox 889 1559 1110 1649; x_wconf 87' lang='lat' dir='ltr'><strong>pulcherrima</strong></span> <span class='ocrx_word' id='word_1_47' title='bbox 1134 1577 1248 1626; x_wconf 85' lang='lat' dir='ltr'><strong>mater.</strong></span> 
     </span>
    </p>
   </div>
   <div class='ocr_carea' id='block_1_5' title="bbox 607 1768 1087 1840">
    <p class='ocr_par' dir='ltr' id='par_1_5' title="bbox 607 1768 1087 1840">
     <span class='ocr_line' id='line_1_9' title="bbox 607 1768 1087 1840; baseline 0.008 -7"><span class='ocrx_word' id='word_1_48' title='bbox 607 1768 702 1834; x_wconf 85' lang='lat' dir='ltr'><strong>XIII.</strong></span> <span class='ocrx_word' id='word_1_49' title='bbox 728 1789 943 1840; x_wconf 76' lang='lat' dir='ltr'><strong>artrarruuu</strong></span> <span class='ocrx_word' id='word_1_50' title='bbox 968 1792 1087 1840; x_wconf 77' lang='lat' dir='ltr'><strong>rnuu</strong></span> 
     </span>
    </p>
   </div>
   <div class='ocr_carea' id='block_1_6' title="bbox 330 1917 1331 3656">
    <p class='ocr_par' dir='ltr' id='par_1_6' title="bbox 343 1917 1212 2175">
     <span class='ocr_line' id='line_1_10' title="bbox 343 1917 1212 2070; baseline 0 -22"><span class='ocrx_word' id='word_1_51' title='bbox 343 1917 441 2048; x_wconf 88' lang='lat' dir='ltr'><strong>Hoc</strong></span> <span class='ocrx_word' id='word_1_52' title='bbox 463 1981 545 2047; x_wconf 84' lang='lat' dir='ltr'><strong>iacet</strong></span> <span class='ocrx_word' id='word_1_53' title='bbox 563 1981 597 2044; x_wconf 92' lang='lat' dir='ltr'><strong>in</strong></span> <span class='ocrx_word' id='word_1_54' title='bbox 621 1979 747 2046; x_wconf 86' lang='lat' dir='ltr'><strong>tumulo</strong></span> <span class='ocrx_word' id='word_1_55' title='bbox 769 1981 904 2070; x_wconf 85' lang='lat' dir='ltr'><strong>Pipinus</strong></span> <span class='ocrx_word' id='word_1_56' title='bbox 924 2004 980 2047; x_wconf 83' lang='lat' dir='ltr'><strong>rex</strong></span> <span class='ocrx_word' id='word_1_57' title='bbox 1006 1980 1212 2048; x_wconf 84' lang='lat' dir='ltr'><strong>venerandus</strong></span> 
     </span>
     <span class='ocr_line' id='line_1_11' title="bbox 405 2086 1131 2175; baseline 0.001 -23"><span class='ocrx_word' id='word_1_58' title='bbox 405 2088 597 2175; x_wconf 80' lang='lat' dir='ltr'><strong>Hesperiam</strong></span> <span class='ocrx_word' id='word_1_59' title='bbox 619 2089 720 2171; x_wconf 80' lang='lat' dir='ltr'><strong>rexit,</strong></span> <span class='ocrx_word' id='word_1_60' title='bbox 745 2087 807 2155; x_wconf 88' lang='lat' dir='ltr'><strong>hoc</strong></span> <span class='ocrx_word' id='word_1_61' title='bbox 830 2088 917 2152; x_wconf 86' lang='lat' dir='ltr'><strong>iacet</strong></span> <span class='ocrx_word' id='word_1_62' title='bbox 937 2089 971 2151; x_wconf 93' lang='lat' dir='ltr'><strong>in</strong></span> <span class='ocrx_word' id='word_1_63' title='bbox 993 2086 1131 2154; x_wconf 85' lang='lat' dir='ltr'><strong>tumulo.</strong></span> 
     </span>
    </p>

    <p class='ocr_par' dir='ltr' id='par_1_7' title="bbox 336 2189 1248 2388">
     <span class='ocr_line' id='line_1_12' title="bbox 336 2189 1248 2281; baseline -0.005 -21"><span class='ocrx_word' id='word_1_64' title='bbox 336 2192 477 2260; x_wconf 85' lang='lat' dir='ltr'><strong>Francia</strong></span> <span class='ocrx_word' id='word_1_65' title='bbox 504 2193 733 2281; x_wconf 78' lang='lat' dir='ltr'><strong>quemgenuit</strong></span> <span class='ocrx_word' id='word_1_66' title='bbox 760 2189 899 2280; x_wconf 87' lang='lat' dir='ltr'><strong>pulchra</strong></span> <span class='ocrx_word' id='word_1_67' title='bbox 922 2191 1043 2280; x_wconf 83' lang='lat' dir='ltr'><strong>pietate</strong></span> <span class='ocrx_word' id='word_1_68' title='bbox 1069 2189 1248 2281; x_wconf 85' lang='lat' dir='ltr'><strong>repletum,</strong></span> 
     </span>
     <span class='ocr_line' id='line_1_13' title="bbox 404 2298 1242 2388; baseline 0 -24"><span class='ocrx_word' id='word_1_69' title='bbox 404 2301 501 2364; x_wconf 88' lang='lat' dir='ltr'><strong>Nunc</strong></span> <span class='ocrx_word' id='word_1_70' title='bbox 525 2314 610 2364; x_wconf 84' lang='lat' dir='ltr'><strong>tenet</strong></span> <span class='ocrx_word' id='word_1_71' title='bbox 629 2298 810 2386; x_wconf 85' lang='lat' dir='ltr'><strong>Hesperia,</strong></span> <span class='ocrx_word' id='word_1_72' title='bbox 832 2299 974 2364; x_wconf 84' lang='lat' dir='ltr'><strong>Francia</strong></span> <span class='ocrx_word' id='word_1_73' title='bbox 997 2322 1094 2388; x_wconf 83' lang='lat' dir='ltr'><strong>quern</strong></span> <span class='ocrx_word' id='word_1_74' title='bbox 1116 2298 1242 2386; x_wconf 83' lang='lat' dir='ltr'><strong>genuit.</strong></span> 
     </span>
    </p>

    <p class='ocr_par' dir='ltr' id='par_1_8' title="bbox 337 2403 1243 2598">
     <span class='ocr_line' id='line_1_14' title="bbox 337 2403 1243 2497; baseline 0.001 -28"><span class='ocrx_word' id='word_1_75' title='bbox 337 2404 465 2471; x_wconf 85' lang='lat' dir='ltr'><strong>Nobilis</strong></span> <span class='ocrx_word' id='word_1_76' title='bbox 486 2406 520 2469; x_wconf 88' lang='lat' dir='ltr'><strong>in</strong></span> <span class='ocrx_word' id='word_1_77' title='bbox 542 2428 679 2495; x_wconf 80' lang='lat' dir='ltr'><strong>genere,</strong></span> <span class='ocrx_word' id='word_1_78' title='bbox 702 2403 842 2491; x_wconf 88' lang='lat' dir='ltr'><strong>pulchra</strong></span> <span class='ocrx_word' id='word_1_79' title='bbox 866 2403 905 2468; x_wconf 81' lang='lat' dir='ltr'><strong>tle</strong></span> <span class='ocrx_word' id='word_1_80' title='bbox 928 2405 1028 2492; x_wconf 82' lang='lat' dir='ltr'><strong>stirpe</strong></span> <span class='ocrx_word' id='word_1_81' title='bbox 1053 2428 1243 2497; x_wconf 70' lang='lat' dir='ltr'><strong>coruscans,</strong></span> 
     </span>
     <span class='ocr_line' id='line_1_15' title="bbox 402 2505 1151 2598; baseline 0.001 -25"><span class='ocrx_word' id='word_1_82' title='bbox 402 2512 506 2594; x_wconf 83' lang='lat' dir='ltr'><strong>Quom</strong></span> <span class='ocrx_word' id='word_1_83' title='bbox 525 2509 638 2597; x_wconf 84' lang='lat' dir='ltr'><strong>genuit</strong></span> <span class='ocrx_word' id='word_1_84' title='bbox 660 2506 797 2574; x_wconf 85' lang='lat' dir='ltr'><strong>Carolus</strong></span> <span class='ocrx_word' id='word_1_85' title='bbox 819 2505 939 2573; x_wconf 88' lang='lat' dir='ltr'><strong>nobilis</strong></span> <span class='ocrx_word' id='word_1_86' title='bbox 962 2508 996 2573; x_wconf 91' lang='lat' dir='ltr'><strong>in</strong></span> <span class='ocrx_word' id='word_1_87' title='bbox 1019 2531 1151 2598; x_wconf 77' lang='lat' dir='ltr'><strong>genere.</strong></span> 
     </span>
    </p>

    <p class='ocr_par' dir='ltr' id='par_1_9' title="bbox 335 2611 1331 2813">
     <span class='ocr_line' id='line_1_16' title="bbox 335 2611 1331 2704; baseline 0 -23"><span class='ocrx_word' id='word_1_88' title='bbox 335 2616 459 2682; x_wconf 85' lang='lat' dir='ltr'><strong>Nubila</strong></span> <span class='ocrx_word' id='word_1_89' title='bbox 488 2632 605 2681; x_wconf 87' lang='lat' dir='ltr'><strong>cuncta</strong></span> <span class='ocrx_word' id='word_1_90' title='bbox 625 2611 738 2704; x_wconf 84' lang='lat' dir='ltr'><strong>fugans</strong></span> <span class='ocrx_word' id='word_1_91' title='bbox 760 2614 900 2699; x_wconf 77' lang='lat' dir='ltr'><strong>mundi,</strong></span> <span class='ocrx_word' id='word_1_92' title='bbox 925 2618 1115 2704; x_wconf 86' lang='lat' dir='ltr'><strong>properavit</strong></span> <span class='ocrx_word' id='word_1_93' title='bbox 1136 2615 1179 2680; x_wconf 88' lang='lat' dir='ltr'><strong>ad</strong></span> <span class='ocrx_word' id='word_1_94' title='bbox 1197 2617 1331 2701; x_wconf 81' lang='lat' dir='ltr'><strong>aethra,</strong></span> 
     </span>
     <span class='ocr_line' id='line_1_17' title="bbox 404 2719 1234 2813; baseline 0 -25"><span class='ocrx_word' id='word_1_95' title='bbox 404 2724 502 2788; x_wconf 91' lang='lat' dir='ltr'><strong>Nunc</strong></span> <span class='ocrx_word' id='word_1_96' title='bbox 525 2725 595 2788; x_wconf 86' lang='lat' dir='ltr'><strong>siue</strong></span> <span class='ocrx_word' id='word_1_97' title='bbox 613 2720 677 2788; x_wconf 88' lang='lat' dir='ltr'><strong>line</strong></span> <span class='ocrx_word' id='word_1_98' title='bbox 700 2740 811 2787; x_wconf 84' lang='lat' dir='ltr'><strong>manat</strong></span> <span class='ocrx_word' id='word_1_99' title='bbox 833 2723 949 2788; x_wconf 86' lang='lat' dir='ltr'><strong>nubila</strong></span> <span class='ocrx_word' id='word_1_100' title='bbox 973 2741 1090 2789; x_wconf 90' lang='lat' dir='ltr'><strong>cuncta</strong></span> <span class='ocrx_word' id='word_1_101' title='bbox 1113 2719 1234 2813; x_wconf 82' lang='lat' dir='ltr'><strong>fugans.</strong></span> 
     </span>
    </p>

    <p class='ocr_par' dir='ltr' id='par_1_10' title="bbox 336 2825 1100 3022">
     <span class='ocr_line' id='line_1_18' title="bbox 336 2825 1100 2919; baseline -0.008 -22"><span class='ocrx_word' id='word_1_102' title='bbox 336 2833 450 2919; x_wconf 83' lang='lat' dir='ltr'><strong>Deque</strong></span> <span class='ocrx_word' id='word_1_103' title='bbox 475 2853 532 2894; x_wconf 90' lang='lat' dir='ltr'><strong>sua</strong></span> <span class='ocrx_word' id='word_1_104' title='bbox 555 2826 637 2894; x_wconf 84' lang='lat' dir='ltr'><strong>sacie</strong></span> <span class='ocrx_word' id='word_1_105' title='bbox 656 2827 831 2915; x_wconf 84' lang='lat' dir='ltr'><strong>superabat</strong></span> <span class='ocrx_word' id='word_1_106' title='bbox 851 2825 919 2891; x_wconf 89' lang='lat' dir='ltr'><strong>lilia</strong></span> <span class='ocrx_word' id='word_1_107' title='bbox 939 2825 1100 2914; x_wconf 83' lang='lat' dir='ltr'><strong>pulchra,</strong></span> 
     </span>
     <span class='ocr_line' id='line_1_19' title="bbox 401 2932 1037 3022; baseline -0.003 -20"><span class='ocrx_word' id='word_1_108' title='bbox 401 2934 505 3002; x_wconf 84' lang='lat' dir='ltr'><strong>Fulsit</strong></span> <span class='ocrx_word' id='word_1_109' title='bbox 527 2936 615 3001; x_wconf 86' lang='lat' dir='ltr'><strong>clara</strong></span> <span class='ocrx_word' id='word_1_110' title='bbox 641 2932 708 2999; x_wconf 84' lang='lat' dir='ltr'><strong>dies</strong></span> <span class='ocrx_word' id='word_1_111' title='bbox 732 2933 839 3022; x_wconf 78' lang='lat' dir='ltr'><strong>doque</strong></span> <span class='ocrx_word' id='word_1_112' title='bbox 862 2957 919 2997; x_wconf 88' lang='lat' dir='ltr'><strong>sua</strong></span> <span class='ocrx_word' id='word_1_113' title='bbox 945 2932 1037 3000; x_wconf 82' lang='lat' dir='ltr'><strong>facie.</strong></span> 
     </span>
    </p>

    <p class='ocr_par' dir='ltr' id='par_1_11' title="bbox 334 3038 1213 3235">
     <span class='ocr_line' id='line_1_20' title="bbox 334 3038 1213 3130; baseline 0 -22"><span class='ocrx_word' id='word_1_114' title='bbox 334 3042 488 3108; x_wconf 88' lang='lat' dir='ltr'><strong>Nobilior</strong></span> <span class='ocrx_word' id='word_1_115' title='bbox 506 3042 632 3107; x_wconf 80' lang='lat' dir='ltr'><strong>meritis</strong></span> <span class='ocrx_word' id='word_1_116' title='bbox 661 3065 760 3130; x_wconf 80' lang='lat' dir='ltr'><strong>quant</strong></span> <span class='ocrx_word' id='word_1_117' title='bbox 783 3044 855 3129; x_wconf 89' lang='lat' dir='ltr'><strong>quis</strong></span> <span class='ocrx_word' id='word_1_118' title='bbox 876 3038 961 3109; x_wconf 83' lang='lat' dir='ltr'><strong>valet</strong></span> <span class='ocrx_word' id='word_1_119' title='bbox 983 3064 1041 3105; x_wconf 83' lang='lat' dir='ltr'><strong>ora</strong></span> <span class='ocrx_word' id='word_1_120' title='bbox 1068 3040 1213 3125; x_wconf 80' lang='lat' dir='ltr'><strong>referre,</strong></span> 
     </span>
     <span class='ocr_line' id='line_1_21' title="bbox 400 3144 1074 3235; baseline -0.001 -23"><span class='ocrx_word' id='word_1_121' title='bbox 400 3149 439 3212; x_wconf 92' lang='lat' dir='ltr'><strong>In</strong></span> <span class='ocrx_word' id='word_1_122' title='bbox 463 3148 570 3234; x_wconf 85' lang='lat' dir='ltr'><strong>specie</strong></span> <span class='ocrx_word' id='word_1_123' title='bbox 590 3145 746 3235; x_wconf 84' lang='lat' dir='ltr'><strong>pulcher,</strong></span> <span class='ocrx_word' id='word_1_124' title='bbox 772 3144 916 3211; x_wconf 89' lang='lat' dir='ltr'><strong>nobilior</strong></span> <span class='ocrx_word' id='word_1_125' title='bbox 940 3146 1074 3211; x_wconf 83' lang='lat' dir='ltr'><strong>meritis.</strong></span> 
     </span>
    </p>

    <p class='ocr_par' dir='ltr' id='par_1_12' title="bbox 330 3250 1210 3446">
     <span class='ocr_line' id='line_1_22' title="bbox 330 3250 1210 3340; baseline -0.002 -20"><span class='ocrx_word' id='word_1_126' title='bbox 330 3255 423 3320; x_wconf 88' lang='lat' dir='ltr'><strong>Unus</strong></span> <span class='ocrx_word' id='word_1_127' title='bbox 445 3275 536 3317; x_wconf 89' lang='lat' dir='ltr'><strong>amor</strong></span> <span class='ocrx_word' id='word_1_128' title='bbox 560 3250 690 3340; x_wconf 80' lang='lat' dir='ltr'><strong>populi,</strong></span> <span class='ocrx_word' id='word_1_129' title='bbox 717 3254 840 3333; x_wconf 85' lang='lat' dir='ltr'><strong>virtus,</strong></span> <span class='ocrx_word' id='word_1_130' title='bbox 866 3276 925 3340; x_wconf 79' lang='lat' dir='ltr'><strong>pau</strong></span> <span class='ocrx_word' id='word_1_131' title='bbox 951 3253 1101 3320; x_wconf 84' lang='lat' dir='ltr'><strong>omuibus</strong></span> <span class='ocrx_word' id='word_1_132' title='bbox 1125 3277 1210 3338; x_wconf 86' lang='lat' dir='ltr'><strong>una,</strong></span> 
     </span>
     <span class='ocr_line' id='line_1_23' title="bbox 396 3358 1053 3446; baseline -0.003 -21"><span class='ocrx_word' id='word_1_133' title='bbox 396 3359 514 3425; x_wconf 82' lang='lat' dir='ltr'><strong>Dilexit</strong></span> <span class='ocrx_word' id='word_1_134' title='bbox 539 3375 692 3440; x_wconf 78' lang='lat' dir='ltr'><strong>curtatus,</strong></span> <span class='ocrx_word' id='word_1_135' title='bbox 717 3383 797 3424; x_wconf 84' lang='lat' dir='ltr'><strong>uuus</strong></span> <span class='ocrx_word' id='word_1_136' title='bbox 817 3381 910 3423; x_wconf 83' lang='lat' dir='ltr'><strong>antor</strong></span> <span class='ocrx_word' id='word_1_137' title='bbox 931 3358 1053 3446; x_wconf 73' lang='lat' dir='ltr'><strong>populi,</strong></span> 
     </span>
    </p>

    <p class='ocr_par' dir='ltr' id='par_1_13' title="bbox 330 3461 1236 3656">
     <span class='ocr_line' id='line_1_24' title="bbox 330 3461 1236 3550; baseline -0.003 -17"><span class='ocrx_word' id='word_1_138' title='bbox 330 3471 392 3533; x_wconf 80' lang='lat' dir='ltr'><strong>Rex</strong></span> <span class='ocrx_word' id='word_1_139' title='bbox 418 3467 521 3529; x_wconf 88' lang='lat' dir='ltr'><strong>bonus</strong></span> <span class='ocrx_word' id='word_1_140' title='bbox 548 3480 580 3528; x_wconf 80' lang='lat' dir='ltr'><strong>nt</strong></span> <span class='ocrx_word' id='word_1_141' title='bbox 603 3461 766 3550; x_wconf 76' lang='lat' dir='ltr'><strong>placidus,</strong></span> <span class='ocrx_word' id='word_1_142' title='bbox 786 3462 865 3528; x_wconf 91' lang='lat' dir='ltr'><strong>nulli</strong></span> <span class='ocrx_word' id='word_1_143' title='bbox 888 3464 1035 3530; x_wconf 82' lang='lat' dir='ltr'><strong>bonitate</strong></span> <span class='ocrx_word' id='word_1_144' title='bbox 1056 3467 1236 3550; x_wconf 83' lang='lat' dir='ltr'><strong>secundus,</strong></span> 
     </span>
     <span class='ocr_line' id='line_1_25' title="bbox 398 3566 1176 3656; baseline -0.005 -21"><span class='ocrx_word' id='word_1_145' title='bbox 398 3572 473 3636; x_wconf 82' lang='lat' dir='ltr'><strong>lure</strong></span> <span class='ocrx_word' id='word_1_146' title='bbox 497 3566 575 3634; x_wconf 90' lang='lat' dir='ltr'><strong>alios</strong></span> <span class='ocrx_word' id='word_1_147' title='bbox 596 3569 675 3634; x_wconf 76' lang='lat' dir='ltr'><strong>rexit</strong></span> <span class='ocrx_word' id='word_1_148' title='bbox 697 3592 750 3632; x_wconf 83' lang='lat' dir='ltr'><strong>rex</strong></span> <span class='ocrx_word' id='word_1_149' title='bbox 778 3568 881 3632; x_wconf 89' lang='lat' dir='ltr'><strong>bouus</strong></span> <span class='ocrx_word' id='word_1_150' title='bbox 908 3585 937 3633; x_wconf 83' lang='lat' dir='ltr'><strong>et</strong></span> <span class='ocrx_word' id='word_1_151' title='bbox 961 3567 1118 3656; x_wconf 83' lang='lat' dir='ltr'><strong>placidus·</strong></span> <span class='ocrx_word' id='word_1_152' title='bbox 1173 3600 1176 3605; x_wconf 89' lang='lat'><strong>·</strong></span> 
     </span>
    </p>
   </div>
   <div class='ocr_carea' id='block_1_7' title="bbox 326 3754 1342 4090">
    <p class='ocr_par' dir='ltr' id='par_1_14' title="bbox 326 3754 1342 4090">
     <span class='ocr_line' id='line_1_26' title="bbox 402 3754 1341 3827; baseline 0.002 -19"><span class='ocrx_word' id='word_1_153' title='bbox 402 3757 443 3827; x_wconf 78' lang='lat' dir='ltr'><strong>(r)</strong></span> <span class='ocrx_word' id='word_1_154' title='bbox 462 3755 604 3822; x_wconf 76' lang='lat' dir='ltr'><strong>llugtiborti</strong></span> <span class='ocrx_word' id='word_1_155' title='bbox 619 3755 722 3807; x_wconf 77' lang='lat' dir='ltr'><strong>‹liversu</strong></span> <span class='ocrx_word' id='word_1_156' title='bbox 736 3754 769 3804; x_wconf 76' lang='lat' dir='ltr'><strong>uli</strong></span> <span class='ocrx_word' id='word_1_157' title='bbox 790 3757 837 3806; x_wconf 84' lang='lat' dir='ltr'><strong>hoc</strong></span> <span class='ocrx_word' id='word_1_158' title='bbox 852 3757 989 3826; x_wconf 73' lang='lat' dir='ltr'><strong>upitupltiu</strong></span> <span class='ocrx_word' id='word_1_159' title='bbox 1009 3767 1102 3809; x_wconf 81' lang='lat' dir='ltr'><strong>extant</strong></span> <span class='ocrx_word' id='word_1_160' title='bbox 1119 3757 1189 3826; x_wconf 80' lang='lat' dir='ltr'><strong>aptul</strong></span> <span class='ocrx_word' id='word_1_161' title='bbox 1206 3759 1341 3810; x_wconf 82' lang='lat' dir='ltr'><strong>Coiutiutn</strong></span> 
     </span>
     <span class='ocr_line' id='line_1_27' title="bbox 329 3839 1342 3917; baseline 0.002 -26"><span class='ocrx_word' id='word_1_162' title='bbox 329 3846 353 3895; x_wconf 82' lang='lat' dir='ltr'><strong>S.</strong></span> <span class='ocrx_word' id='word_1_163' title='bbox 369 3846 398 3895; x_wconf 80' lang='lat' dir='ltr'><strong>li.</strong></span> <span class='ocrx_word' id='word_1_164' title='bbox 413 3844 434 3893; x_wconf 83' lang='lat' dir='ltr'>F</span> <span class='ocrx_word' id='word_1_165' title='bbox 436 3882 442 3894; x_wconf 90' lang='lat'><strong>.</strong></span> <span class='ocrx_word' id='word_1_166' title='bbox 463 3844 493 3893; x_wconf 80' lang='lat' dir='ltr'><strong>T.</strong></span> <span class='ocrx_word' id='word_1_167' title='bbox 515 3845 533 3892; x_wconf 81' lang='lat' dir='ltr'><strong>l·</strong></span> <span class='ocrx_word' id='word_1_168' title='bbox 553 3863 577 3912; x_wconf 79' lang='lat' dir='ltr'><strong>p.</strong></span> <span class='ocrx_word' id='word_1_169' title='bbox 591 3840 653 3917; x_wconf 76' lang='lat'>307.</span> <span class='ocrx_word' id='word_1_170' title='bbox 673 3855 699 3894; x_wconf 81' lang='lat' dir='ltr'><strong>rt</strong></span> <span class='ocrx_word' id='word_1_171' title='bbox 717 3839 780 3914; x_wconf 76' lang='lat'><strong>590.</strong></span> <span class='ocrx_word' id='word_1_172' title='bbox 802 3845 880 3895; x_wconf 80' lang='lat' dir='ltr'><strong>Porro</strong></span> <span class='ocrx_word' id='word_1_173' title='bbox 899 3845 948 3896; x_wconf 83' lang='lat' dir='ltr'><strong>hoc</strong></span> <span class='ocrx_word' id='word_1_174' title='bbox 967 3862 997 3893; x_wconf 77' lang='lat' dir='ltr'><strong>uc</strong></span> <span class='ocrx_word' id='word_1_175' title='bbox 1016 3844 1154 3912; x_wconf 69' lang='lat' dir='ltr'><strong>sequeutia</strong></span> <span class='ocrx_word' id='word_1_176' title='bbox 1175 3844 1227 3896; x_wconf 86' lang='lat' dir='ltr'><strong>duo</strong></span> <span class='ocrx_word' id='word_1_177' title='bbox 1246 3847 1342 3899; x_wconf 63' lang='lat' dir='ltr'><strong>cultion-</strong></span> 
     </span>
     <span class='ocr_line' id='line_1_28' title="bbox 326 3932 1340 4005; baseline 0.005 -23"><span class='ocrx_word' id='word_1_178' title='bbox 326 3944 367 3983; x_wconf 87' lang='lat' dir='ltr'><strong>tur</strong></span> <span class='ocrx_word' id='word_1_179' title='bbox 382 3949 450 3982; x_wconf 77' lang='lat' dir='ltr'><strong>tuane</strong></span> <span class='ocrx_word' id='word_1_180' title='bbox 464 3949 550 3995; x_wconf 70' lang='lat' dir='ltr'><strong>trgum</strong></span> <span class='ocrx_word' id='word_1_181' title='bbox 572 3932 728 3983; x_wconf 77' lang='lat' dir='ltr'><strong>Frtttcurum</strong></span> <span class='ocrx_word' id='word_1_182' title='bbox 747 3933 891 4002; x_wconf 65' lang='lat' dir='ltr'><strong>epitaphiis</strong></span> <span class='ocrx_word' id='word_1_183' title='bbox 910 3953 923 3983; x_wconf 91' lang='lat' dir='ltr'><strong>u</strong></span> <span class='ocrx_word' id='word_1_184' title='bbox 944 3933 990 3985; x_wconf 76' lang='lat' dir='ltr'><strong>l‘lt.</strong></span> <span class='ocrx_word' id='word_1_185' title='bbox 1010 3932 1132 3986; x_wconf 75' lang='lat' dir='ltr'><strong>Lubltaeo</strong></span> <span class='ocrx_word' id='word_1_186' title='bbox 1154 3934 1179 3986; x_wconf 89' lang='lat' dir='ltr'><strong>in</strong></span> <span class='ocrx_word' id='word_1_187' title='bbox 1201 3935 1259 3986; x_wconf 77' lang='grc' dir='ltr'><strong>ΧΗ.</strong></span> <span class='ocrx_word' id='word_1_188' title='bbox 1280 3956 1340 4005; x_wconf 74' lang='lat' dir='ltr'><strong>par-</strong></span> 
     </span>
     <span class='ocr_line' id='line_1_29' title="bbox 332 4018 923 4090; baseline -0.005 -18"><span class='ocrx_word' id='word_1_189' title='bbox 332 4031 356 4072; x_wconf 77' lang='lat' dir='ltr'><strong>ta</strong></span> <span class='ocrx_word' id='word_1_190' title='bbox 375 4018 490 4072; x_wconf 78' lang='lat' dir='ltr'><strong>thesauri</strong></span> <span class='ocrx_word' id='word_1_191' title='bbox 510 4021 551 4071; x_wconf 84' lang='lat' dir='ltr'><strong>sui</strong></span> <span class='ocrx_word' id='word_1_192' title='bbox 570 4019 765 4090; x_wconf 71' lang='lat' dir='ltr'><strong>cpitapluouuu</strong></span> <span class='ocrx_word' id='word_1_193' title='bbox 784 4019 923 4073; x_wconf 71' lang='lat' dir='ltr'><strong>ciliilutis.</strong></span> 
     </span>
    </p>
   </div>
   <div class='ocr_carea' id='block_1_8' title="bbox 1033 4208 1075 4279">
    <p class='ocr_par' dir='ltr' id='par_1_15' title="bbox 1033 4208 1075 4279">
     <span class='ocr_line' id='line_1_30' title="bbox 1033 4208 1075 4279; baseline 0 0"><span class='ocrx_word' id='word_1_194' title='bbox 1033 4208 1075 4279; x_wconf 80' lang='lat'><strong>²7</strong></span> 
     </span>
    </p>
   </div>
   <div class='ocr_carea' id='block_1_9' title="bbox 0 0 1696 5206">
    <p class='ocr_par' dir='ltr' id='par_1_16' title="bbox 0 0 1696 5206">
     <span class='ocr_line' id='line_1_31' title="bbox 0 0 1696 5206; baseline 0 4"><span class='ocrx_word' id='word_1_195' title='bbox 0 0 1696 5206; x_wconf 95' lang='lat' dir='ltr'><strong> </strong></span> 
     </span>
    </p>
   </div>
  </div>
 </body>
</html>
