<?xml version="1.0" encoding="UTF-8"?>
<!DOCTYPE html PUBLIC "-//W3C//DTD XHTML 1.0 Transitional//EN"
    "http://www.w3.org/TR/xhtml1/DTD/xhtml1-transitional.dtd">
<html xmlns="http://www.w3.org/1999/xhtml" xml:lang="en" lang="en">
 <head>
  <title>
</title>
<meta http-equiv="Content-Type" content="text/html;charset=utf-8" />
  <meta name='ocr-system' content='tesseract 3.04.00' />
  <meta name='ocr-capabilities' content='ocr_page ocr_carea ocr_par ocr_line ocrx_word'/>
</head>
<body>
  <div class='ocr_page' id='page_1' title='image "./classicorumauct00vatigoog_0444.png"; bbox 0 0 3382 5206; ppageno 0'>
   <div class='ocr_carea' id='block_1_1' title="bbox 206 554 1267 2582">
    <p class='ocr_par' dir='ltr' id='par_1_1' title="bbox 206 554 1267 2582">
     <span class='ocr_line' id='line_1_1' title="bbox 346 554 962 655; baseline 0 -27"><span class='ocrx_word' id='word_1_1' title='bbox 346 554 416 655; x_wconf 83' lang='lat'><strong>378</strong></span> <span class='ocrx_word' id='word_1_2' title='bbox 694 582 722 627; x_wconf 83' lang='lat' dir='ltr'><strong>s.</strong></span> <span class='ocrx_word' id='word_1_3' title='bbox 758 578 962 629; x_wconf 76' lang='lat' dir='ltr'><strong>rauurnr</strong></span> 
     </span>
     <span class='ocr_line' id='line_1_2' title="bbox 319 681 1123 773; baseline 0.002 -25"><span class='ocrx_word' id='word_1_4' title='bbox 319 681 460 748; x_wconf 83' lang='lat' dir='ltr'>Vincula</span> <span class='ocrx_word' id='word_1_5' title='bbox 487 685 646 772; x_wconf 70' lang='lat' dir='ltr'><strong>captiuis,</strong></span> <span class='ocrx_word' id='word_1_6' title='bbox 672 685 816 773; x_wconf 74' lang='lat' dir='ltr'><strong>captivos</strong></span> <span class='ocrx_word' id='word_1_7' title='bbox 839 685 987 752; x_wconf 81' lang='lat' dir='ltr'><strong>beureret</strong></span> <span class='ocrx_word' id='word_1_8' title='bbox 1013 683 1123 769; x_wconf 74' lang='lat' dir='ltr'><strong>husu,</strong></span> 
     </span>
     <span class='ocr_line' id='line_1_3' title="bbox 389 788 1007 879; baseline -0.002 -24"><span class='ocrx_word' id='word_1_9' title='bbox 389 790 433 855; x_wconf 87' lang='lat' dir='ltr'><strong>Et</strong></span> <span class='ocrx_word' id='word_1_10' title='bbox 461 790 539 857; x_wconf 76' lang='lat' dir='ltr'><strong>fruor</strong></span> <span class='ocrx_word' id='word_1_11' title='bbox 566 790 621 856; x_wconf 84' lang='lat' dir='ltr'><strong>leti</strong></span> <span class='ocrx_word' id='word_1_12' title='bbox 652 788 838 856; x_wconf 80' lang='lat' dir='ltr'><strong>detraheret</strong></span> <span class='ocrx_word' id='word_1_13' title='bbox 866 789 1007 879; x_wconf 74' lang='lat' dir='ltr'><strong>laqueos.</strong></span> 
     </span>
     <span class='ocr_line' id='line_1_4' title="bbox 318 893 1141 986; baseline -0.002 -27"><span class='ocrx_word' id='word_1_14' title='bbox 318 893 363 959; x_wconf 91' lang='lat' dir='ltr'><strong>Ut</strong></span> <span class='ocrx_word' id='word_1_15' title='bbox 386 918 466 986; x_wconf 80' lang='lat' dir='ltr'><strong>quoa</strong></span> <span class='ocrx_word' id='word_1_16' title='bbox 491 894 665 962; x_wconf 73' lang='lat' dir='ltr'>credulitas</span> <span class='ocrx_word' id='word_1_17' title='bbox 687 893 810 961; x_wconf 80' lang='lat' dir='ltr'><strong>fallacis</strong></span> <span class='ocrx_word' id='word_1_18' title='bbox 835 897 980 964; x_wconf 72' lang='lat' dir='ltr'><strong>vinxerat</strong></span> <span class='ocrx_word' id='word_1_19' title='bbox 1002 895 1141 986; x_wconf 78' lang='lat' dir='ltr'>anguis,</span> 
     </span>
     <span class='ocr_line' id='line_1_5' title="bbox 206 986 1172 1092; baseline 0 -26"><span class='ocrx_word' id='word_1_20' title='bbox 206 986 209 999; x_wconf 54' lang='lat'><strong>¹</strong></span> <span class='ocrx_word' id='word_1_21' title='bbox 388 1002 496 1069; x_wconf 80' lang='lat' dir='ltr'><strong>Poaoet</strong></span> <span class='ocrx_word' id='word_1_22' title='bbox 524 1025 614 1068; x_wconf 88' lang='lat' dir='ltr'><strong>nnnc</strong></span> <span class='ocrx_word' id='word_1_23' title='bbox 633 1001 750 1072; x_wconf 80' lang='lat' dir='ltr'><strong>melior</strong></span> <span class='ocrx_word' id='word_1_24' title='bbox 770 999 895 1069; x_wconf 74' lang='lat' dir='ltr'><strong>solvere</strong></span> <span class='ocrx_word' id='word_1_25' title='bbox 917 1002 1092 1068; x_wconf 70' lang='lat' dir='ltr'>credulitas</span> <span class='ocrx_word' id='word_1_26' title='bbox 1108 999 1172 1092; x_wconf 83' lang='grc' dir='ltr'>(ι).</span> 
     </span>
     <span class='ocr_line' id='line_1_6' title="bbox 318 1106 1211 1199; baseline -0.006 -20"><span class='ocrx_word' id='word_1_27' title='bbox 318 1112 366 1179; x_wconf 78' lang='lat' dir='ltr'><strong>Er</strong></span> <span class='ocrx_word' id='word_1_28' title='bbox 380 1128 413 1176; x_wconf 85' lang='lat' dir='ltr'><strong>te</strong></span> <span class='ocrx_word' id='word_1_29' title='bbox 432 1111 487 1199; x_wconf 92' lang='lat' dir='ltr'><strong>qui</strong></span> <span class='ocrx_word' id='word_1_30' title='bbox 503 1106 632 1197; x_wconf 74' lang='lat' dir='ltr'><strong>genitus</strong></span> <span class='ocrx_word' id='word_1_31' title='bbox 646 1109 715 1174; x_wconf 75' lang='lat' dir='ltr'><strong>nine</strong></span> <span class='ocrx_word' id='word_1_32' title='bbox 729 1126 879 1196; x_wconf 84' lang='lat' dir='ltr'><strong>tempure</strong></span> <span class='ocrx_word' id='word_1_33' title='bbox 891 1125 921 1174; x_wconf 82' lang='lat' dir='ltr'><strong>ct</strong></span> <span class='ocrx_word' id='word_1_34' title='bbox 937 1108 1053 1176; x_wconf 83' lang='lat' dir='ltr'><strong>ordine</strong></span> <span class='ocrx_word' id='word_1_35' title='bbox 1068 1158 1079 1193; x_wconf 87' lang='lat'>,</span> <span class='ocrx_word' id='word_1_36' title='bbox 1102 1126 1211 1198; x_wconf 82' lang='lat' dir='ltr'><strong>perte</strong></span> 
     </span>
     <span class='ocr_line' id='line_1_7' title="bbox 385 1214 1136 1307; baseline 0 -23"><span class='ocrx_word' id='word_1_37' title='bbox 385 1217 442 1284; x_wconf 80' lang='lat' dir='ltr'><strong>sic</strong></span> <span class='ocrx_word' id='word_1_38' title='bbox 469 1233 571 1284; x_wconf 88' lang='lat' dir='ltr'><strong>totum</strong></span> <span class='ocrx_word' id='word_1_39' title='bbox 592 1219 717 1306; x_wconf 88' lang='lat' dir='ltr'><strong>accepit</strong></span> <span class='ocrx_word' id='word_1_40' title='bbox 742 1214 831 1307; x_wconf 88' lang='lat' dir='ltr'><strong>quod</strong></span> <span class='ocrx_word' id='word_1_41' title='bbox 855 1217 913 1282; x_wconf 90' lang='lat' dir='ltr'><strong>tibi</strong></span> <span class='ocrx_word' id='word_1_42' title='bbox 937 1217 982 1283; x_wconf 86' lang='lat' dir='ltr'><strong>nii</strong></span> <span class='ocrx_word' id='word_1_43' title='bbox 1007 1219 1136 1284; x_wconf 87' lang='lat' dir='ltr'><strong>minuit.</strong></span> 
     </span>
     <span class='ocr_line' id='line_1_8' title="bbox 318 1324 1221 1414; baseline -0.001 -22"><span class='ocrx_word' id='word_1_44' title='bbox 318 1325 412 1392; x_wconf 76' lang='lat' dir='ltr'><strong>Unus</strong></span> <span class='ocrx_word' id='word_1_45' title='bbox 435 1324 558 1410; x_wconf 86' lang='lat' dir='ltr'><strong>homo,</strong></span> <span class='ocrx_word' id='word_1_46' title='bbox 582 1326 682 1391; x_wconf 74' lang='lat' dir='ltr'><strong>virtus</strong></span> <span class='ocrx_word' id='word_1_47' title='bbox 703 1324 839 1409; x_wconf 80' lang='lat' dir='ltr'><strong>similis,</strong></span> <span class='ocrx_word' id='word_1_48' title='bbox 858 1326 1037 1391; x_wconf 84' lang='lat' dir='ltr'><strong>substantia</strong></span> <span class='ocrx_word' id='word_1_49' title='bbox 1060 1350 1119 1414; x_wconf 80' lang='lat' dir='ltr'><strong>par</strong></span> <span class='ocrx_word' id='word_1_50' title='bbox 1145 1344 1221 1403; x_wconf 75' lang='lat' dir='ltr'><strong>est3</strong></span> 
     </span>
     <span class='ocr_line' id='line_1_9' title="bbox 385 1431 1071 1523; baseline 0 -24"><span class='ocrx_word' id='word_1_51' title='bbox 385 1433 435 1499; x_wconf 85' lang='lat' dir='ltr'><strong>De</strong></span> <span class='ocrx_word' id='word_1_52' title='bbox 459 1449 745 1512; x_wconf 73' lang='lat' dir='ltr'><strong>nocturnorum,</strong></span> <span class='ocrx_word' id='word_1_53' title='bbox 769 1431 810 1497; x_wconf 85' lang='lat' dir='ltr'><strong>de</strong></span> <span class='ocrx_word' id='word_1_54' title='bbox 831 1434 951 1522; x_wconf 84' lang='lat' dir='ltr'><strong>pietate</strong></span> <span class='ocrx_word' id='word_1_55' title='bbox 972 1434 1071 1523; x_wconf 79' lang='lat' dir='ltr'><strong>pius:</strong></span> 
     </span>
     <span class='ocr_line' id='line_1_10' title="bbox 270 1535 1100 1626; baseline 0.001 -24"><span class='ocrx_word' id='word_1_56' title='bbox 270 1556 273 1563; x_wconf 91' lang='grc'><em>·</em></span> <span class='ocrx_word' id='word_1_57' title='bbox 320 1535 440 1604; x_wconf 72' lang='lat' dir='ltr'><strong>Plenus</strong></span> <span class='ocrx_word' id='word_1_58' title='bbox 465 1537 506 1602; x_wconf 84' lang='lat' dir='ltr'><strong>de</strong></span> <span class='ocrx_word' id='word_1_59' title='bbox 531 1535 652 1626; x_wconf 64' lang='lat' dir='ltr'><strong>pleno,</strong></span> <span class='ocrx_word' id='word_1_60' title='bbox 674 1537 749 1603; x_wconf 82' lang='lat' dir='ltr'><strong>iusti</strong></span> <span class='ocrx_word' id='word_1_61' title='bbox 776 1536 818 1602; x_wconf 87' lang='lat' dir='ltr'><strong>dc</strong></span> <span class='ocrx_word' id='word_1_62' title='bbox 840 1536 951 1604; x_wconf 78' lang='lat' dir='ltr'><strong>fomite</strong></span> <span class='ocrx_word' id='word_1_63' title='bbox 975 1540 1100 1620; x_wconf 79' lang='lat' dir='ltr'><strong>iustus,</strong></span> 
     </span>
     <span class='ocr_line' id='line_1_11' title="bbox 387 1639 1095 1733; baseline 0 -26"><span class='ocrx_word' id='word_1_64' title='bbox 387 1641 438 1707; x_wconf 87' lang='lat' dir='ltr'><strong>De</strong></span> <span class='ocrx_word' id='word_1_65' title='bbox 457 1665 534 1707; x_wconf 79' lang='lat' dir='ltr'><strong>vero</strong></span> <span class='ocrx_word' id='word_1_66' title='bbox 560 1665 679 1724; x_wconf 82' lang='lat' dir='ltr'><strong>verua,</strong></span> <span class='ocrx_word' id='word_1_67' title='bbox 702 1639 810 1733; x_wconf 80' lang='lat' dir='ltr'>deque</span> <span class='ocrx_word' id='word_1_68' title='bbox 837 1641 905 1707; x_wconf 82' lang='lat' dir='ltr'><strong>Deo</strong></span> <span class='ocrx_word' id='word_1_69' title='bbox 926 1643 1013 1707; x_wconf 81' lang='lat' dir='ltr'><strong>Deus</strong></span> <span class='ocrx_word' id='word_1_70' title='bbox 1037 1659 1095 1707; x_wconf 84' lang='lat' dir='ltr'><strong>eat.</strong></span> 
     </span>
     <span class='ocr_line' id='line_1_12' title="bbox 320 1745 1058 1836; baseline -0.003 -24"><span class='ocrx_word' id='word_1_71' title='bbox 320 1746 417 1812; x_wconf 66' lang='lat' dir='ltr'><strong>utin</strong></span> <span class='ocrx_word' id='word_1_72' title='bbox 442 1748 591 1836; x_wconf 86' lang='lat' dir='ltr'><strong>coniugio</strong></span> <span class='ocrx_word' id='word_1_73' title='bbox 612 1748 732 1836; x_wconf 88' lang='lat' dir='ltr'><strong>poterit</strong></span> <span class='ocrx_word' id='word_1_74' title='bbox 753 1765 869 1813; x_wconf 86' lang='lat' dir='ltr'><strong>natura</strong></span> <span class='ocrx_word' id='word_1_75' title='bbox 886 1753 933 1830; x_wconf 77' lang='lat' dir='ltr'><strong>(a)</strong></span> <span class='ocrx_word' id='word_1_76' title='bbox 953 1745 1058 1812; x_wconf 79' lang='lat' dir='ltr'><strong>videri</strong></span> 
     </span>
     <span class='ocr_line' id='line_1_13' title="bbox 388 1848 1260 1942; baseline -0.002 -25"><span class='ocrx_word' id='word_1_77' title='bbox 388 1853 529 1935; x_wconf 78' lang='lat' dir='ltr'><strong>Tertia,</strong></span> <span class='ocrx_word' id='word_1_78' title='bbox 550 1876 623 1916; x_wconf 90' lang='lat' dir='ltr'><strong>cum</strong></span> <span class='ocrx_word' id='word_1_79' title='bbox 643 1850 784 1917; x_wconf 84' lang='lat' dir='ltr'><strong>medinm</strong></span> <span class='ocrx_word' id='word_1_80' title='bbox 802 1852 846 1942; x_wconf 82' lang='lat' dir='ltr'><strong>(a)</strong></span> <span class='ocrx_word' id='word_1_81' title='bbox 862 1875 1072 1941; x_wconf 77' lang='lat' dir='ltr'><strong>composuere</strong></span> <span class='ocrx_word' id='word_1_82' title='bbox 1092 1848 1177 1913; x_wconf 83' lang='lat' dir='ltr'><strong>duae</strong></span> <span class='ocrx_word' id='word_1_83' title='bbox 1195 1849 1260 1929; x_wconf 85' lang='lat'><strong>(3).</strong></span> 
     </span>
     <span class='ocr_line' id='line_1_14' title="bbox 322 1956 1267 2046; baseline -0.004 -24"><span class='ocrx_word' id='word_1_84' title='bbox 322 1959 468 2023; x_wconf 76' lang='lat' dir='ltr'><strong>Naturae</strong></span> <span class='ocrx_word' id='word_1_85' title='bbox 486 1956 661 2041; x_wconf 78' lang='lat' dir='ltr'><strong>dominus,</strong></span> <span class='ocrx_word' id='word_1_86' title='bbox 684 1981 795 2023; x_wconf 87' lang='lat' dir='ltr'><strong>rernm</strong></span> <span class='ocrx_word' id='word_1_87' title='bbox 810 1974 920 2040; x_wconf 86' lang='lat' dir='ltr'><strong>sator,</strong></span> <span class='ocrx_word' id='word_1_88' title='bbox 938 1957 1044 2025; x_wconf 89' lang='lat' dir='ltr'><strong>omnia</strong></span> <span class='ocrx_word' id='word_1_89' title='bbox 1061 1981 1121 2046; x_wconf 84' lang='lat' dir='ltr'><strong>per</strong></span> <span class='ocrx_word' id='word_1_90' title='bbox 1140 1979 1240 2046; x_wconf 81' lang='lat' dir='ltr'><strong>quem</strong></span> <span class='ocrx_word' id='word_1_91' title='bbox 1257 2004 1267 2038; x_wconf 84' lang='lat'><strong>,</strong></span> 
     </span>
     <span class='ocr_line' id='line_1_15' title="bbox 388 2063 1194 2154; baseline -0.004 -25"><span class='ocrx_word' id='word_1_92' title='bbox 388 2064 462 2129; x_wconf 86' lang='lat' dir='ltr'><strong>Non</strong></span> <span class='ocrx_word' id='word_1_93' title='bbox 483 2063 572 2128; x_wconf 86' lang='lat' dir='ltr'><strong>aliud</strong></span> <span class='ocrx_word' id='word_1_94' title='bbox 591 2067 699 2152; x_wconf 77' lang='lat' dir='ltr'><strong>potius</strong></span> <span class='ocrx_word' id='word_1_95' title='bbox 725 2087 823 2154; x_wconf 88' lang='lat' dir='ltr'><strong>quam</strong></span> <span class='ocrx_word' id='word_1_96' title='bbox 845 2063 935 2154; x_wconf 88' lang='lat' dir='ltr'><strong>quud</strong></span> <span class='ocrx_word' id='word_1_97' title='bbox 958 2086 1028 2128; x_wconf 80' lang='lat' dir='ltr'><strong>eras</strong></span> <span class='ocrx_word' id='word_1_98' title='bbox 1047 2086 1194 2154; x_wconf 80' lang='lat' dir='ltr'><strong>generas.</strong></span> 
     </span>
     <span class='ocr_line' id='line_1_16' title="bbox 323 2168 1265 2259; baseline -0.006 -21"><span class='ocrx_word' id='word_1_99' title='bbox 323 2172 420 2238; x_wconf 88' lang='lat' dir='ltr'><strong>Hunc</strong></span> <span class='ocrx_word' id='word_1_100' title='bbox 444 2186 514 2259; x_wconf 86' lang='lat' dir='ltr'><strong>pnat</strong></span> <span class='ocrx_word' id='word_1_101' title='bbox 541 2193 601 2258; x_wconf 89' lang='lat' dir='ltr'><strong>pro</strong></span> <span class='ocrx_word' id='word_1_102' title='bbox 623 2170 717 2236; x_wconf 81' lang='lat' dir='ltr'><strong>uobis</strong></span> <span class='ocrx_word' id='word_1_103' title='bbox 736 2186 940 2258; x_wconf 78' lang='lat' dir='ltr'><strong>sumpturum</strong></span> <span class='ocrx_word' id='word_1_104' title='bbox 962 2168 1108 2258; x_wconf 87' lang='lat' dir='ltr'><strong>pondera</strong></span> <span class='ocrx_word' id='word_1_105' title='bbox 1131 2169 1265 2249; x_wconf 82' lang='lat' dir='ltr'><strong>carnia,</strong></span> 
     </span>
     <span class='ocr_line' id='line_1_17' title="bbox 385 2274 1096 2366; baseline -0.004 -24"><span class='ocrx_word' id='word_1_106' title='bbox 385 2274 485 2342; x_wconf 78' lang='lat' dir='ltr'><strong>(iuius</strong></span> <span class='ocrx_word' id='word_1_107' title='bbox 508 2277 707 2366; x_wconf 89' lang='lat' dir='ltr'><strong>principium</strong></span> <span class='ocrx_word' id='word_1_108' title='bbox 732 2274 860 2344; x_wconf 74' lang='lat' dir='ltr'><strong>saecuria</strong></span> <span class='ocrx_word' id='word_1_109' title='bbox 889 2277 1096 2358; x_wconf 69' lang='lat' dir='ltr'><strong>nescierant,</strong></span> 
     </span>
     <span class='ocr_line' id='line_1_18' title="bbox 319 2379 1261 2472; baseline -0.004 -23"><span class='ocrx_word' id='word_1_110' title='bbox 319 2379 466 2449; x_wconf 78' lang='lat' dir='ltr'>Infusum</span> <span class='ocrx_word' id='word_1_111' title='bbox 485 2382 625 2450; x_wconf 75' lang='lat' dir='ltr'><strong>reddens</strong></span> <span class='ocrx_word' id='word_1_112' title='bbox 643 2383 692 2469; x_wconf 78' lang='lat' dir='ltr'><strong>(b)</strong></span> <span class='ocrx_word' id='word_1_113' title='bbox 711 2381 880 2449; x_wconf 89' lang='lat' dir='ltr'><strong>dominum</strong></span> <span class='ocrx_word' id='word_1_114' title='bbox 902 2383 972 2446; x_wconf 81' lang='lat' dir='ltr'><strong>aine</strong></span> <span class='ocrx_word' id='word_1_115' title='bbox 994 2382 1129 2472; x_wconf 84' lang='lat' dir='ltr'><strong>coniuge</strong></span> <span class='ocrx_word' id='word_1_116' title='bbox 1152 2395 1261 2446; x_wconf 85' lang='lat' dir='ltr'><strong>mater</strong></span> 
     </span>
     <span class='ocr_line' id='line_1_19' title="bbox 388 2488 1108 2582; baseline -0.003 -27"><span class='ocrx_word' id='word_1_117' title='bbox 388 2492 512 2557; x_wconf 82' lang='lat' dir='ltr'><strong>intacto</strong></span> <span class='ocrx_word' id='word_1_118' title='bbox 536 2513 717 2582; x_wconf 79' lang='lat' dir='ltr'><strong>praegnans</strong></span> <span class='ocrx_word' id='word_1_119' title='bbox 747 2491 837 2580; x_wconf 80' lang='lat' dir='ltr'><strong>virgo</strong></span> <span class='ocrx_word' id='word_1_120' title='bbox 862 2488 948 2578; x_wconf 87' lang='lat' dir='ltr'><strong>parit</strong></span> <span class='ocrx_word' id='word_1_121' title='bbox 971 2488 1108 2578; x_wconf 83' lang='lat' dir='ltr'><strong>gremio.</strong></span> 
     </span>
    </p>
   </div>
   <div class='ocr_carea' id='block_1_2' title="bbox 320 2590 1326 2788">
    <p class='ocr_par' dir='ltr' id='par_1_2' title="bbox 320 2590 1326 2788">
     <span class='ocr_line' id='line_1_20' title="bbox 320 2590 1214 2689; baseline -0.007 -27"><span class='ocrx_word' id='word_1_122' title='bbox 320 2596 441 2662; x_wconf 87' lang='lat' dir='ltr'><strong>Editur</strong></span> <span class='ocrx_word' id='word_1_123' title='bbox 469 2598 503 2661; x_wconf 89' lang='lat' dir='ltr'><strong>in</strong></span> <span class='ocrx_word' id='word_1_124' title='bbox 519 2602 564 2680; x_wconf 84' lang='lat' dir='ltr'><strong>(c)</strong></span> <span class='ocrx_word' id='word_1_125' title='bbox 582 2614 696 2674; x_wconf 75' lang='lat' dir='ltr'><strong>terra3</strong></span> <span class='ocrx_word' id='word_1_126' title='bbox 721 2611 919 2689; x_wconf 79' lang='lat' dir='ltr'><strong>cognoscunt</strong></span> <span class='ocrx_word' id='word_1_127' title='bbox 944 2595 1052 2660; x_wconf 83' lang='lat' dir='ltr'><strong>omnia</strong></span> <span class='ocrx_word' id='word_1_128' title='bbox 1079 2590 1214 2658; x_wconf 84' lang='lat' dir='ltr'><strong>lucem:</strong></span> 
     </span>
     <span class='ocr_line' id='line_1_21' title="bbox 390 2697 1326 2788; baseline -0.007 -18"><span class='ocrx_word' id='word_1_129' title='bbox 390 2704 460 2770; x_wconf 83' lang='lat' dir='ltr'><strong>Nec</strong></span> <span class='ocrx_word' id='word_1_130' title='bbox 473 2721 587 2771; x_wconf 74' lang='lat' dir='ltr'><strong>taruco</strong></span> <span class='ocrx_word' id='word_1_131' title='bbox 603 2703 691 2770; x_wconf 78' lang='lat' dir='ltr'><strong>itartc</strong></span> <span class='ocrx_word' id='word_1_132' title='bbox 706 2702 848 2770; x_wconf 82' lang='lat' dir='ltr'><strong>mundns</strong></span> <span class='ocrx_word' id='word_1_133' title='bbox 862 2725 922 2767; x_wconf 85' lang='lat' dir='ltr'><strong>nec</strong></span> <span class='ocrx_word' id='word_1_134' title='bbox 936 2700 1094 2766; x_wconf 80' lang='lat' dir='ltr'><strong>tenebrae</strong></span> <span class='ocrx_word' id='word_1_135' title='bbox 1106 2702 1246 2788; x_wconf 85' lang='lat' dir='ltr'><strong>capiunt</strong></span> <span class='ocrx_word' id='word_1_136' title='bbox 1263 2697 1326 2783; x_wconf 75' lang='grc'>(4).</span> 
     </span>
    </p>
   </div>
   <div class='ocr_carea' id='block_1_3' title="bbox 391 2847 1344 2917">
    <p class='ocr_par' dir='ltr' id='par_1_3' title="bbox 391 2847 1344 2917">
     <span class='ocr_line' id='line_1_22' title="bbox 391 2847 1344 2917; baseline -0.006 -19"><span class='ocrx_word' id='word_1_137' title='bbox 391 2852 431 2917; x_wconf 83' lang='lat' dir='ltr'><strong>(a)</strong></span> <span class='ocrx_word' id='word_1_138' title='bbox 449 2852 809 2899; x_wconf 70' lang='lat' dir='ltr'><strong>nolimvelmedramnldno·</strong></span> <span class='ocrx_word' id='word_1_139' title='bbox 843 2847 885 2915; x_wconf 85' lang='lat' dir='ltr'><strong>(b)</strong></span> <span class='ocrx_word' id='word_1_140' title='bbox 904 2852 1067 2898; x_wconf 69' lang='lat' dir='ltr'><strong>eod-redum</strong></span> <span class='ocrx_word' id='word_1_141' title='bbox 1100 2847 1137 2909; x_wconf 86' lang='lat' dir='ltr'><strong>(r)</strong></span> <span class='ocrx_word' id='word_1_142' title='bbox 1154 2849 1209 2894; x_wconf 72' lang='lat' dir='ltr'><strong>Coti.</strong></span> <span class='ocrx_word' id='word_1_143' title='bbox 1225 2865 1239 2891; x_wconf 81' lang='lat' dir='ltr'><em>e</em></span> <span class='ocrx_word' id='word_1_144' title='bbox 1258 2852 1344 2910; x_wconf 75' lang='lat' dir='ltr'><strong>proin.</strong></span> 
     </span>
    </p>
   </div>
   <div class='ocr_carea' id='block_1_4' title="bbox 321 2977 1421 4099">
    <p class='ocr_par' dir='ltr' id='par_1_4' title="bbox 321 2977 1353 3229">
     <span class='ocr_line' id='line_1_23' title="bbox 406 2977 1350 3049; baseline -0.004 -17"><span class='ocrx_word' id='word_1_145' title='bbox 406 2981 453 3048; x_wconf 81' lang='lat' dir='ltr'><strong>(r)</strong></span> <span class='ocrx_word' id='word_1_146' title='bbox 477 2980 657 3038; x_wconf 68' lang='lat' dir='ltr'><strong>sindrelitos.</strong></span> <span class='ocrx_word' id='word_1_147' title='bbox 672 2980 698 3032; x_wconf 90' lang='lat' dir='ltr'><strong>id</strong></span> <span class='ocrx_word' id='word_1_148' title='bbox 713 2980 831 3033; x_wconf 70' lang='lat' dir='ltr'><strong>cattinas</strong></span> <span class='ocrx_word' id='word_1_149' title='bbox 845 2979 1009 3036; x_wconf 85' lang='lat' dir='ltr'><strong>christiana.</strong></span> <span class='ocrx_word' id='word_1_150' title='bbox 1027 2978 1098 3049; x_wconf 79' lang='lat' dir='ltr'><strong>apud</strong></span> <span class='ocrx_word' id='word_1_151' title='bbox 1112 2977 1250 3029; x_wconf 82' lang='lat' dir='ltr'><strong>Paulinum</strong></span> <span class='ocrx_word' id='word_1_152' title='bbox 1265 2977 1350 3028; x_wconf 80' lang='lat' dir='ltr'><strong>etiam</strong></span> 
     </span>
     <span class='ocr_line' id='line_1_24' title="bbox 321 3066 1353 3141; baseline -0.008 -17"><span class='ocrx_word' id='word_1_153' title='bbox 321 3077 406 3141; x_wconf 66' lang='lat' dir='ltr'><strong>paim·</strong></span> <span class='ocrx_word' id='word_1_154' title='bbox 426 3071 449 3121; x_wconf 81' lang='lat' dir='ltr'>X</span> <span class='ocrx_word' id='word_1_155' title='bbox 479 3067 539 3122; x_wconf 76' lang='lat'><strong>280.</strong></span> <span class='ocrx_word' id='word_1_156' title='bbox 558 3080 586 3122; x_wconf 93' lang='lat' dir='ltr'><strong>ct</strong></span> <span class='ocrx_word' id='word_1_157' title='bbox 604 3068 675 3139; x_wconf 83' lang='lat' dir='ltr'><strong>apud</strong></span> <span class='ocrx_word' id='word_1_158' title='bbox 695 3069 844 3122; x_wconf 81' lang='lat' dir='ltr'><strong>Nicctmna</strong></span> <span class='ocrx_word' id='word_1_159' title='bbox 865 3086 905 3120; x_wconf 86' lang='lat' dir='ltr'><strong>me</strong></span> <span class='ocrx_word' id='word_1_160' title='bbox 924 3067 1035 3120; x_wconf 85' lang='lat' dir='ltr'><strong>editum.</strong></span> <span class='ocrx_word' id='word_1_161' title='bbox 1056 3069 1090 3119; x_wconf 86' lang='lat' dir='ltr'><strong>Et</strong></span> <span class='ocrx_word' id='word_1_162' title='bbox 1109 3066 1219 3137; x_wconf 83' lang='lat' dir='ltr'><strong>quidem</strong></span> <span class='ocrx_word' id='word_1_163' title='bbox 1240 3066 1282 3118; x_wconf 83' lang='lat' dir='ltr'><strong>sic</strong></span> <span class='ocrx_word' id='word_1_164' title='bbox 1304 3066 1353 3116; x_wconf 82' lang='lat' dir='ltr'><strong>aiii</strong></span> 
     </span>
     <span class='ocr_line' id='line_1_25' title="bbox 322 3160 708 3229; baseline -0.003 -18"><span class='ocrx_word' id='word_1_165' title='bbox 322 3176 428 3229; x_wconf 78' lang='lat' dir='ltr'><strong>quoquc</strong></span> <span class='ocrx_word' id='word_1_166' title='bbox 447 3160 591 3226; x_wconf 87' lang='lat' dir='ltr'><strong>loquuntur</strong></span> <span class='ocrx_word' id='word_1_167' title='bbox 610 3169 708 3229; x_wconf 74' lang='lat' dir='ltr'><strong>patros·</strong></span> 
     </span>
    </p>

    <p class='ocr_par' dir='ltr' id='par_1_5' title="bbox 412 3246 913 3320">
     <span class='ocr_line' id='line_1_26' title="bbox 412 3246 913 3320; baseline -0.006 -20"><span class='ocrx_word' id='word_1_168' title='bbox 412 3246 451 3319; x_wconf 55' lang='grc' dir='ltr'><strong>(ἢ)</strong></span> <span class='ocrx_word' id='word_1_169' title='bbox 472 3251 581 3299; x_wconf 77' lang='lat' dir='ltr'><strong>Natura</strong></span> <span class='ocrx_word' id='word_1_170' title='bbox 602 3246 704 3316; x_wconf 64' lang='lat' dir='ltr'><strong>portica</strong></span> <span class='ocrx_word' id='word_1_171' title='bbox 721 3264 770 3318; x_wconf 83' lang='lat' dir='ltr'><strong>pro</strong></span> <span class='ocrx_word' id='word_1_172' title='bbox 783 3263 913 3320; x_wconf 78' lang='lat' dir='ltr'><strong>persona.</strong></span> 
     </span>
    </p>

    <p class='ocr_par' dir='ltr' id='par_1_6' title="bbox 325 3326 1349 3490">
     <span class='ocr_line' id='line_1_27' title="bbox 409 3326 1349 3403; baseline -0.005 -16"><span class='ocrx_word' id='word_1_173' title='bbox 409 3331 448 3403; x_wconf 78' lang='lat'><strong>(3)</strong></span> <span class='ocrx_word' id='word_1_174' title='bbox 469 3334 540 3385; x_wconf 83' lang='lat' dir='ltr'><strong>Satis</strong></span> <span class='ocrx_word' id='word_1_175' title='bbox 560 3343 650 3403; x_wconf 84' lang='lat' dir='ltr'><strong>aperte</strong></span> <span class='ocrx_word' id='word_1_176' title='bbox 668 3332 727 3384; x_wconf 85' lang='lat' dir='ltr'><strong>heic</strong></span> <span class='ocrx_word' id='word_1_177' title='bbox 747 3332 872 3384; x_wconf 86' lang='lat' dir='ltr'><strong>Paulinus</strong></span> <span class='ocrx_word' id='word_1_178' title='bbox 890 3330 1012 3402; x_wconf 81' lang='lat' dir='ltr'><strong>spiritum</strong></span> <span class='ocrx_word' id='word_1_179' title='bbox 1031 3338 1153 3384; x_wconf 74' lang='lat' dir='ltr'><strong>sanctum</strong></span> <span class='ocrx_word' id='word_1_180' title='bbox 1174 3326 1242 3381; x_wconf 86' lang='lat' dir='ltr'><strong>dicit</strong></span> <span class='ocrx_word' id='word_1_181' title='bbox 1262 3346 1279 3381; x_wconf 83' lang='grc' dir='ltr'>ι</span> <span class='ocrx_word' id='word_1_182' title='bbox 1300 3348 1349 3401; x_wconf 80' lang='lat' dir='ltr'><strong>pa·</strong></span> 
     </span>
     <span class='ocr_line' id='line_1_28' title="bbox 325 3419 708 3490; baseline -0.016 -17"><span class='ocrx_word' id='word_1_183' title='bbox 325 3432 366 3473; x_wconf 86' lang='lat' dir='ltr'><strong>tre</strong></span> <span class='ocrx_word' id='word_1_184' title='bbox 386 3421 494 3488; x_wconf 69' lang='lat' dir='ltr'><strong>otioque</strong></span> <span class='ocrx_word' id='word_1_185' title='bbox 513 3419 708 3490; x_wconf 82' lang='lat' dir='ltr'><strong>procedentem.</strong></span> 
     </span>
    </p>

    <p class='ocr_par' dir='ltr' id='par_1_7' title="bbox 322 3502 1421 4099">
     <span class='ocr_line' id='line_1_29' title="bbox 407 3502 1352 3578; baseline -0.002 -19"><span class='ocrx_word' id='word_1_186' title='bbox 407 3508 453 3578; x_wconf 64' lang='grc'><strong>(4)</strong></span> <span class='ocrx_word' id='word_1_187' title='bbox 474 3509 554 3560; x_wconf 75' lang='lat' dir='ltr'><strong>Deest</strong></span> <span class='ocrx_word' id='word_1_188' title='bbox 567 3517 777 3578; x_wconf 83' lang='lat' dir='ltr'><strong>pentametrum.</strong></span> <span class='ocrx_word' id='word_1_189' title='bbox 797 3507 887 3558; x_wconf 82' lang='lat' dir='ltr'><strong>relicto</strong></span> <span class='ocrx_word' id='word_1_190' title='bbox 903 3504 929 3556; x_wconf 86' lang='lat' dir='ltr'><strong>in</strong></span> <span class='ocrx_word' id='word_1_191' title='bbox 943 3502 1033 3556; x_wconf 84' lang='lat' dir='ltr'><strong>codice</strong></span> <span class='ocrx_word' id='word_1_192' title='bbox 1047 3503 1144 3577; x_wconf 78' lang='lat' dir='ltr'><strong>apatio·</strong></span> <span class='ocrx_word' id='word_1_193' title='bbox 1164 3505 1214 3556; x_wconf 81' lang='lat' dir='ltr'><strong>Par</strong></span> <span class='ocrx_word' id='word_1_194' title='bbox 1228 3503 1352 3557; x_wconf 74' lang='lat' dir='ltr'><strong>detectus</strong></span> 
     </span>
     <span class='ocr_line' id='line_1_30' title="bbox 323 3591 1351 3668; baseline -0.004 -20"><span class='ocrx_word' id='word_1_195' title='bbox 323 3606 364 3649; x_wconf 79' lang='lat' dir='ltr'><strong>eat</strong></span> <span class='ocrx_word' id='word_1_196' title='bbox 383 3596 409 3647; x_wconf 91' lang='lat' dir='ltr'><strong>in</strong></span> <span class='ocrx_word' id='word_1_197' title='bbox 430 3602 515 3666; x_wconf 66' lang='lat' dir='ltr'><strong>poam.</strong></span> <span class='ocrx_word' id='word_1_198' title='bbox 534 3595 708 3668; x_wconf 74' lang='lat' dir='ltr'>XXIV.170.</span> <span class='ocrx_word' id='word_1_199' title='bbox 729 3593 811 3648; x_wconf 86' lang='lat' dir='ltr'><strong>Immo</strong></span> <span class='ocrx_word' id='word_1_200' title='bbox 830 3611 891 3647; x_wconf 85' lang='lat' dir='ltr'><strong>vero</strong></span> <span class='ocrx_word' id='word_1_201' title='bbox 912 3592 938 3644; x_wconf 92' lang='lat' dir='ltr'><strong>in</strong></span> <span class='ocrx_word' id='word_1_202' title='bbox 958 3591 1051 3646; x_wconf 84' lang='lat' dir='ltr'><strong>codice</strong></span> <span class='ocrx_word' id='word_1_203' title='bbox 1064 3592 1243 3646; x_wconf 86' lang='lat' dir='ltr'><strong>muratoriaoo</strong></span> <span class='ocrx_word' id='word_1_204' title='bbox 1261 3601 1351 3663; x_wconf 73' lang='lat' dir='ltr'><strong>po&#39;e&#39;rm</strong></span> 
     </span>
     <span class='ocr_line' id='line_1_31' title="bbox 325 3680 1421 3757; baseline 0 -23"><span class='ocrx_word' id='word_1_205' title='bbox 325 3683 398 3734; x_wconf 73' lang='lat' dir='ltr'><strong>XXI.</strong></span> <span class='ocrx_word' id='word_1_206' title='bbox 419 3695 478 3754; x_wconf 77' lang='lat' dir='ltr'><strong>post</strong></span> <span class='ocrx_word' id='word_1_207' title='bbox 497 3702 520 3736; x_wconf 86' lang='lat' dir='ltr'><strong>v·</strong></span> <span class='ocrx_word' id='word_1_208' title='bbox 539 3700 582 3757; x_wconf 83' lang='lat'><strong>7⁰·</strong></span> <span class='ocrx_word' id='word_1_209' title='bbox 602 3683 696 3734; x_wconf 87' lang='lat' dir='ltr'><strong>lacuna</strong></span> <span class='ocrx_word' id='word_1_210' title='bbox 720 3694 777 3735; x_wconf 86' lang='lat' dir='ltr'><strong>erut</strong></span> <span class='ocrx_word' id='word_1_211' title='bbox 799 3699 920 3735; x_wconf 83' lang='lat' dir='ltr'><strong>versuum</strong></span> <span class='ocrx_word' id='word_1_212' title='bbox 944 3681 1140 3751; x_wconf 81' lang='lat' dir='ltr'><strong>qninquaginta</strong></span> <span class='ocrx_word' id='word_1_213' title='bbox 1160 3681 1261 3736; x_wconf 87' lang='lat' dir='ltr'><strong>trium.</strong></span> <span class='ocrx_word' id='word_1_214' title='bbox 1280 3697 1352 3750; x_wconf 81' lang='lat' dir='ltr'><strong>quoa</strong></span> <span class='ocrx_word' id='word_1_215' title='bbox 1416 3680 1421 3698; x_wconf 84' lang='lat'><em>&#39;</em></span> 
     </span>
     <span class='ocr_line' id='line_1_32' title="bbox 325 3769 1353 3841; baseline 0 -19"><span class='ocrx_word' id='word_1_216' title='bbox 325 3770 420 3823; x_wconf 82' lang='lat' dir='ltr'><strong>deinde</strong></span> <span class='ocrx_word' id='word_1_217' title='bbox 438 3789 487 3841; x_wconf 86' lang='lat' dir='ltr'><strong>ope</strong></span> <span class='ocrx_word' id='word_1_218' title='bbox 506 3770 614 3823; x_wconf 78' lang='lat' dir='ltr'><strong>aitcriua</strong></span> <span class='ocrx_word' id='word_1_219' title='bbox 633 3770 732 3824; x_wconf 81' lang='lat' dir='ltr'><strong>codicis</strong></span> <span class='ocrx_word' id='word_1_220' title='bbox 750 3770 883 3841; x_wconf 78' lang='lat' dir='ltr'><strong>supplevit</strong></span> <span class='ocrx_word' id='word_1_221' title='bbox 903 3769 1094 3839; x_wconf 81' lang='lat' dir='ltr'><strong>Miogarelliua.</strong></span> <span class='ocrx_word' id='word_1_222' title='bbox 1114 3771 1180 3822; x_wconf 81' lang='lat' dir='ltr'><strong>Ecce</strong></span> <span class='ocrx_word' id='word_1_223' title='bbox 1198 3781 1287 3822; x_wconf 81' lang='lat' dir='ltr'><strong>autera</strong></span> <span class='ocrx_word' id='word_1_224' title='bbox 1310 3771 1353 3824; x_wconf 83' lang='lat' dir='ltr'><strong>vir</strong></span> 
     </span>
     <span class='ocr_line' id='line_1_33' title="bbox 324 3854 1353 3928; baseline -0.003 -19"><span class='ocrx_word' id='word_1_225' title='bbox 324 3857 435 3928; x_wconf 79' lang='lat' dir='ltr'><strong>qnidam</strong></span> <span class='ocrx_word' id='word_1_226' title='bbox 455 3857 621 3910; x_wconf 79' lang='lat' dir='ltr'><strong>doctissimus</strong></span> <span class='ocrx_word' id='word_1_227' title='bbox 640 3858 738 3911; x_wconf 77' lang='lat' dir='ltr'><strong>amians</strong></span> <span class='ocrx_word' id='word_1_228' title='bbox 758 3875 846 3916; x_wconf 81' lang='lat' dir='ltr'><strong>meus,</strong></span> <span class='ocrx_word' id='word_1_229' title='bbox 866 3856 908 3909; x_wconf 87' lang='lat' dir='ltr'><strong>cui</strong></span> <span class='ocrx_word' id='word_1_230' title='bbox 928 3857 978 3911; x_wconf 88' lang='lat' dir='ltr'><strong>hnc</strong></span> <span class='ocrx_word' id='word_1_231' title='bbox 996 3856 1123 3928; x_wconf 74' lang='lat' dir='ltr'><strong>scriptum</strong></span> <span class='ocrx_word' id='word_1_232' title='bbox 1142 3855 1281 3922; x_wconf 76' lang='lat' dir='ltr'><strong>tegendum</strong></span> <span class='ocrx_word' id='word_1_233' title='bbox 1301 3854 1353 3908; x_wconf 86' lang='lat' dir='ltr'><strong>ob-</strong></span> 
     </span>
     <span class='ocr_line' id='line_1_34' title="bbox 322 3940 1353 4015; baseline -0.004 -18"><span class='ocrx_word' id='word_1_234' title='bbox 322 3942 392 4000; x_wconf 81' lang='lat' dir='ltr'><strong>tuli.</strong></span> <span class='ocrx_word' id='word_1_235' title='bbox 410 3943 448 3996; x_wconf 78' lang='lat' dir='ltr'><strong>sic</strong></span> <span class='ocrx_word' id='word_1_236' title='bbox 469 3955 575 4015; x_wconf 81' lang='lat' dir='ltr'><strong>repente</strong></span> <span class='ocrx_word' id='word_1_237' title='bbox 595 3961 697 3997; x_wconf 77' lang='lat' dir='ltr'><strong>vernum</strong></span> <span class='ocrx_word' id='word_1_238' title='bbox 712 3943 781 3996; x_wconf 73' lang='lat' dir='ltr'><strong>retici</strong></span> <span class='ocrx_word' id='word_1_239' title='bbox 796 3943 946 3996; x_wconf 85' lang='lat' dir='ltr'><strong>coniectura</strong></span> <span class='ocrx_word' id='word_1_240' title='bbox 968 3941 1116 4015; x_wconf 77' lang='lat' dir='ltr'><strong>supplevit3</strong></span> <span class='ocrx_word' id='word_1_241' title='bbox 1135 3940 1201 4009; x_wconf 86' lang='lat' dir='ltr'><strong>quia</strong></span> <span class='ocrx_word' id='word_1_242' title='bbox 1223 3941 1353 3994; x_wconf 79' lang='lat' dir='ltr'><strong>nimirum</strong></span> 
     </span>
     <span class='ocr_line' id='line_1_35' title="bbox 324 4022 1157 4099; baseline 0 -19"><span class='ocrx_word' id='word_1_243' title='bbox 324 4028 450 4082; x_wconf 81' lang='lat' dir='ltr'><strong>Pauliana</strong></span> <span class='ocrx_word' id='word_1_244' title='bbox 471 4027 578 4099; x_wconf 80' lang='lat' dir='ltr'><strong>respicit</strong></span> <span class='ocrx_word' id='word_1_245' title='bbox 598 4022 631 4082; x_wconf 74' lang='lat' dir='ltr'><strong>acl</strong></span> <span class='ocrx_word' id='word_1_246' title='bbox 652 4029 744 4081; x_wconf 80' lang='lat' dir='ltr'><strong>loiron.</strong></span> <span class='ocrx_word' id='word_1_247' title='bbox 764 4046 857 4096; x_wconf 77' lang='lat' dir='ltr'><strong>evang·</strong></span> <span class='ocrx_word' id='word_1_248' title='bbox 879 4045 936 4098; x_wconf 86' lang='lat' dir='ltr'><strong>rap·</strong></span> <span class='ocrx_word' id='word_1_249' title='bbox 958 4029 980 4081; x_wconf 83' lang='lat' dir='ltr'><strong>i·</strong></span> <span class='ocrx_word' id='word_1_250' title='bbox 1156 4038 1157 4041; x_wconf 78' lang='grc'>’</span> 
     </span>
    </p>
   </div>
   <div class='ocr_carea' id='block_1_5' title="bbox 0 0 1702 5206">
    <p class='ocr_par' dir='ltr' id='par_1_8' title="bbox 0 0 1702 5206">
     <span class='ocr_line' id='line_1_36' title="bbox 0 0 1702 5206; baseline 0 0"><span class='ocrx_word' id='word_1_251' title='bbox 0 0 1702 5206; x_wconf 95' lang='lat' dir='ltr'><strong> </strong></span> 
     </span>
    </p>
   </div>
  </div>
 </body>
</html>
