<?xml version="1.0" encoding="UTF-8"?>
<!DOCTYPE html PUBLIC "-//W3C//DTD XHTML 1.0 Transitional//EN"
    "http://www.w3.org/TR/xhtml1/DTD/xhtml1-transitional.dtd">
<html xmlns="http://www.w3.org/1999/xhtml" xml:lang="en" lang="en">
 <head>
  <title>
</title>
<meta http-equiv="Content-Type" content="text/html;charset=utf-8" />
  <meta name='ocr-system' content='tesseract 3.04.00' />
  <meta name='ocr-capabilities' content='ocr_page ocr_carea ocr_par ocr_line ocrx_word'/>
</head>
<body>
  <div class='ocr_page' id='page_1' title='image "./classicorumauct00vatigoog_0076.png"; bbox 0 0 3382 5206; ppageno 0'>
   <div class='ocr_carea' id='block_1_1' title="bbox 733 562 1428 640">
    <p class='ocr_par' dir='ltr' id='par_1_1' title="bbox 733 562 1428 640">
     <span class='ocr_line' id='line_1_1' title="bbox 733 562 1428 640; baseline 0.01 -8"><span class='ocrx_word' id='word_1_1' title='bbox 733 587 777 633; x_wconf 79' lang='lat' dir='ltr'><strong>oa</strong></span> <span class='ocrx_word' id='word_1_2' title='bbox 802 584 940 634; x_wconf 77' lang='lat' dir='ltr'><strong>sonrss.</strong></span> <span class='ocrx_word' id='word_1_3' title='bbox 1273 562 1318 640; x_wconf 84' lang='lat'><strong>15</strong></span> <span class='ocrx_word' id='word_1_4' title='bbox 1423 607 1428 618; x_wconf 76' lang='lat'><em>‚</em></span> 
     </span>
    </p>
   </div>
   <div class='ocr_carea' id='block_1_2' title="bbox 328 693 1457 3681">
    <p class='ocr_par' dir='ltr' id='par_1_2' title="bbox 328 693 1457 2235">
     <span class='ocr_line' id='line_1_2' title="bbox 328 693 1347 800; baseline 0.003 -30"><span class='ocrx_word' id='word_1_5' title='bbox 328 697 442 770; x_wconf 85' lang='lat' dir='ltr'><strong>estin</strong></span> <span class='ocrx_word' id='word_1_6' title='bbox 467 696 567 770; x_wconf 87' lang='lat' dir='ltr'><strong>omui</strong></span> <span class='ocrx_word' id='word_1_7' title='bbox 593 711 693 783; x_wconf 84' lang='lat' dir='ltr'><strong>arte,</strong></span> <span class='ocrx_word' id='word_1_8' title='bbox 720 710 760 768; x_wconf 92' lang='lat' dir='ltr'><strong>ut</strong></span> <span class='ocrx_word' id='word_1_9' title='bbox 786 693 824 767; x_wconf 89' lang='lat' dir='ltr'><strong>in</strong></span> <span class='ocrx_word' id='word_1_10' title='bbox 848 693 1071 795; x_wconf 83' lang='lat' dir='ltr'><strong>proverbium</strong></span> <span class='ocrx_word' id='word_1_11' title='bbox 1096 697 1230 771; x_wconf 85' lang='lat' dir='ltr'><strong>veniret</strong></span> <span class='ocrx_word' id='word_1_12' title='bbox 1254 700 1347 800; x_wconf 82' lang='lat' dir='ltr'><strong>apud</strong></span> 
     </span>
     <span class='ocr_line' id='line_1_3' title="bbox 329 806 1457 918; baseline 0.002 -26"><span class='ocrx_word' id='word_1_13' title='bbox 329 844 451 892; x_wconf 89' lang='lat' dir='ltr'><strong>omnes</strong></span> <span class='ocrx_word' id='word_1_14' title='bbox 468 815 707 917; x_wconf 71' lang='lat' dir='ltr'><strong>philosophiae</strong></span> <span class='ocrx_word' id='word_1_15' title='bbox 727 831 914 903; x_wconf 82' lang='lat' dir='ltr'><strong>suctores,</strong></span> <span class='ocrx_word' id='word_1_16' title='bbox 933 841 1007 889; x_wconf 91' lang='lat' dir='ltr'><strong>non</strong></span> <span class='ocrx_word' id='word_1_17' title='bbox 1026 815 1109 915; x_wconf 90' lang='lat' dir='ltr'><strong>legit</strong></span> <span class='ocrx_word' id='word_1_18' title='bbox 1127 818 1282 918; x_wconf 90' lang='lat' dir='ltr'><strong>quinon</strong></span> <span class='ocrx_word' id='word_1_19' title='bbox 1300 821 1347 895; x_wconf 90' lang='lat' dir='ltr'><strong>le·</strong></span> <span class='ocrx_word' id='word_1_20' title='bbox 1406 806 1409 812; x_wconf 34' lang='lat'>¹</span> <span class='ocrx_word' id='word_1_21' title='bbox 1453 827 1457 833; x_wconf 83' lang='lat'>&#39;</span> 
     </span>
     <span class='ocr_line' id='line_1_4' title="bbox 333 932 1349 1035; baseline 0.002 -25"><span class='ocrx_word' id='word_1_22' title='bbox 333 937 381 1035; x_wconf 91' lang='lat' dir='ltr'><strong>git</strong></span> <span class='ocrx_word' id='word_1_23' title='bbox 394 935 615 1012; x_wconf 74' lang='lat' dir='ltr'><strong>Ciceronem</strong></span> <span class='ocrx_word' id='word_1_24' title='bbox 627 932 702 1009; x_wconf 86' lang='lat' dir='ltr'><strong>Sua</strong></span> <span class='ocrx_word' id='word_1_25' title='bbox 715 959 796 1032; x_wconf 89' lang='lat' dir='ltr'><strong>ergo</strong></span> <span class='ocrx_word' id='word_1_26' title='bbox 807 932 1023 1034; x_wconf 75' lang='lat' dir='ltr'>pronominis</span> <span class='ocrx_word' id='word_1_27' title='bbox 1034 933 1349 1023; x_wconf 76' lang='lat' dir='ltr'><strong>circumflexiutrs·</strong></span> 
     </span>
     <span class='ocr_line' id='line_1_5' title="bbox 331 1053 1348 1162; baseline -0.004 -28"><span class='ocrx_word' id='word_1_28' title='bbox 331 1088 401 1162; x_wconf 92' lang='lat' dir='ltr'><strong>que</strong></span> <span class='ocrx_word' id='word_1_29' title='bbox 418 1057 530 1133; x_wconf 89' lang='lat' dir='ltr'><strong>vocali</strong></span> <span class='ocrx_word' id='word_1_30' title='bbox 549 1056 718 1156; x_wconf 71' lang='lat' dir='ltr'><strong>producta</strong></span> <span class='ocrx_word' id='word_1_31' title='bbox 737 1053 879 1129; x_wconf 89' lang='lat' dir='ltr'><strong>scribito</strong></span> <span class='ocrx_word' id='word_1_32' title='bbox 897 1084 907 1131; x_wconf 78' lang='lat' dir='ltr'><strong>s</strong></span> <span class='ocrx_word' id='word_1_33' title='bbox 934 1081 997 1128; x_wconf 89' lang='lat' dir='ltr'><strong>sua</strong></span> <span class='ocrx_word' id='word_1_34' title='bbox 1022 1070 1141 1129; x_wconf 86' lang='lat' dir='ltr'><strong>autem</strong></span> <span class='ocrx_word' id='word_1_35' title='bbox 1164 1055 1288 1147; x_wconf 83' lang='lat' dir='ltr'><strong>verbi,</strong></span> <span class='ocrx_word' id='word_1_36' title='bbox 1308 1085 1348 1130; x_wconf 78' lang='lat' dir='ltr'><strong>a·</strong></span> 
     </span>
     <span class='ocr_line' id='line_1_6' title="bbox 332 1173 1347 1277; baseline -0.003 -23"><span class='ocrx_word' id='word_1_37' title='bbox 332 1195 472 1254; x_wconf 92' lang='lat' dir='ltr'><strong>tantum</strong></span> <span class='ocrx_word' id='word_1_38' title='bbox 480 1176 668 1277; x_wconf 85' lang='lat' dir='ltr'><strong>producta:</strong></span> <span class='ocrx_word' id='word_1_39' title='bbox 685 1191 721 1248; x_wconf 88' lang='lat' dir='ltr'><strong>at</strong></span> <span class='ocrx_word' id='word_1_40' title='bbox 729 1173 883 1249; x_wconf 88' lang='lat' dir='ltr'><strong>nominis</strong></span> <span class='ocrx_word' id='word_1_41' title='bbox 893 1200 981 1264; x_wconf 58' lang='lat' dir='ltr'><strong>suaf</strong></span> <span class='ocrx_word' id='word_1_42' title='bbox 997 1174 1109 1248; x_wconf 87' lang='lat' dir='ltr'><strong>brevis</strong></span> <span class='ocrx_word' id='word_1_43' title='bbox 1129 1192 1275 1277; x_wconf 88' lang='lat' dir='ltr'><strong>utraque</strong></span> <span class='ocrx_word' id='word_1_44' title='bbox 1290 1203 1347 1251; x_wconf 87' lang='lat' dir='ltr'><strong>vo·</strong></span> 
     </span>
     <span class='ocr_line' id='line_1_7' title="bbox 333 1288 1453 1396; baseline -0.003 -24"><span class='ocrx_word' id='word_1_45' title='bbox 333 1297 415 1372; x_wconf 86' lang='lat' dir='ltr'><strong>calis</strong></span> <span class='ocrx_word' id='word_1_46' title='bbox 433 1297 516 1385; x_wconf 84' lang='lat' dir='ltr'><strong>fiat,</strong></span> <span class='ocrx_word' id='word_1_47' title='bbox 535 1296 582 1368; x_wconf 89' lang='lat' dir='ltr'><strong>ita</strong></span> <span class='ocrx_word' id='word_1_48' title='bbox 604 1311 643 1369; x_wconf 92' lang='lat' dir='ltr'><strong>ut</strong></span> <span class='ocrx_word' id='word_1_49' title='bbox 662 1292 1065 1396; x_wconf 80' lang='lat' dir='ltr'><strong>median-perduamm</strong></span> <span class='ocrx_word' id='word_1_50' title='bbox 1083 1294 1259 1370; x_wconf 78' lang='lat' dir='ltr'><strong>vocalium</strong></span> <span class='ocrx_word' id='word_1_51' title='bbox 1270 1323 1348 1395; x_wconf 83' lang='lat' dir='ltr'><strong>syn·</strong></span> <span class='ocrx_word' id='word_1_52' title='bbox 1392 1334 1395 1344; x_wconf 92' lang='lat'>·</span> <span class='ocrx_word' id='word_1_53' title='bbox 1449 1288 1453 1297; x_wconf 65' lang='grc'>’</span> 
     </span>
     <span class='ocr_line' id='line_1_8' title="bbox 332 1413 1346 1516; baseline -0.002 -25"><span class='ocrx_word' id='word_1_54' title='bbox 332 1416 503 1516; x_wconf 87' lang='lat' dir='ltr'><strong>aloephen</strong></span> <span class='ocrx_word' id='word_1_55' title='bbox 523 1441 596 1488; x_wconf 90' lang='lat' dir='ltr'><strong>non</strong></span> <span class='ocrx_word' id='word_1_56' title='bbox 614 1414 719 1489; x_wconf 89' lang='lat' dir='ltr'><strong>modo</strong></span> <span class='ocrx_word' id='word_1_57' title='bbox 740 1413 966 1515; x_wconf 84' lang='lat' dir='ltr'><strong>corripiatur,</strong></span> <span class='ocrx_word' id='word_1_58' title='bbox 979 1441 1102 1489; x_wconf 86' lang='lat' dir='ltr'><strong>verum</strong></span> <span class='ocrx_word' id='word_1_59' title='bbox 1117 1414 1221 1488; x_wconf 89' lang='lat' dir='ltr'><strong>etiam</strong></span> <span class='ocrx_word' id='word_1_60' title='bbox 1236 1443 1346 1515; x_wconf 87' lang='lat' dir='ltr'><strong>paene</strong></span> 
     </span>
     <span class='ocr_line' id='line_1_9' title="bbox 332 1531 1347 1635; baseline -0.004 -24"><span class='ocrx_word' id='word_1_61' title='bbox 332 1537 569 1633; x_wconf 76' lang='lat' dir='ltr'><strong>extinguatur.</strong></span> <span class='ocrx_word' id='word_1_62' title='bbox 597 1532 660 1608; x_wconf 89' lang='lat' dir='ltr'><strong>Sic</strong></span> <span class='ocrx_word' id='word_1_63' title='bbox 685 1532 730 1609; x_wconf 80' lang='lat' dir='ltr'><strong>sle</strong></span> <span class='ocrx_word' id='word_1_64' title='bbox 754 1561 820 1609; x_wconf 86' lang='lat' dir='ltr'><strong>suo</strong></span> <span class='ocrx_word' id='word_1_65' title='bbox 839 1533 1064 1609; x_wconf 87' lang='lat' dir='ltr'><strong>sentiendum</strong></span> <span class='ocrx_word' id='word_1_66' title='bbox 1082 1549 1144 1610; x_wconf 84' lang='lat' dir='ltr'><strong>est</strong></span> <span class='ocrx_word' id='word_1_67' title='bbox 1169 1531 1242 1608; x_wconf 84' lang='lat' dir='ltr'><strong>Sed</strong></span> <span class='ocrx_word' id='word_1_68' title='bbox 1265 1533 1347 1635; x_wconf 89' lang='lat' dir='ltr'><strong>quia</strong></span> 
     </span>
     <span class='ocr_line' id='line_1_10' title="bbox 333 1651 1346 1755; baseline -0.004 -26"><span class='ocrx_word' id='word_1_69' title='bbox 333 1681 417 1729; x_wconf 90' lang='lat' dir='ltr'><strong>cum</strong></span> <span class='ocrx_word' id='word_1_70' title='bbox 435 1653 480 1728; x_wconf 88' lang='lat' dir='ltr'><strong>dc</strong></span> <span class='ocrx_word' id='word_1_71' title='bbox 498 1653 659 1752; x_wconf 88' lang='lat' dir='ltr'><strong>genetivo</strong></span> <span class='ocrx_word' id='word_1_72' title='bbox 679 1680 760 1728; x_wconf 87' lang='lat' dir='ltr'><strong>casu</strong></span> <span class='ocrx_word' id='word_1_73' title='bbox 779 1651 895 1726; x_wconf 85' lang='lat' dir='ltr'><strong>dicere</strong></span> <span class='ocrx_word' id='word_1_74' title='bbox 915 1653 1154 1755; x_wconf 87' lang='lat' dir='ltr'><strong>coeperimus,</strong></span> <span class='ocrx_word' id='word_1_75' title='bbox 1180 1651 1247 1727; x_wconf 89' lang='lat' dir='ltr'><strong>alio</strong></span> <span class='ocrx_word' id='word_1_76' title='bbox 1268 1680 1346 1728; x_wconf 89' lang='lat' dir='ltr'><strong>cur·</strong></span> 
     </span>
     <span class='ocr_line' id='line_1_11' title="bbox 333 1771 1346 1875; baseline -0.005 -25"><span class='ocrx_word' id='word_1_77' title='bbox 333 1804 375 1850; x_wconf 91' lang='lat' dir='ltr'><strong>su</strong></span> <span class='ocrx_word' id='word_1_78' title='bbox 393 1791 429 1849; x_wconf 87' lang='lat' dir='ltr'><strong>et</strong></span> <span class='ocrx_word' id='word_1_79' title='bbox 451 1773 549 1875; x_wconf 88' lang='lat' dir='ltr'><strong>quasi</strong></span> <span class='ocrx_word' id='word_1_80' title='bbox 567 1772 605 1847; x_wconf 86' lang='lat' dir='ltr'><strong>in</strong></span> <span class='ocrx_word' id='word_1_81' title='bbox 624 1771 726 1847; x_wconf 86' lang='lat' dir='ltr'><strong>aliam</strong></span> <span class='ocrx_word' id='word_1_82' title='bbox 744 1771 922 1871; x_wconf 83' lang='lat' dir='ltr'><strong>regionem</strong></span> <span class='ocrx_word' id='word_1_83' title='bbox 940 1789 1059 1846; x_wconf 70' lang='lat' dir='ltr'><strong>nomer</strong></span> <span class='ocrx_word' id='word_1_84' title='bbox 1077 1772 1135 1847; x_wconf 90' lang='lat' dir='ltr'><strong>hic</strong></span> <span class='ocrx_word' id='word_1_85' title='bbox 1153 1799 1268 1873; x_wconf 82' lang='lat' dir='ltr'><strong>senno</strong></span> <span class='ocrx_word' id='word_1_86' title='bbox 1287 1771 1346 1846; x_wconf 89' lang='lat' dir='ltr'><strong>de·</strong></span> 
     </span>
     <span class='ocr_line' id='line_1_12' title="bbox 334 1891 1344 1993; baseline -0.004 -25"><span class='ocrx_word' id='word_1_87' title='bbox 334 1895 458 1984; x_wconf 87' lang='lat' dir='ltr'><strong>venit,</strong></span> <span class='ocrx_word' id='word_1_88' title='bbox 482 1910 524 1971; x_wconf 92' lang='lat' dir='ltr'><strong>ut</strong></span> <span class='ocrx_word' id='word_1_89' title='bbox 542 1892 712 1967; x_wconf 87' lang='lat' dir='ltr'><strong>sententia</strong></span> <span class='ocrx_word' id='word_1_90' title='bbox 731 1891 940 1966; x_wconf 89' lang='lat' dir='ltr'><strong>sententiam</strong></span> <span class='ocrx_word' id='word_1_91' title='bbox 962 1891 1125 1993; x_wconf 86' lang='lat' dir='ltr'><strong>inpedire</strong></span> <span class='ocrx_word' id='word_1_92' title='bbox 1138 1891 1344 1982; x_wconf 79' lang='lat' dir='ltr'><strong>videretur,</strong></span> 
     </span>
     <span class='ocr_line' id='line_1_13' title="bbox 334 2011 1342 2112; baseline -0.004 -22"><span class='ocrx_word' id='word_1_93' title='bbox 334 2015 465 2090; x_wconf 85' lang='lat' dir='ltr'><strong>idcirco</strong></span> <span class='ocrx_word' id='word_1_94' title='bbox 483 2013 527 2087; x_wconf 80' lang='lat' dir='ltr'><strong>sle</strong></span> <span class='ocrx_word' id='word_1_95' title='bbox 547 2013 706 2111; x_wconf 90' lang='lat' dir='ltr'><strong>genetivo</strong></span> <span class='ocrx_word' id='word_1_96' title='bbox 726 2039 812 2086; x_wconf 87' lang='lat' dir='ltr'><strong>casu</strong></span> <span class='ocrx_word' id='word_1_97' title='bbox 830 2037 940 2112; x_wconf 88' lang='lat' dir='ltr'><strong>paene</strong></span> <span class='ocrx_word' id='word_1_98' title='bbox 959 2011 1041 2086; x_wconf 83' lang='lat' dir='ltr'><strong>satis</strong></span> <span class='ocrx_word' id='word_1_99' title='bbox 1059 2012 1103 2086; x_wconf 92' lang='lat' dir='ltr'><strong>sit</strong></span> <span class='ocrx_word' id='word_1_100' title='bbox 1121 2011 1278 2103; x_wconf 90' lang='lat' dir='ltr'><strong>dictum,</strong></span> <span class='ocrx_word' id='word_1_101' title='bbox 1297 2039 1342 2086; x_wconf 82' lang='lat' dir='ltr'><strong>rae</strong></span> 
     </span>
     <span class='ocr_line' id='line_1_14' title="bbox 333 2129 1109 2235; baseline -0.005 -24"><span class='ocrx_word' id='word_1_102' title='bbox 333 2137 436 2235; x_wconf 87' lang='lat' dir='ltr'><strong>longa</strong></span> <span class='ocrx_word' id='word_1_103' title='bbox 460 2134 567 2210; x_wconf 88' lang='lat' dir='ltr'><strong>dictio</strong></span> <span class='ocrx_word' id='word_1_104' title='bbox 588 2132 734 2207; x_wconf 89' lang='lat' dir='ltr'><strong>modum</strong></span> <span class='ocrx_word' id='word_1_105' title='bbox 751 2130 937 2206; x_wconf 88' lang='lat' dir='ltr'><strong>voluminis</strong></span> <span class='ocrx_word' id='word_1_106' title='bbox 956 2129 1109 2208; x_wconf 83' lang='lat' dir='ltr'><strong>excedat.</strong></span> 
     </span>
    </p>

    <p class='ocr_par' dir='ltr' id='par_1_3' title="bbox 330 2249 1346 3681">
     <span class='ocr_line' id='line_1_15' title="bbox 418 2249 1342 2352; baseline -0.003 -23"><span class='ocrx_word' id='word_1_107' title='bbox 418 2282 474 2331; x_wconf 85' lang='lat' dir='ltr'><strong>ra.</strong></span> <span class='ocrx_word' id='word_1_108' title='bbox 498 2253 633 2328; x_wconf 85' lang='lat' dir='ltr'><strong>Verum</strong></span> <span class='ocrx_word' id='word_1_109' title='bbox 651 2252 696 2328; x_wconf 88' lang='lat' dir='ltr'><strong>de</strong></span> <span class='ocrx_word' id='word_1_110' title='bbox 721 2252 877 2351; x_wconf 88' lang='lat' dir='ltr'><strong>genetivo</strong></span> <span class='ocrx_word' id='word_1_111' title='bbox 901 2249 1028 2352; x_wconf 78' lang='lat' dir='ltr'><strong>plurali</strong></span> <span class='ocrx_word' id='word_1_112' title='bbox 1047 2278 1158 2351; x_wconf 86' lang='lat' dir='ltr'><strong>pauca</strong></span> <span class='ocrx_word' id='word_1_113' title='bbox 1175 2250 1342 2328; x_wconf 88' lang='lat' dir='ltr'><strong>dicamus.</strong></span> 
     </span>
     <span class='ocr_line' id='line_1_16' title="bbox 330 2372 1341 2473; baseline -0.005 -22"><span class='ocrx_word' id='word_1_114' title='bbox 330 2375 462 2451; x_wconf 85' lang='lat' dir='ltr'><strong>Omnia</strong></span> <span class='ocrx_word' id='word_1_115' title='bbox 482 2402 581 2450; x_wconf 87' lang='lat' dir='ltr'><strong>casus</strong></span> <span class='ocrx_word' id='word_1_116' title='bbox 600 2373 777 2473; x_wconf 80' lang='lat' dir='ltr'><strong>genetivus</strong></span> <span class='ocrx_word' id='word_1_117' title='bbox 794 2373 832 2446; x_wconf 86' lang='lat' dir='ltr'><strong>in</strong></span> <span class='ocrx_word' id='word_1_118' title='bbox 852 2372 946 2446; x_wconf 78' lang='lat' dir='ltr'><strong>ium·</strong></span> <span class='ocrx_word' id='word_1_119' title='bbox 960 2372 1164 2446; x_wconf 88' lang='lat' dir='ltr'><strong>terminatus</strong></span> <span class='ocrx_word' id='word_1_120' title='bbox 1179 2372 1341 2473; x_wconf 76' lang='lat' dir='ltr'><strong>syllabam</strong></span> 
     </span>
     <span class='ocr_line' id='line_1_17' title="bbox 333 2490 1341 2599; baseline -0.002 -30"><span class='ocrx_word' id='word_1_121' title='bbox 333 2495 524 2599; x_wconf 82' lang='lat' dir='ltr'><strong>permultas</strong></span> <span class='ocrx_word' id='word_1_122' title='bbox 533 2492 667 2592; x_wconf 86' lang='lat' dir='ltr'><strong>regulas</strong></span> <span class='ocrx_word' id='word_1_123' title='bbox 677 2492 869 2593; x_wconf 87' lang='lat' dir='ltr'><strong>multasque</strong></span> <span class='ocrx_word' id='word_1_124' title='bbox 886 2518 1005 2567; x_wconf 84' lang='lat' dir='ltr'><strong>causas</strong></span> <span class='ocrx_word' id='word_1_125' title='bbox 1022 2491 1136 2568; x_wconf 87' lang='lat' dir='ltr'><strong>babet.</strong></span> <span class='ocrx_word' id='word_1_126' title='bbox 1156 2490 1341 2567; x_wconf 87' lang='lat' dir='ltr'><strong>Enimvero</strong></span> 
     </span>
     <span class='ocr_line' id='line_1_18' title="bbox 339 2613 1346 2720; baseline -0.003 -28"><span class='ocrx_word' id='word_1_127' title='bbox 339 2636 474 2720; x_wconf 83' lang='lat' dir='ltr'><strong>praeter</strong></span> <span class='ocrx_word' id='word_1_128' title='bbox 493 2615 696 2714; x_wconf 89' lang='lat' dir='ltr'><strong>originalem</strong></span> <span class='ocrx_word' id='word_1_129' title='bbox 722 2614 816 2688; x_wconf 89' lang='lat' dir='ltr'><strong>illam</strong></span> <span class='ocrx_word' id='word_1_130' title='bbox 835 2639 941 2714; x_wconf 90' lang='lat' dir='ltr'><strong>quam</strong></span> <span class='ocrx_word' id='word_1_131' title='bbox 960 2613 1042 2688; x_wconf 80' lang='lat' dir='ltr'><strong>trito</strong></span> <span class='ocrx_word' id='word_1_132' title='bbox 1069 2641 1191 2689; x_wconf 91' lang='lat' dir='ltr'><strong>omnes</strong></span> <span class='ocrx_word' id='word_1_133' title='bbox 1219 2640 1346 2689; x_wconf 83' lang='lat' dir='ltr'><strong>sermo-</strong></span> 
     </span>
     <span class='ocr_line' id='line_1_19' title="bbox 334 2731 1344 2834; baseline -0.004 -24"><span class='ocrx_word' id='word_1_134' title='bbox 334 2752 438 2812; x_wconf 85' lang='lat' dir='ltr'><strong>nect</strong></span> <span class='ocrx_word' id='word_1_135' title='bbox 466 2763 525 2809; x_wconf 89' lang='lat' dir='ltr'><strong>ore</strong></span> <span class='ocrx_word' id='word_1_136' title='bbox 546 2736 592 2834; x_wconf 74' lang='lat' dir='ltr'><strong>(a)</strong></span> <span class='ocrx_word' id='word_1_137' title='bbox 614 2734 799 2809; x_wconf 75' lang='lat' dir='ltr'><strong>elocuntur</strong></span> <span class='ocrx_word' id='word_1_138' title='bbox 823 2788 833 2822; x_wconf 92' lang='lat'>,</span> <span class='ocrx_word' id='word_1_139' title='bbox 852 2731 887 2804; x_wconf 90' lang='lat' dir='ltr'><strong>id</strong></span> <span class='ocrx_word' id='word_1_140' title='bbox 913 2748 965 2806; x_wconf 90' lang='lat' dir='ltr'><strong>est</strong></span> <span class='ocrx_word' id='word_1_141' title='bbox 986 2757 1071 2806; x_wconf 90' lang='lat' dir='ltr'><strong>cum</strong></span> <span class='ocrx_word' id='word_1_142' title='bbox 1099 2731 1265 2806; x_wconf 78' lang='lat' dir='ltr'><strong>ablativus</strong></span> <span class='ocrx_word' id='word_1_143' title='bbox 1290 2763 1344 2815; x_wconf 83' lang='lat' dir='ltr'><strong>ca·</strong></span> 
     </span>
     <span class='ocr_line' id='line_1_20' title="bbox 336 2851 1341 2956; baseline -0.006 -24"><span class='ocrx_word' id='word_1_144' title='bbox 336 2886 395 2932; x_wconf 90' lang='lat' dir='ltr'><strong>sus</strong></span> <span class='ocrx_word' id='word_1_145' title='bbox 412 2855 596 2956; x_wconf 86' lang='lat' dir='ltr'><strong>singularis</strong></span> <span class='ocrx_word' id='word_1_146' title='bbox 614 2856 651 2928; x_wconf 88' lang='lat' dir='ltr'><strong>in</strong></span> <span class='ocrx_word' id='word_1_147' title='bbox 673 2854 704 2927; x_wconf 89' lang='lat' dir='ltr'><strong>·i·</strong></span> <span class='ocrx_word' id='word_1_148' title='bbox 721 2853 820 2948; x_wconf 84' lang='lat' dir='ltr'><strong>linit3</strong></span> <span class='ocrx_word' id='word_1_149' title='bbox 841 2868 945 2926; x_wconf 77' lang='lat' dir='ltr'><strong>etiam</strong></span> <span class='ocrx_word' id='word_1_150' title='bbox 964 2880 1006 2926; x_wconf 84' lang='lat' dir='ltr'><strong>ex</strong></span> <span class='ocrx_word' id='word_1_151' title='bbox 1025 2851 1101 2926; x_wconf 86' lang='lat' dir='ltr'><strong>aliis</strong></span> <span class='ocrx_word' id='word_1_152' title='bbox 1114 2854 1162 2954; x_wconf 81' lang='lat' dir='ltr'><strong>(b)</strong></span> <span class='ocrx_word' id='word_1_153' title='bbox 1183 2854 1341 2956; x_wconf 81' lang='lat' dir='ltr'><strong>ergis(1)</strong></span> 
     </span>
     <span class='ocr_line' id='line_1_21' title="bbox 336 2971 1343 3078; baseline -0.001 -28"><span class='ocrx_word' id='word_1_154' title='bbox 336 2976 515 3076; x_wconf 84' lang='lat' dir='ltr'><strong>genetivus</strong></span> <span class='ocrx_word' id='word_1_155' title='bbox 532 2975 571 3048; x_wconf 92' lang='lat' dir='ltr'><strong>in</strong></span> <span class='ocrx_word' id='word_1_156' title='bbox 592 2974 687 3049; x_wconf 79' lang='lat' dir='ltr'><strong>ium·</strong></span> <span class='ocrx_word' id='word_1_157' title='bbox 705 2971 849 3075; x_wconf 88' lang='lat' dir='ltr'><strong>pluralis</strong></span> <span class='ocrx_word' id='word_1_158' title='bbox 867 2971 964 3045; x_wconf 88' lang='lat' dir='ltr'><strong>finiri</strong></span> <span class='ocrx_word' id='word_1_159' title='bbox 989 2972 1099 3063; x_wconf 85' lang='lat' dir='ltr'><strong>solet,</strong></span> <span class='ocrx_word' id='word_1_160' title='bbox 1128 3001 1211 3078; x_wconf 85' lang='lat' dir='ltr'><strong>cum</strong></span> <span class='ocrx_word' id='word_1_161' title='bbox 1227 2975 1281 3049; x_wconf 91' lang='lat' dir='ltr'><strong>vel</strong></span> <span class='ocrx_word' id='word_1_162' title='bbox 1305 2975 1343 3048; x_wconf 91' lang='lat' dir='ltr'><strong>in</strong></span> 
     </span>
     <span class='ocr_line' id='line_1_22' title="bbox 334 3091 1343 3193; baseline -0.004 -21"><span class='ocrx_word' id='word_1_163' title='bbox 334 3098 422 3172; x_wconf 84' lang='lat' dir='ltr'><strong>duas</strong></span> <span class='ocrx_word' id='word_1_164' title='bbox 439 3093 658 3170; x_wconf 84' lang='lat' dir='ltr'><strong>semivocales</strong></span> <span class='ocrx_word' id='word_1_165' title='bbox 679 3092 725 3193; x_wconf 78' lang='lat' dir='ltr'><strong>(c)</strong></span> <span class='ocrx_word' id='word_1_166' title='bbox 735 3091 969 3166; x_wconf 87' lang='lat' dir='ltr'><strong>nominativus</strong></span> <span class='ocrx_word' id='word_1_167' title='bbox 988 3091 1097 3164; x_wconf 83' lang='lat' dir='ltr'><strong>suerit</strong></span> <span class='ocrx_word' id='word_1_168' title='bbox 1115 3091 1343 3184; x_wconf 85' lang='lat' dir='ltr'><strong>terminatus,</strong></span> 
     </span>
     <span class='ocr_line' id='line_1_23' title="bbox 336 3210 1344 3320; baseline -0.002 -29"><span class='ocrx_word' id='word_1_169' title='bbox 336 3246 425 3320; x_wconf 86' lang='lat' dir='ltr'><strong>quae</strong></span> <span class='ocrx_word' id='word_1_170' title='bbox 443 3232 525 3290; x_wconf 85' lang='lat' dir='ltr'><strong>sunt</strong></span> <span class='ocrx_word' id='word_1_171' title='bbox 538 3243 598 3289; x_wconf 83' lang='lat' dir='ltr'><strong>ns·</strong></span> <span class='ocrx_word' id='word_1_172' title='bbox 607 3230 642 3289; x_wconf 91' lang='lat' dir='ltr'><strong>et</strong></span> <span class='ocrx_word' id='word_1_173' title='bbox 650 3241 724 3309; x_wconf 86' lang='lat' dir='ltr'><strong>·rs·;</strong></span> <span class='ocrx_word' id='word_1_174' title='bbox 738 3228 773 3285; x_wconf 93' lang='lat' dir='ltr'><strong>et</strong></span> <span class='ocrx_word' id='word_1_175' title='bbox 791 3210 958 3286; x_wconf 81' lang='lat' dir='ltr'><strong>ablativus</strong></span> <span class='ocrx_word' id='word_1_176' title='bbox 973 3238 1074 3287; x_wconf 87' lang='lat' dir='ltr'><strong>casus</strong></span> <span class='ocrx_word' id='word_1_177' title='bbox 1093 3212 1344 3290; x_wconf 88' lang='lat' dir='ltr'><strong>in·e.desinue-</strong></span> 
     </span>
     <span class='ocr_line' id='line_1_24' title="bbox 336 3332 1345 3440; baseline -0.004 -28"><span class='ocrx_word' id='word_1_178' title='bbox 336 3339 384 3412; x_wconf 86' lang='lat' dir='ltr'><strong>rit</strong></span> <span class='ocrx_word' id='word_1_179' title='bbox 403 3338 452 3440; x_wconf 79' lang='lat' dir='ltr'><strong>(d)</strong></span> <span class='ocrx_word' id='word_1_180' title='bbox 470 3395 480 3427; x_wconf 90' lang='lat'>‚</span> <span class='ocrx_word' id='word_1_181' title='bbox 500 3354 542 3410; x_wconf 93' lang='lat' dir='ltr'><strong>ut</strong></span> <span class='ocrx_word' id='word_1_182' title='bbox 558 3363 660 3410; x_wconf 89' lang='lat' dir='ltr'><strong>mons</strong></span> <span class='ocrx_word' id='word_1_183' title='bbox 678 3393 688 3424; x_wconf 88' lang='lat'>,</span> <span class='ocrx_word' id='word_1_184' title='bbox 707 3361 764 3408; x_wconf 89' lang='lat' dir='ltr'><strong>ars</strong></span> <span class='ocrx_word' id='word_1_185' title='bbox 781 3388 792 3422; x_wconf 87' lang='lat'>‚</span> <span class='ocrx_word' id='word_1_186' title='bbox 812 3360 885 3406; x_wconf 87' lang='lat' dir='ltr'><strong>sors</strong></span> <span class='ocrx_word' id='word_1_187' title='bbox 903 3389 914 3422; x_wconf 83' lang='lat'><strong>‚</strong></span> <span class='ocrx_word' id='word_1_188' title='bbox 932 3359 1026 3406; x_wconf 86' lang='lat' dir='ltr'><strong>mors</strong></span> <span class='ocrx_word' id='word_1_189' title='bbox 1051 3390 1061 3422; x_wconf 90' lang='lat'>‚</span> <span class='ocrx_word' id='word_1_190' title='bbox 1080 3332 1236 3433; x_wconf 87' lang='lat' dir='ltr'><strong>prudens</strong></span> <span class='ocrx_word' id='word_1_191' title='bbox 1265 3392 1274 3425; x_wconf 89' lang='lat'>‚</span> <span class='ocrx_word' id='word_1_192' title='bbox 1295 3364 1345 3408; x_wconf 89' lang='lat' dir='ltr'><strong>sa·</strong></span> 
     </span>
     <span class='ocr_line' id='line_1_25' title="bbox 336 3453 1346 3561; baseline -0.004 -29"><span class='ocrx_word' id='word_1_193' title='bbox 336 3459 437 3561; x_wconf 88' lang='lat' dir='ltr'><strong>piens</strong></span> <span class='ocrx_word' id='word_1_194' title='bbox 452 3515 462 3548; x_wconf 93' lang='lat'>‚</span> <span class='ocrx_word' id='word_1_195' title='bbox 478 3457 624 3554; x_wconf 83' lang='lat' dir='ltr'><strong>ingens;</strong></span> <span class='ocrx_word' id='word_1_196' title='bbox 644 3471 680 3528; x_wconf 94' lang='lat' dir='ltr'><strong>et</strong></span> <span class='ocrx_word' id='word_1_197' title='bbox 698 3453 843 3527; x_wconf 89' lang='lat' dir='ltr'><strong>ablativo</strong></span> <span class='ocrx_word' id='word_1_198' title='bbox 862 3470 1004 3543; x_wconf 86' lang='lat' dir='ltr'><strong>monte,</strong></span> <span class='ocrx_word' id='word_1_199' title='bbox 1018 3471 1115 3545; x_wconf 85' lang='lat' dir='ltr'><strong>arte,</strong></span> <span class='ocrx_word' id='word_1_200' title='bbox 1130 3457 1242 3544; x_wconf 85' lang='lat' dir='ltr'><strong>sorte,</strong></span> <span class='ocrx_word' id='word_1_201' title='bbox 1257 3483 1346 3529; x_wconf 89' lang='lat' dir='ltr'><strong>mor-</strong></span> 
     </span>
     <span class='ocr_line' id='line_1_26' title="bbox 335 3572 1345 3681; baseline -0.002 -27"><span class='ocrx_word' id='word_1_202' title='bbox 335 3597 371 3653; x_wconf 87' lang='lat' dir='ltr'><strong>te</strong></span> <span class='ocrx_word' id='word_1_203' title='bbox 387 3636 397 3670; x_wconf 82' lang='grc'><em>,</em></span> <span class='ocrx_word' id='word_1_204' title='bbox 415 3577 617 3681; x_wconf 80' lang='lat' dir='ltr'><strong>prudente,</strong></span> <span class='ocrx_word' id='word_1_205' title='bbox 638 3574 792 3676; x_wconf 87' lang='lat' dir='ltr'><strong>sapiente</strong></span> <span class='ocrx_word' id='word_1_206' title='bbox 810 3630 820 3665; x_wconf 92' lang='lat'>‚</span> <span class='ocrx_word' id='word_1_207' title='bbox 838 3573 979 3671; x_wconf 90' lang='lat' dir='ltr'><strong>ingente</strong></span> <span class='ocrx_word' id='word_1_208' title='bbox 999 3635 1008 3650; x_wconf 90' lang='lat'><strong>.</strong></span> <span class='ocrx_word' id='word_1_209' title='bbox 1035 3572 1121 3648; x_wconf 88' lang='lat' dir='ltr'><strong>Non</strong></span> <span class='ocrx_word' id='word_1_210' title='bbox 1141 3603 1222 3674; x_wconf 86' lang='lat' dir='ltr'><strong>ergo</strong></span> <span class='ocrx_word' id='word_1_211' title='bbox 1242 3575 1345 3652; x_wconf 88' lang='lat' dir='ltr'><strong>debet</strong></span> 
     </span>
    </p>
   </div>
   <div class='ocr_carea' id='block_1_3' title="bbox 340 3782 1342 3939">
    <p class='ocr_par' dir='ltr' id='par_1_4' title="bbox 340 3782 1342 3939">
     <span class='ocr_line' id='line_1_27' title="bbox 422 3782 1342 3857; baseline -0.012 -18"><span class='ocrx_word' id='word_1_212' title='bbox 422 3793 461 3857; x_wconf 85' lang='grc' dir='ltr'><strong>(ι)</strong></span> <span class='ocrx_word' id='word_1_213' title='bbox 478 3796 535 3842; x_wconf 76' lang='lat' dir='ltr'><strong>cod·</strong></span> <span class='ocrx_word' id='word_1_214' title='bbox 549 3809 630 3839; x_wconf 75' lang='lat' dir='ltr'><strong>osore-</strong></span> <span class='ocrx_word' id='word_1_215' title='bbox 668 3790 709 3854; x_wconf 75' lang='lat' dir='ltr'><strong>(t)</strong></span> <span class='ocrx_word' id='word_1_216' title='bbox 726 3789 783 3839; x_wconf 63' lang='lat' dir='ltr'><strong>coll.</strong></span> <span class='ocrx_word' id='word_1_217' title='bbox 802 3796 833 3835; x_wconf 79' lang='lat' dir='ltr'><strong>ss&#39;t</strong></span> <span class='ocrx_word' id='word_1_218' title='bbox 848 3805 881 3835; x_wconf 74' lang='lat' dir='ltr'><strong>as</strong></span> <span class='ocrx_word' id='word_1_219' title='bbox 895 3788 952 3832; x_wconf 73' lang='lat' dir='ltr'><strong>slir-</strong></span> <span class='ocrx_word' id='word_1_220' title='bbox 996 3782 1035 3851; x_wconf 86' lang='lat' dir='ltr'><strong>(c)</strong></span> <span class='ocrx_word' id='word_1_221' title='bbox 1052 3789 1107 3835; x_wconf 85' lang='lat' dir='ltr'><strong>Cod·</strong></span> <span class='ocrx_word' id='word_1_222' title='bbox 1127 3790 1342 3836; x_wconf 65' lang='lat' dir='ltr'><strong>voestensasso.</strong></span> 
     </span>
     <span class='ocr_line' id='line_1_28' title="bbox 340 3869 678 3939; baseline -0.015 -21"><span class='ocrx_word' id='word_1_223' title='bbox 340 3881 475 3922; x_wconf 69' lang='lat' dir='ltr'><strong>uiuum·</strong></span> <span class='ocrx_word' id='word_1_224' title='bbox 507 3873 550 3939; x_wconf 76' lang='lat' dir='ltr'><strong>(tl)</strong></span> <span class='ocrx_word' id='word_1_225' title='bbox 567 3877 605 3918; x_wconf 82' lang='lat' dir='ltr'><strong>lta</strong></span> <span class='ocrx_word' id='word_1_226' title='bbox 627 3869 678 3915; x_wconf 76' lang='lat' dir='ltr'><strong>eud.</strong></span> 
     </span>
    </p>
   </div>
   <div class='ocr_carea' id='block_1_4' title="bbox 415 4039 1193 4126">
    <p class='ocr_par' dir='ltr' id='par_1_5' title="bbox 415 4039 1193 4126">
     <span class='ocr_line' id='line_1_29' title="bbox 415 4039 1193 4126; baseline -0.024 -19"><span class='ocrx_word' id='word_1_227' title='bbox 415 4052 458 4126; x_wconf 83' lang='lat' dir='ltr'><strong>(s)</strong></span> <span class='ocrx_word' id='word_1_228' title='bbox 477 4051 591 4123; x_wconf 78' lang='lat' dir='ltr'><strong>Ergum</strong></span> <span class='ocrx_word' id='word_1_229' title='bbox 612 4061 763 4116; x_wconf 74' lang='lat' dir='ltr'><strong>procursus</strong></span> <span class='ocrx_word' id='word_1_230' title='bbox 784 4039 895 4096; x_wconf 85' lang='lat' dir='ltr'><strong>recurrit</strong></span> <span class='ocrx_word' id='word_1_231' title='bbox 914 4039 942 4094; x_wconf 87' lang='lat' dir='ltr'><strong>in</strong></span> <span class='ocrx_word' id='word_1_232' title='bbox 959 4039 1070 4112; x_wconf 82' lang='lat' dir='ltr'><strong>epistola</strong></span> <span class='ocrx_word' id='word_1_233' title='bbox 1089 4040 1193 4111; x_wconf 81' lang='lat' dir='ltr'><strong>quinta.</strong></span> 
     </span>
    </p>
   </div>
   <div class='ocr_carea' id='block_1_5' title="bbox 0 0 1711 5206">
    <p class='ocr_par' dir='ltr' id='par_1_6' title="bbox 0 0 1711 5206">
     <span class='ocr_line' id='line_1_30' title="bbox 0 0 1711 5206; baseline 0 0"><span class='ocrx_word' id='word_1_234' title='bbox 0 0 1711 5206; x_wconf 95' lang='lat' dir='ltr'><strong> </strong></span> 
     </span>
    </p>
   </div>
  </div>
 </body>
</html>
