3382 5206
340 503 410 592 4οὸ
656 528 837 577 usurarum
864 531 992 578 raucis

319 628 439 697 Aiebat
461 637 610 718 carnatis,
630 633 685 699 hic
706 637 757 700 sir
773 637 854 701 mihi
878 637 973 704 valde
990 635 1094 703 iidelis
1143 638 1147 644 ’

320 737 402 819 Est,
428 755 460 803 et
487 742 691 807 Francorum
722 742 866 832 deposcit
888 768 1041 834 prospera
1064 744 1182 835 regnis.

321 842 380 906 dat
408 867 520 909 rumor
547 845 700 936 frequens
727 850 797 939 regi
823 849 1000 930 firmabat,
1027 868 1058 918 et
1080 851 1184 917 omnis

321 948 514 1017 Conclamat
542 952 662 1038 tellas,
689 980 755 1021 non
781 974 831 1021 cst
852 956 917 1022 dur
942 954 998 1024 ille
1023 956 1140 1022 iidelis.

320 1057 464 1124 vocibus
487 1059 538 1125 his
561 1060 692 1126 tandem
715 1080 818 1128 motus
836 1063 1025 1130 iustissimus
1047 1064 1142 1131 heros

320 1162 461 1252 Agmina
487 1168 681 1258 eorriungit,
709 1167 907 1259 classemque
933 1171 967 1233 io
993 1171 1138 1263 margine
1159 1169 1255 1257 ponit
1346 1256 1351 1264 Ι

320 1269 424 1335 Rheni
443 1321 454 1355 ,
474 1273 531 1362 qui
560 1274 655 1366 gallis
675 1273 795 1340 scindit
812 1276 996 1365 germanica
1012 1280 1056 1356 (a)
1078 1276 1184 1341 terris·

323 1371 429 1436 Felici
456 1398 550 1439 cursu
576 1373 701 1440 dictum
729 1376 951 1464 transnavigat
971 1399 1125 1456 amnem,

323 1479 517 1572 inclytaque
538 1481 718 1548 innumeris
748 1482 881 1545 tremuit
906 1481 1083 1547 Germania
1107 1482 1235 1545 tantais.

325 1585 371 1653 At
397 1610 451 1651 rex
478 1589 682 1653 Francorum
708 1588 843 1674 stipatus
872 1585 1004 1652 milibus
1024 1587 1096 1652 altis

325 1693 486 1758 Maximus
504 1708 536 1756 et
555 1691 666 1777 patriis
694 1689 815 1757 exultat
839 1693 942 1758 victor
962 1694 996 1756 iu
1019 1693 1145 1770 armis,

325 1798 516 1888 Alloquitur
543 1821 689 1885 proceres
711 1795 820 1879 lidos,
841 1821 878 1861 ac
904 1796 1023 1862 talibus
1043 1797 1175 1886 iuquit:

325 1906 356 1967 t)
385 1926 464 1995 gens
488 1901 603 1992 regalis
631 1902 778 1989 proiecta
800 1926 818 1966 a
843 1903 1014 1968 moenibus
1034 1901 1106 1968 altis

327 2012 475 2093 'l'ruiae‚
502 2033 578 2075 nam
605 2026 711 2096 patres
734 2027 856 2075 nostros
883 2006 934 2073 his
960 2006 1086 2096 appulit
1114 2009 1180 2074 oris
1202 2015 1276 2090 (ι),

327 2114 482 2183 Tradidit
504 2134 605 2204 atquc
631 2114 695 2181 illis
714 2114 771 2178 hos
796 2139 888 2203 agros
912 2114 1037 2178 arbiter
1058 2114 1178 2192 orbis,

327 2220 485 2289 subdidit
513 2239 544 2286 et
567 2220 700 2308 populus
727 2224 931 2317 Francorum
952 2219 1075 2310 legibus
1097 2220 1234 2310 aequis,

326 2330 555 2416 Perpetuoque
583 2326 646 2391 illis
673 2328 777 2392 sanxit
804 2325 961 2392 formator
988 2327 1030 2390 ab
1058 2328 1150 2392 astris

332 2436 396 2500 llos
421 2431 502 2497 fines
522 2430 672 2519 amplos,
697 2431 869 2520 capiendas
897 2431 1040 2498 funditus
1063 2432 1158 2498 urbis

328 2538 475 2606 Ancillas
498 2561 606 2604 seruos
628 2535 798 2605 famulatus
819 2537 963 2603 reddidit
988 2561 1112 2605 omnes.

230 2692 233 2697 >
331 2645 374 2713 :lt
398 2669 505 2735 nuper
527 2643 766 2710 nostrislrostis
790 2646 982 2711 surrentin
1008 2645 1103 2711 arvis.

331 2748 463 2815 luridus
491 2749 578 2814 laurac
603 2771 733 2837 serpeus
756 2748 897 2814 fortassis
924 2747 1059 2814 vulnere
1084 2772 1181 2814 saevo

694 2960 815 3025 destant
842 2958 959 3026 mttlto.

332 3062 497 3130 Armillas‘
515 3061 632 3154 grandi
651 3085 854 3154 gemmarum
877 3060 1024 3149 poudare
1043 3076 1075 3127 et
1099 3061 1198 3143 auri,

332 3171 479 3238 Oilertur
500 3172 625 3258 sonipes
644 3169 714 3232 auri
743 3167 804 3232 sub
829 3167 972 3257 tegmine
996 3164 1130 3254 fulgens.

334 3278 392 3342 His
416 3299 499 3363 puer
526 3300 563 3341 ex
584 3272 676 3339 donis
701 3271 825 3339 domini
845 3270 969 3336 ditatur
989 3272 1132 3359 opimis,

335 3381 389 3447 Ad
409 3406 507 3471 quern
527 3380 610 3446 haec
624 3405 679 3445 rex
696 3377 832 3467 placidis
848 3376 1046 3465 deprompsit
1062 3375 1147 3441 dicta
1166 3373 1338 3465 loquellis.

333 3489 468 3577 Suscipe
494 3489 643 3576 perpetui
670 3485 809 3552 servitiis
831 3486 967 3573 pignora
993 3485 1106 3549 nostri.

419 3671 457 3735 (a)
474 3674 528 3721 Cud·
550 3674 689 3719 Germania.

420 3832 466 3903 (a)
487 3834 524 3884 De
542 3832 644 3898 origiue
669 3832 789 3886 troiana.
808 3846 888 3898 quana
907 3827 1001 3880 Franci
1022 3825 1179 3881 iactabant,
1197 3825 1293 3893 legesis
1312 3845 1371 3895 ges·

331 3931 357 3971 ta
371 3919 531 3972 Francorum
552 3918 622 3990 apud
644 3918 821 3986 Bouquetium
841 3934 891 3968 rer.
914 3915 1001 3982 gallic,
1020 3912 1140 3982 scriptur.
1152 3913 1187 3964 Τ,
1202 3914 1234 3964 ΙΙ.
1249 3910 1347 3982 p5ia.
