<?xml version="1.0" encoding="UTF-8"?>
<!DOCTYPE html PUBLIC "-//W3C//DTD XHTML 1.0 Transitional//EN"
    "http://www.w3.org/TR/xhtml1/DTD/xhtml1-transitional.dtd">
<html xmlns="http://www.w3.org/1999/xhtml" xml:lang="en" lang="en">
 <head>
  <title>
</title>
<meta http-equiv="Content-Type" content="text/html;charset=utf-8" />
  <meta name='ocr-system' content='tesseract 3.04.00' />
  <meta name='ocr-capabilities' content='ocr_page ocr_carea ocr_par ocr_line ocrx_word'/>
</head>
<body>
  <div class='ocr_page' id='page_1' title='image "./classicorumauct00vatigoog_0653.png"; bbox 0 0 3382 5206; ppageno 0'>
   <div class='ocr_carea' id='block_1_1' title="bbox 653 563 1320 654">
    <p class='ocr_par' dir='ltr' id='par_1_1' title="bbox 653 563 1320 654">
     <span class='ocr_line' id='line_1_1' title="bbox 653 563 1320 654; baseline -0.001 -24"><span class='ocrx_word' id='word_1_1' title='bbox 653 563 715 654; x_wconf 78' lang='lat'><strong>59²</strong></span> <span class='ocrx_word' id='word_1_2' title='bbox 954 583 981 629; x_wconf 89' lang='lat' dir='ltr'><strong>s.</strong></span> <span class='ocrx_word' id='word_1_3' title='bbox 1005 577 1184 629; x_wconf 74' lang='lat' dir='ltr'><strong>sconsum</strong></span> <span class='ocrx_word' id='word_1_4' title='bbox 1208 579 1253 627; x_wconf 84' lang='lat' dir='ltr'><strong>nn</strong></span> <span class='ocrx_word' id='word_1_5' title='bbox 1277 581 1320 629; x_wconf 81' lang='lat' dir='ltr'><strong>ns</strong></span> 
     </span>
    </p>
   </div>
   <div class='ocr_carea' id='block_1_2' title="bbox 610 681 1678 4160">
    <p class='ocr_par' dir='ltr' id='par_1_2' title="bbox 617 681 1678 2675">
     <span class='ocr_line' id='line_1_2' title="bbox 623 681 1676 773; baseline -0.001 -24"><span class='ocrx_word' id='word_1_6' title='bbox 623 700 731 773; x_wconf 88' lang='lat' dir='ltr'><strong>partes</strong></span> <span class='ocrx_word' id='word_1_7' title='bbox 760 681 968 771; x_wconf 71' lang='lat' dir='ltr'><strong>corrumpit,</strong></span> <span class='ocrx_word' id='word_1_8' title='bbox 997 699 1031 749; x_wconf 91' lang='lat' dir='ltr'><strong>et</strong></span> <span class='ocrx_word' id='word_1_9' title='bbox 1054 682 1121 771; x_wconf 90' lang='lat' dir='ltr'><strong>ipsa</strong></span> <span class='ocrx_word' id='word_1_10' title='bbox 1153 681 1393 759; x_wconf 81' lang='lat' dir='ltr'><strong>detrimentum</strong></span> <span class='ocrx_word' id='word_1_11' title='bbox 1416 703 1492 748; x_wconf 93' lang='lat' dir='ltr'><strong>non</strong></span> <span class='ocrx_word' id='word_1_12' title='bbox 1522 683 1676 770; x_wconf 85' lang='lat' dir='ltr'><strong>patitur,</strong></span> 
     </span>
     <span class='ocr_line' id='line_1_3' title="bbox 626 787 1678 880; baseline 0.001 -27"><span class='ocrx_word' id='word_1_13' title='bbox 626 804 662 855; x_wconf 83' lang='lat' dir='ltr'><strong>ut</strong></span> <span class='ocrx_word' id='word_1_14' title='bbox 687 788 766 858; x_wconf 87' lang='lat' dir='ltr'><strong>salio</strong></span> <span class='ocrx_word' id='word_1_15' title='bbox 792 788 909 858; x_wconf 80' lang='lat' dir='ltr'><strong>resilio.</strong></span> <span class='ocrx_word' id='word_1_16' title='bbox 935 789 1080 879; x_wconf 76' lang='lat' dir='ltr'>Prosper</span> <span class='ocrx_word' id='word_1_17' title='bbox 1100 789 1135 855; x_wconf 90' lang='lat' dir='ltr'><strong>in</strong></span> <span class='ocrx_word' id='word_1_18' title='bbox 1160 787 1453 880; x_wconf 77' lang='lat' dir='ltr'><strong>epigrammatibus</strong></span> <span class='ocrx_word' id='word_1_19' title='bbox 1470 788 1564 852; x_wconf 90' lang='lat' dir='ltr'><strong>-si</strong></span> <span class='ocrx_word' id='word_1_20' title='bbox 1592 790 1678 854; x_wconf 87' lang='lat' dir='ltr'><strong>resi-</strong></span> 
     </span>
     <span class='ocr_line' id='line_1_4' title="bbox 628 890 1678 985; baseline 0.006 -28"><span class='ocrx_word' id='word_1_21' title='bbox 628 890 689 977; x_wconf 83' lang='lat' dir='ltr'><strong>lit,</strong></span> <span class='ocrx_word' id='word_1_22' title='bbox 712 894 835 960; x_wconf 85' lang='lat' dir='ltr'><strong>misero</strong></span> <span class='ocrx_word' id='word_1_23' title='bbox 861 892 959 985; x_wconf 83' lang='lat' dir='ltr'><strong>deget</strong></span> <span class='ocrx_word' id='word_1_24' title='bbox 986 894 1021 958; x_wconf 89' lang='lat' dir='ltr'><strong>in</strong></span> <span class='ocrx_word' id='word_1_25' title='bbox 1046 891 1142 961; x_wconf 82' lang='lat' dir='ltr'><strong>exilio</strong></span> <span class='ocrx_word' id='word_1_26' title='bbox 1160 928 1185 959; x_wconf 89' lang='lat'><strong>·.</strong></span> <span class='ocrx_word' id='word_1_27' title='bbox 1203 893 1306 983; x_wconf 89' lang='lat' dir='ltr'><strong>Capio</strong></span> <span class='ocrx_word' id='word_1_28' title='bbox 1328 893 1454 981; x_wconf 83' lang='lat' dir='ltr'><strong>recipio</strong></span> <span class='ocrx_word' id='word_1_29' title='bbox 1487 897 1604 983; x_wconf 87' lang='lat' dir='ltr'><strong>captio</strong></span> <span class='ocrx_word' id='word_1_30' title='bbox 1630 921 1678 963; x_wconf 80' lang='lat' dir='ltr'><strong>re</strong></span> 
     </span>
     <span class='ocr_line' id='line_1_5' title="bbox 626 985 1678 1089; baseline 0.003 -23"><span class='ocrx_word' id='word_1_31' title='bbox 626 985 732 1088; x_wconf 80' lang='lat' dir='ltr'><strong>ceptio</strong></span> <span class='ocrx_word' id='word_1_32' title='bbox 763 1015 878 1088; x_wconf 89' lang='lat' dir='ltr'><strong>captus</strong></span> <span class='ocrx_word' id='word_1_33' title='bbox 903 1015 1080 1089; x_wconf 82' lang='lat' dir='ltr'><strong>receptus,</strong></span> <span class='ocrx_word' id='word_1_34' title='bbox 1107 999 1198 1089; x_wconf 81' lang='lat' dir='ltr'><strong>sapio</strong></span> <span class='ocrx_word' id='word_1_35' title='bbox 1222 1000 1343 1089; x_wconf 87' lang='lat' dir='ltr'><strong>resipio</strong></span> <span class='ocrx_word' id='word_1_36' title='bbox 1367 1000 1562 1088; x_wconf 88' lang='lat' dir='ltr'><strong>resipisco,</strong></span> <span class='ocrx_word' id='word_1_37' title='bbox 1589 1001 1678 1070; x_wconf 75' lang='lat' dir='ltr'><strong>facio</strong></span> 
     </span>
     <span class='ocr_line' id='line_1_6' title="bbox 627 1103 1678 1200; baseline 0.006 -33"><span class='ocrx_word' id='word_1_38' title='bbox 627 1104 764 1172; x_wconf 86' lang='lat' dir='ltr'><strong>reficio,</strong></span> <span class='ocrx_word' id='word_1_39' title='bbox 792 1103 895 1171; x_wconf 82' lang='lat' dir='ltr'><strong>sactus</strong></span> <span class='ocrx_word' id='word_1_40' title='bbox 923 1103 1081 1188; x_wconf 85' lang='lat' dir='ltr'><strong>refectus,</strong></span> <span class='ocrx_word' id='word_1_41' title='bbox 1104 1127 1185 1173; x_wconf 85' lang='lat' dir='ltr'><strong>cano</strong></span> <span class='ocrx_word' id='word_1_42' title='bbox 1212 1106 1349 1172; x_wconf 90' lang='lat' dir='ltr'><strong>recino,</strong></span> <span class='ocrx_word' id='word_1_43' title='bbox 1377 1103 1520 1194; x_wconf 88' lang='lat' dir='ltr'><strong>gradior</strong></span> <span class='ocrx_word' id='word_1_44' title='bbox 1555 1132 1678 1200; x_wconf 76' lang='lat' dir='ltr'><strong>regre-</strong></span> 
     </span>
     <span class='ocr_line' id='line_1_7' title="bbox 626 1209 1674 1300; baseline 0.003 -26"><span class='ocrx_word' id='word_1_45' title='bbox 626 1209 718 1277; x_wconf 90' lang='lat' dir='ltr'><strong>dior,</strong></span> <span class='ocrx_word' id='word_1_46' title='bbox 746 1226 851 1276; x_wconf 87' lang='lat' dir='ltr'><strong>statuo</strong></span> <span class='ocrx_word' id='word_1_47' title='bbox 877 1209 1034 1276; x_wconf 75' lang='lat' dir='ltr'><strong>restituo,</strong></span> <span class='ocrx_word' id='word_1_48' title='bbox 1065 1223 1202 1275; x_wconf 87' lang='lat' dir='ltr'><strong>statutus</strong></span> <span class='ocrx_word' id='word_1_49' title='bbox 1230 1210 1419 1293; x_wconf 86' lang='lat' dir='ltr'><strong>restitutus,</strong></span> <span class='ocrx_word' id='word_1_50' title='bbox 1445 1234 1579 1300; x_wconf 85' lang='lat' dir='ltr'><strong>quaero</strong></span> <span class='ocrx_word' id='word_1_51' title='bbox 1615 1237 1674 1277; x_wconf 89' lang='lat' dir='ltr'><strong>re-</strong></span> 
     </span>
     <span class='ocr_line' id='line_1_8' title="bbox 628 1317 1673 1407; baseline 0.003 -26"><span class='ocrx_word' id='word_1_52' title='bbox 628 1318 749 1407; x_wconf 86' lang='lat' dir='ltr'><strong>quiro,</strong></span> <span class='ocrx_word' id='word_1_53' title='bbox 777 1331 870 1382; x_wconf 91' lang='lat' dir='ltr'><strong>teneo</strong></span> <span class='ocrx_word' id='word_1_54' title='bbox 893 1317 1042 1383; x_wconf 87' lang='lat' dir='ltr'><strong>retineo,</strong></span> <span class='ocrx_word' id='word_1_55' title='bbox 1067 1331 1156 1382; x_wconf 87' lang='lat' dir='ltr'><strong>taceo</strong></span> <span class='ocrx_word' id='word_1_56' title='bbox 1183 1317 1320 1382; x_wconf 86' lang='lat' dir='ltr'><strong>reticeo,</strong></span> <span class='ocrx_word' id='word_1_57' title='bbox 1350 1339 1469 1404; x_wconf 91' lang='lat' dir='ltr'><strong>premo</strong></span> <span class='ocrx_word' id='word_1_58' title='bbox 1495 1320 1673 1406; x_wconf 83' lang='lat' dir='ltr'><strong>reprimo,</strong></span> 
     </span>
     <span class='ocr_line' id='line_1_9' title="bbox 626 1419 1675 1514; baseline 0.001 -25"><span class='ocrx_word' id='word_1_59' title='bbox 626 1445 744 1514; x_wconf 85' lang='lat' dir='ltr'><strong>spargo</strong></span> <span class='ocrx_word' id='word_1_60' title='bbox 772 1443 936 1512; x_wconf 75' lang='lat' dir='ltr'><strong>respargo.</strong></span> <span class='ocrx_word' id='word_1_61' title='bbox 960 1419 1029 1488; x_wconf 81' lang='lat' dir='ltr'><strong>Aut</strong></span> <span class='ocrx_word' id='word_1_62' title='bbox 1050 1421 1166 1489; x_wconf 84' lang='lat' dir='ltr'><strong>eadem</strong></span> <span class='ocrx_word' id='word_1_63' title='bbox 1187 1446 1245 1488; x_wconf 88' lang='lat' dir='ltr'><strong>·re·</strong></span> <span class='ocrx_word' id='word_1_64' title='bbox 1260 1424 1458 1511; x_wconf 81' lang='lat' dir='ltr'><strong>praepositio</strong></span> <span class='ocrx_word' id='word_1_65' title='bbox 1475 1426 1503 1492; x_wconf 90' lang='lat' dir='ltr'><strong>si</strong></span> <span class='ocrx_word' id='word_1_66' title='bbox 1529 1424 1573 1491; x_wconf 90' lang='lat' dir='ltr'><strong>ad</strong></span> <span class='ocrx_word' id='word_1_67' title='bbox 1597 1450 1675 1492; x_wconf 86' lang='lat' dir='ltr'><strong>ver-</strong></span> 
     </span>
     <span class='ocr_line' id='line_1_10' title="bbox 624 1524 1669 1615; baseline 0.001 -22"><span class='ocrx_word' id='word_1_68' title='bbox 624 1529 668 1593; x_wconf 90' lang='lat' dir='ltr'><strong>ba</strong></span> <span class='ocrx_word' id='word_1_69' title='bbox 690 1552 708 1592; x_wconf 88' lang='lat' dir='ltr'><strong>a</strong></span> <span class='ocrx_word' id='word_1_70' title='bbox 729 1525 897 1594; x_wconf 82' lang='lat' dir='ltr'><strong>vocalibus</strong></span> <span class='ocrx_word' id='word_1_71' title='bbox 922 1526 1113 1615; x_wconf 87' lang='lat' dir='ltr'><strong>incipientia</strong></span> <span class='ocrx_word' id='word_1_72' title='bbox 1136 1527 1330 1593; x_wconf 87' lang='lat' dir='ltr'><strong>accesserit,</strong></span> <span class='ocrx_word' id='word_1_73' title='bbox 1350 1524 1393 1590; x_wconf 87' lang='lat' dir='ltr'><strong>·d·</strong></span> <span class='ocrx_word' id='word_1_74' title='bbox 1418 1524 1570 1593; x_wconf 87' lang='lat' dir='ltr'><strong>litteram</strong></span> <span class='ocrx_word' id='word_1_75' title='bbox 1596 1552 1669 1594; x_wconf 73' lang='lat' dir='ltr'><strong>cre</strong></span> 
     </span>
     <span class='ocr_line' id='line_1_11' title="bbox 625 1631 1668 1721; baseline -0.003 -21"><span class='ocrx_word' id='word_1_76' title='bbox 625 1634 688 1700; x_wconf 90' lang='lat' dir='ltr'><strong>bro</strong></span> <span class='ocrx_word' id='word_1_77' title='bbox 716 1631 925 1700; x_wconf 88' lang='lat' dir='ltr'><strong>adsumit,.ut</strong></span> <span class='ocrx_word' id='word_1_78' title='bbox 946 1655 1039 1699; x_wconf 91' lang='lat' dir='ltr'><strong>emo,</strong></span> <span class='ocrx_word' id='word_1_79' title='bbox 1060 1632 1205 1701; x_wconf 88' lang='lat' dir='ltr'><strong>redimo,</strong></span> <span class='ocrx_word' id='word_1_80' title='bbox 1225 1632 1345 1721; x_wconf 87' lang='lat' dir='ltr'><strong>emptio</strong></span> <span class='ocrx_word' id='word_1_81' title='bbox 1365 1632 1572 1721; x_wconf 63' lang='lat' dir='ltr'><strong>redemptio,</strong></span> <span class='ocrx_word' id='word_1_82' title='bbox 1592 1658 1668 1698; x_wconf 93' lang='lat' dir='ltr'><strong>em-</strong></span> 
     </span>
     <span class='ocr_line' id='line_1_12' title="bbox 624 1736 1663 1828; baseline 0 -25"><span class='ocrx_word' id='word_1_83' title='bbox 624 1754 699 1827; x_wconf 89' lang='lat' dir='ltr'><strong>ptus</strong></span> <span class='ocrx_word' id='word_1_84' title='bbox 723 1737 933 1826; x_wconf 90' lang='lat' dir='ltr'><strong>redemptus,</strong></span> <span class='ocrx_word' id='word_1_85' title='bbox 960 1759 1062 1827; x_wconf 86' lang='lat' dir='ltr'><strong>arguo</strong></span> <span class='ocrx_word' id='word_1_86' title='bbox 1091 1738 1281 1827; x_wconf 84' lang='lat' dir='ltr'><strong>redarguo,</strong></span> <span class='ocrx_word' id='word_1_87' title='bbox 1308 1759 1367 1826; x_wconf 87' lang='lat' dir='ltr'><strong>ago</strong></span> <span class='ocrx_word' id='word_1_88' title='bbox 1393 1736 1538 1828; x_wconf 89' lang='lat' dir='ltr'><strong>redigo,</strong></span> <span class='ocrx_word' id='word_1_89' title='bbox 1567 1754 1663 1803; x_wconf 84' lang='lat' dir='ltr'><strong>actus</strong></span> 
     </span>
     <span class='ocr_line' id='line_1_13' title="bbox 623 1840 1663 1920; baseline 0 -12"><span class='ocrx_word' id='word_1_90' title='bbox 623 1844 795 1911; x_wconf 88' lang='lat' dir='ltr'><strong>redactus,</strong></span> <span class='ocrx_word' id='word_1_91' title='bbox 823 1840 911 1908; x_wconf 87' lang='lat' dir='ltr'><strong>undo</strong></span> <span class='ocrx_word' id='word_1_92' title='bbox 939 1840 1116 1920; x_wconf 68' lang='lat' dir='ltr'><strong>redundot</strong></span> <span class='ocrx_word' id='word_1_93' title='bbox 1140 1859 1229 1907; x_wconf 88' lang='lat' dir='ltr'><strong>ut—</strong></span> <span class='ocrx_word' id='word_1_94' title='bbox 1243 1843 1351 1908; x_wconf 92' lang='lat' dir='ltr'><strong>omnia</strong></span> <span class='ocrx_word' id='word_1_95' title='bbox 1369 1843 1512 1910; x_wconf 86' lang='lat' dir='ltr'><strong>flumina</strong></span> <span class='ocrx_word' id='word_1_96' title='bbox 1539 1861 1663 1910; x_wconf 82' lang='lat' dir='ltr'><strong>exeunt</strong></span> 
     </span>
     <span class='ocr_line' id='line_1_14' title="bbox 621 1947 1662 2019; baseline 0.004 -4"><span class='ocrx_word' id='word_1_97' title='bbox 621 1953 656 2015; x_wconf 90' lang='lat' dir='ltr'><strong>in</strong></span> <span class='ocrx_word' id='word_1_98' title='bbox 677 1973 790 2017; x_wconf 90' lang='lat' dir='ltr'><strong>mare,</strong></span> <span class='ocrx_word' id='word_1_99' title='bbox 817 1964 849 2014; x_wconf 89' lang='lat' dir='ltr'><strong>et</strong></span> <span class='ocrx_word' id='word_1_100' title='bbox 865 1970 955 2012; x_wconf 88' lang='lat' dir='ltr'><strong>mare</strong></span> <span class='ocrx_word' id='word_1_101' title='bbox 976 1971 1042 2014; x_wconf 87' lang='lat' dir='ltr'><strong>non</strong></span> <span class='ocrx_word' id='word_1_102' title='bbox 1066 1947 1233 2014; x_wconf 88' lang='lat' dir='ltr'><strong>redundat</strong></span> <span class='ocrx_word' id='word_1_103' title='bbox 1245 1983 1301 2012; x_wconf 90' lang='lat'><strong>-.</strong></span> <span class='ocrx_word' id='word_1_104' title='bbox 1311 1949 1360 2013; x_wconf 87' lang='lat' dir='ltr'><strong>Eo</strong></span> <span class='ocrx_word' id='word_1_105' title='bbox 1386 1947 1488 2015; x_wconf 87' lang='lat' dir='ltr'><strong>redeo</strong></span> <span class='ocrx_word' id='word_1_106' title='bbox 1509 1948 1662 2019; x_wconf 87' lang='lat' dir='ltr'><strong>reditus,</strong></span> 
     </span>
     <span class='ocr_line' id='line_1_15' title="bbox 624 2050 1663 2144; baseline 0.002 -26"><span class='ocrx_word' id='word_1_107' title='bbox 624 2071 734 2122; x_wconf 88' lang='lat' dir='ltr'><strong>euntes</strong></span> <span class='ocrx_word' id='word_1_108' title='bbox 761 2050 960 2120; x_wconf 86' lang='lat' dir='ltr'><strong>redeuntes,</strong></span> <span class='ocrx_word' id='word_1_109' title='bbox 983 2053 1091 2118; x_wconf 89' lang='lat' dir='ltr'><strong>iturus</strong></span> <span class='ocrx_word' id='word_1_110' title='bbox 1119 2050 1309 2119; x_wconf 86' lang='lat' dir='ltr'><strong>rediturus,</strong></span> <span class='ocrx_word' id='word_1_111' title='bbox 1336 2051 1555 2144; x_wconf 87' lang='lat' dir='ltr'><strong>redintegro,</strong></span> <span class='ocrx_word' id='word_1_112' title='bbox 1581 2055 1663 2121; x_wconf 89' lang='lat' dir='ltr'><strong>red-</strong></span> 
     </span>
     <span class='ocr_line' id='line_1_16' title="bbox 623 2157 1661 2229; baseline 0.001 -3"><span class='ocrx_word' id='word_1_113' title='bbox 623 2160 725 2229; x_wconf 86' lang='lat' dir='ltr'><strong>hibeo</strong></span> <span class='ocrx_word' id='word_1_114' title='bbox 759 2160 969 2229; x_wconf 73' lang='lat' dir='ltr'><strong>redhibitio,</strong></span> <span class='ocrx_word' id='word_1_115' title='bbox 1006 2158 1078 2228; x_wconf 86' lang='lat' dir='ltr'><strong>oleo</strong></span> <span class='ocrx_word' id='word_1_116' title='bbox 1108 2158 1267 2228; x_wconf 85' lang='lat' dir='ltr'><strong>redoleo,</strong></span> <span class='ocrx_word' id='word_1_117' title='bbox 1292 2157 1381 2226; x_wconf 90' lang='lat' dir='ltr'><strong>olere</strong></span> <span class='ocrx_word' id='word_1_118' title='bbox 1417 2160 1574 2228; x_wconf 89' lang='lat' dir='ltr'><strong>redolere</strong></span> <span class='ocrx_word' id='word_1_119' title='bbox 1602 2188 1661 2227; x_wconf 90' lang='lat' dir='ltr'><strong>re-</strong></span> 
     </span>
     <span class='ocr_line' id='line_1_17' title="bbox 623 2263 1662 2358; baseline 0.005 -28"><span class='ocrx_word' id='word_1_120' title='bbox 623 2266 782 2335; x_wconf 85' lang='lat' dir='ltr'><strong>dolentes.</strong></span> <span class='ocrx_word' id='word_1_121' title='bbox 808 2265 974 2358; x_wconf 84' lang='lat' dir='ltr'><strong>Vergilius</strong></span> <span class='ocrx_word' id='word_1_122' title='bbox 994 2282 1088 2332; x_wconf 88' lang='lat' dir='ltr'><strong>-ct</strong></span> <span class='ocrx_word' id='word_1_123' title='bbox 1116 2264 1237 2332; x_wconf 90' lang='lat' dir='ltr'><strong>olentia</strong></span> <span class='ocrx_word' id='word_1_124' title='bbox 1262 2263 1356 2332; x_wconf 88' lang='lat' dir='ltr'><strong>Medi</strong></span> <span class='ocrx_word' id='word_1_125' title='bbox 1384 2289 1443 2332; x_wconf 88' lang='lat' dir='ltr'><strong>ora</strong></span> <span class='ocrx_word' id='word_1_126' title='bbox 1471 2267 1586 2337; x_wconf 88' lang='lat' dir='ltr'><strong>fovent</strong></span> <span class='ocrx_word' id='word_1_127' title='bbox 1614 2269 1662 2335; x_wconf 93' lang='lat' dir='ltr'><strong>il-</strong></span> 
     </span>
     <span class='ocr_line' id='line_1_18' title="bbox 622 2370 1659 2462; baseline 0.005 -23"><span class='ocrx_word' id='word_1_128' title='bbox 622 2373 771 2442; x_wconf 86' lang='lat' dir='ltr'><strong>lo-.si</strong></span> <span class='ocrx_word' id='word_1_129' title='bbox 797 2395 874 2439; x_wconf 91' lang='lat' dir='ltr'><strong>vero</strong></span> <span class='ocrx_word' id='word_1_130' title='bbox 900 2396 918 2436; x_wconf 92' lang='lat' dir='ltr'><strong>a</strong></span> <span class='ocrx_word' id='word_1_131' title='bbox 947 2370 1112 2462; x_wconf 86' lang='lat' dir='ltr'><strong>digamma</strong></span> <span class='ocrx_word' id='word_1_132' title='bbox 1141 2373 1243 2441; x_wconf 88' lang='lat' dir='ltr'><strong>verba</strong></span> <span class='ocrx_word' id='word_1_133' title='bbox 1277 2373 1456 2462; x_wconf 89' lang='lat' dir='ltr'><strong>incipient,</strong></span> <span class='ocrx_word' id='word_1_134' title='bbox 1485 2375 1523 2440; x_wconf 91' lang='lat' dir='ltr'><strong>id</strong></span> <span class='ocrx_word' id='word_1_135' title='bbox 1544 2396 1594 2443; x_wconf 85' lang='lat' dir='ltr'><strong>est</strong></span> <span class='ocrx_word' id='word_1_136' title='bbox 1614 2405 1659 2444; x_wconf 92' lang='lat' dir='ltr'><strong>·u·</strong></span> 
     </span>
     <span class='ocr_line' id='line_1_19' title="bbox 617 2476 1659 2574; baseline 0.005 -30"><span class='ocrx_word' id='word_1_137' title='bbox 617 2479 689 2547; x_wconf 90' lang='lat' dir='ltr'><strong>loco</strong></span> <span class='ocrx_word' id='word_1_138' title='bbox 709 2480 918 2547; x_wconf 86' lang='lat' dir='ltr'><strong>consonantis</strong></span> <span class='ocrx_word' id='word_1_139' title='bbox 944 2477 1074 2566; x_wconf 85' lang='lat' dir='ltr'><strong>posita,</strong></span> <span class='ocrx_word' id='word_1_140' title='bbox 1100 2476 1146 2541; x_wconf 91' lang='lat' dir='ltr'><strong>·d·</strong></span> <span class='ocrx_word' id='word_1_141' title='bbox 1179 2477 1323 2546; x_wconf 88' lang='lat' dir='ltr'><strong>litteram</strong></span> <span class='ocrx_word' id='word_1_142' title='bbox 1354 2480 1526 2568; x_wconf 85' lang='lat' dir='ltr'><strong>praedicta</strong></span> <span class='ocrx_word' id='word_1_143' title='bbox 1557 2509 1659 2574; x_wconf 90' lang='lat' dir='ltr'><strong>repu-</strong></span> 
     </span>
     <span class='ocr_line' id='line_1_20' title="bbox 622 2582 1493 2675; baseline 0.003 -25"><span class='ocrx_word' id='word_1_144' title='bbox 622 2584 689 2652; x_wconf 89' lang='lat' dir='ltr'><strong>diat</strong></span> <span class='ocrx_word' id='word_1_145' title='bbox 717 2583 935 2675; x_wconf 71' lang='lat' dir='ltr'><strong>praepositio,</strong></span> <span class='ocrx_word' id='word_1_146' title='bbox 956 2599 991 2647; x_wconf 88' lang='lat' dir='ltr'><strong>ut</strong></span> <span class='ocrx_word' id='word_1_147' title='bbox 1015 2600 1161 2649; x_wconf 87' lang='lat' dir='ltr'><strong>revertor</strong></span> <span class='ocrx_word' id='word_1_148' title='bbox 1186 2582 1319 2651; x_wconf 88' lang='lat' dir='ltr'><strong>revolvo</strong></span> <span class='ocrx_word' id='word_1_149' title='bbox 1348 2585 1493 2652; x_wconf 81' lang='lat' dir='ltr'><strong>revinco.</strong></span> 
     </span>
    </p>

    <p class='ocr_par' dir='ltr' id='par_1_3' title="bbox 610 2692 1676 4160">
     <span class='ocr_line' id='line_1_21' title="bbox 685 2692 1658 2787; baseline 0 -21"><span class='ocrx_word' id='word_1_150' title='bbox 685 2701 794 2766; x_wconf 84' lang='lat' dir='ltr'><strong>&#39;l&#39;rans</strong></span> <span class='ocrx_word' id='word_1_151' title='bbox 810 2697 1003 2787; x_wconf 81' lang='lat' dir='ltr'><strong>praepositio</strong></span> <span class='ocrx_word' id='word_1_152' title='bbox 1020 2692 1188 2761; x_wconf 88' lang='lat' dir='ltr'><strong>interdum</strong></span> <span class='ocrx_word' id='word_1_153' title='bbox 1204 2722 1247 2762; x_wconf 67' lang='grc' dir='ltr'><strong>ιιι·</strong></span> <span class='ocrx_word' id='word_1_154' title='bbox 1263 2712 1295 2761; x_wconf 91' lang='lat' dir='ltr'><strong>et</strong></span> <span class='ocrx_word' id='word_1_155' title='bbox 1316 2722 1349 2764; x_wconf 73' lang='grc' dir='ltr'><strong>ιε·</strong></span> <span class='ocrx_word' id='word_1_156' title='bbox 1364 2695 1475 2785; x_wconf 89' lang='lat' dir='ltr'><strong>perdit</strong></span> <span class='ocrx_word' id='word_1_157' title='bbox 1498 2735 1509 2764; x_wconf 91' lang='lat'><strong>,</strong></span> <span class='ocrx_word' id='word_1_158' title='bbox 1529 2718 1568 2765; x_wconf 90' lang='lat' dir='ltr'><strong>nt</strong></span> <span class='ocrx_word' id='word_1_159' title='bbox 1584 2718 1658 2767; x_wconf 89' lang='lat' dir='ltr'><strong>tra-</strong></span> 
     </span>
     <span class='ocr_line' id='line_1_22' title="bbox 620 2797 1659 2892; baseline 0.004 -28"><span class='ocrx_word' id='word_1_160' title='bbox 620 2800 735 2866; x_wconf 85' lang='lat' dir='ltr'><strong>ductus</strong></span> <span class='ocrx_word' id='word_1_161' title='bbox 750 2798 910 2875; x_wconf 82' lang='lat' dir='ltr'><strong>traducit;</strong></span> <span class='ocrx_word' id='word_1_162' title='bbox 927 2815 964 2863; x_wconf 90' lang='lat' dir='ltr'><strong>ut</strong></span> <span class='ocrx_word' id='word_1_163' title='bbox 979 2833 996 2846; x_wconf 93' lang='lat'><strong>·</strong></span> <span class='ocrx_word' id='word_1_164' title='bbox 1010 2797 1118 2865; x_wconf 91' lang='lat' dir='ltr'><strong>noluit</strong></span> <span class='ocrx_word' id='word_1_165' title='bbox 1131 2824 1203 2867; x_wconf 87' lang='lat' dir='ltr'><strong>earn</strong></span> <span class='ocrx_word' id='word_1_166' title='bbox 1216 2799 1399 2869; x_wconf 87' lang='lat' dir='ltr'><strong>traducere.</strong></span> <span class='ocrx_word' id='word_1_167' title='bbox 1413 2837 1431 2850; x_wconf 94' lang='lat'>-</span> <span class='ocrx_word' id='word_1_168' title='bbox 1445 2798 1659 2892; x_wconf 83' lang='lat' dir='ltr'><strong>Augustinus</strong></span> 
     </span>
     <span class='ocr_line' id='line_1_23' title="bbox 618 2904 1656 3000; baseline 0.004 -29"><span class='ocrx_word' id='word_1_169' title='bbox 618 2904 706 2971; x_wconf 86' lang='lat' dir='ltr'><strong>libro</strong></span> <span class='ocrx_word' id='word_1_170' title='bbox 730 2904 821 2970; x_wconf 84' lang='lat' dir='ltr'><strong>·XX·</strong></span> <span class='ocrx_word' id='word_1_171' title='bbox 850 2904 989 2970; x_wconf 86' lang='lat' dir='ltr'><strong>civitatis</strong></span> <span class='ocrx_word' id='word_1_172' title='bbox 1011 2905 1073 2971; x_wconf 91' lang='lat' dir='ltr'><strong>Dei</strong></span> <span class='ocrx_word' id='word_1_173' title='bbox 1095 2941 1141 2957; x_wconf 88' lang='lat'><em>-</em></span> <span class='ocrx_word' id='word_1_174' title='bbox 1166 2908 1292 2972; x_wconf 86' lang='lat' dir='ltr'><strong>etiamsi</strong></span> <span class='ocrx_word' id='word_1_175' title='bbox 1325 2931 1399 2991; x_wconf 83' lang='lat' dir='ltr'><strong>eos,</strong></span> <span class='ocrx_word' id='word_1_176' title='bbox 1433 2908 1569 2998; x_wconf 89' lang='lat' dir='ltr'><strong>inquit,</strong></span> <span class='ocrx_word' id='word_1_177' title='bbox 1595 2936 1656 3000; x_wconf 80' lang='lat' dir='ltr'><strong>per</strong></span> 
     </span>
     <span class='ocr_line' id='line_1_24' title="bbox 621 3007 1657 3100; baseline 0.005 -23"><span class='ocrx_word' id='word_1_178' title='bbox 621 3013 705 3077; x_wconf 84' lang='lat' dir='ltr'><strong>haec</strong></span> <span class='ocrx_word' id='word_1_179' title='bbox 730 3009 772 3074; x_wconf 90' lang='lat' dir='ltr'><strong>ad</strong></span> <span class='ocrx_word' id='word_1_180' title='bbox 785 3033 842 3074; x_wconf 89' lang='lat' dir='ltr'><strong>sua</strong></span> <span class='ocrx_word' id='word_1_181' title='bbox 864 3007 1038 3078; x_wconf 85' lang='lat' dir='ltr'><strong>traducere</strong></span> <span class='ocrx_word' id='word_1_182' title='bbox 1058 3035 1124 3076; x_wconf 91' lang='lat' dir='ltr'><strong>non</strong></span> <span class='ocrx_word' id='word_1_183' title='bbox 1140 3012 1308 3100; x_wconf 90' lang='lat' dir='ltr'><strong>potuerint</strong></span> <span class='ocrx_word' id='word_1_184' title='bbox 1323 3045 1360 3080; x_wconf 86' lang='lat'><strong>-,</strong></span> <span class='ocrx_word' id='word_1_185' title='bbox 1380 3031 1411 3087; x_wconf 89' lang='lat' dir='ltr'><strong>et</strong></span> <span class='ocrx_word' id='word_1_186' title='bbox 1429 3033 1562 3094; x_wconf 81' lang='lat' dir='ltr'><strong>cetera3</strong></span> <span class='ocrx_word' id='word_1_187' title='bbox 1588 3035 1657 3084; x_wconf 88' lang='lat' dir='ltr'><strong>tra-</strong></span> 
     </span>
     <span class='ocr_line' id='line_1_25' title="bbox 619 3113 1653 3214; baseline 0.008 -33"><span class='ocrx_word' id='word_1_188' title='bbox 619 3119 720 3184; x_wconf 85' lang='lat' dir='ltr'><strong>iectus</strong></span> <span class='ocrx_word' id='word_1_189' title='bbox 751 3117 890 3181; x_wconf 88' lang='lat' dir='ltr'><strong>traiecit.</strong></span> <span class='ocrx_word' id='word_1_190' title='bbox 911 3113 1077 3202; x_wconf 87' lang='lat' dir='ltr'><strong>Vergilius</strong></span> <span class='ocrx_word' id='word_1_191' title='bbox 1107 3117 1142 3180; x_wconf 91' lang='lat' dir='ltr'><strong>iu</strong></span> <span class='ocrx_word' id='word_1_192' title='bbox 1168 3116 1367 3181; x_wconf 79' lang='lat' dir='ltr'><strong>·X·-tum</strong></span> <span class='ocrx_word' id='word_1_193' title='bbox 1394 3117 1502 3184; x_wconf 91' lang='lat' dir='ltr'><strong>Pallas</strong></span> <span class='ocrx_word' id='word_1_194' title='bbox 1525 3122 1653 3214; x_wconf 88' lang='lat' dir='ltr'><strong>biiugis</strong></span> 
     </span>
     <span class='ocr_line' id='line_1_26' title="bbox 618 3221 1653 3312; baseline 0.01 -27"><span class='ocrx_word' id='word_1_195' title='bbox 618 3221 792 3312; x_wconf 78' lang='lat' dir='ltr'><strong>lugientem</strong></span> <span class='ocrx_word' id='word_1_196' title='bbox 807 3222 929 3289; x_wconf 83' lang='lat' dir='ltr'><strong>Rhetea</strong></span> <span class='ocrx_word' id='word_1_197' title='bbox 951 3238 1081 3309; x_wconf 87' lang='lat' dir='ltr'><strong>praeter</strong></span> <span class='ocrx_word' id='word_1_198' title='bbox 1104 3225 1212 3288; x_wconf 88' lang='lat' dir='ltr'><strong>traicit</strong></span> <span class='ocrx_word' id='word_1_199' title='bbox 1224 3260 1278 3288; x_wconf 89' lang='lat'><strong>-.</strong></span> <span class='ocrx_word' id='word_1_200' title='bbox 1308 3226 1422 3290; x_wconf 86' lang='lat' dir='ltr'><strong>Trano</strong></span> <span class='ocrx_word' id='word_1_201' title='bbox 1447 3242 1561 3295; x_wconf 83' lang='lat' dir='ltr'><strong>tranas</strong></span> <span class='ocrx_word' id='word_1_202' title='bbox 1587 3247 1653 3295; x_wconf 90' lang='lat' dir='ltr'><strong>tra·</strong></span> 
     </span>
     <span class='ocr_line' id='line_1_27' title="bbox 615 3325 1656 3415; baseline 0.008 -23"><span class='ocrx_word' id='word_1_203' title='bbox 615 3346 697 3410; x_wconf 80' lang='lat' dir='ltr'><strong>nat,</strong></span> <span class='ocrx_word' id='word_1_204' title='bbox 725 3327 816 3392; x_wconf 91' lang='lat' dir='ltr'><strong>cuius</strong></span> <span class='ocrx_word' id='word_1_205' title='bbox 842 3325 1004 3415; x_wconf 89' lang='lat' dir='ltr'><strong>simplicia</strong></span> <span class='ocrx_word' id='word_1_206' title='bbox 1038 3343 1112 3394; x_wconf 85' lang='lat' dir='ltr'><strong>sunt</strong></span> <span class='ocrx_word' id='word_1_207' title='bbox 1139 3344 1228 3396; x_wconf 88' lang='lat' dir='ltr'><strong>trans</strong></span> <span class='ocrx_word' id='word_1_208' title='bbox 1254 3347 1287 3395; x_wconf 85' lang='lat' dir='ltr'><strong>et</strong></span> <span class='ocrx_word' id='word_1_209' title='bbox 1309 3356 1352 3399; x_wconf 87' lang='lat' dir='ltr'><strong>uo</strong></span> <span class='ocrx_word' id='word_1_210' title='bbox 1387 3357 1442 3399; x_wconf 90' lang='lat' dir='ltr'><strong>nas</strong></span> <span class='ocrx_word' id='word_1_211' title='bbox 1482 3349 1538 3398; x_wconf 86' lang='lat' dir='ltr'><strong>trat</strong></span> <span class='ocrx_word' id='word_1_212' title='bbox 1578 3360 1656 3404; x_wconf 90' lang='lat' dir='ltr'><strong>mo-</strong></span> 
     </span>
     <span class='ocr_line' id='line_1_28' title="bbox 619 3428 1656 3531; baseline 0.01 -33"><span class='ocrx_word' id='word_1_213' title='bbox 619 3430 799 3523; x_wconf 82' lang='lat' dir='ltr'><strong>nosyllaba.</strong></span> <span class='ocrx_word' id='word_1_214' title='bbox 835 3428 998 3521; x_wconf 89' lang='lat' dir='ltr'><strong>Vergilius</strong></span> <span class='ocrx_word' id='word_1_215' title='bbox 1035 3468 1080 3483; x_wconf 92' lang='lat'><strong>—</strong></span> <span class='ocrx_word' id='word_1_216' title='bbox 1112 3433 1175 3498; x_wconf 92' lang='lat' dir='ltr'><strong>sub</strong></span> <span class='ocrx_word' id='word_1_217' title='bbox 1208 3435 1352 3502; x_wconf 88' lang='lat' dir='ltr'><strong>nubibus</strong></span> <span class='ocrx_word' id='word_1_218' title='bbox 1389 3438 1467 3502; x_wconf 88' lang='lat' dir='ltr'><strong>atris</strong></span> <span class='ocrx_word' id='word_1_219' title='bbox 1503 3457 1656 3531; x_wconf 81' lang='lat' dir='ltr'><strong>strymo-</strong></span> 
     </span>
     <span class='ocr_line' id='line_1_29' title="bbox 616 3537 1676 3630; baseline 0.011 -27"><span class='ocrx_word' id='word_1_220' title='bbox 616 3539 689 3606; x_wconf 91' lang='lat' dir='ltr'><strong>niae</strong></span> <span class='ocrx_word' id='word_1_221' title='bbox 714 3537 793 3602; x_wconf 76' lang='lat' dir='ltr'><strong>dant</strong></span> <span class='ocrx_word' id='word_1_222' title='bbox 819 3539 913 3628; x_wconf 88' lang='lat' dir='ltr'><strong>signa</strong></span> <span class='ocrx_word' id='word_1_223' title='bbox 938 3561 1035 3629; x_wconf 86' lang='lat' dir='ltr'><strong>grues</strong></span> <span class='ocrx_word' id='word_1_224' title='bbox 1064 3556 1163 3630; x_wconf 88' lang='lat' dir='ltr'><strong>atque</strong></span> <span class='ocrx_word' id='word_1_225' title='bbox 1184 3540 1319 3606; x_wconf 89' lang='lat' dir='ltr'><strong>aethera</strong></span> <span class='ocrx_word' id='word_1_226' title='bbox 1344 3559 1476 3609; x_wconf 86' lang='lat' dir='ltr'><strong>tranant</strong></span> <span class='ocrx_word' id='word_1_227' title='bbox 1500 3581 1558 3611; x_wconf 90' lang='lat'><strong>-.</strong></span> <span class='ocrx_word' id='word_1_228' title='bbox 1583 3548 1647 3614; x_wconf 89' lang='lat' dir='ltr'><strong>So·</strong></span> <span class='ocrx_word' id='word_1_229' title='bbox 1673 3620 1676 3625; x_wconf 65' lang='grc'>,</span> 
     </span>
     <span class='ocr_line' id='line_1_30' title="bbox 615 3641 1652 3734; baseline 0.009 -23"><span class='ocrx_word' id='word_1_230' title='bbox 615 3644 700 3711; x_wconf 91' lang='lat' dir='ltr'><strong>linus</strong></span> <span class='ocrx_word' id='word_1_231' title='bbox 722 3666 852 3734; x_wconf 90' lang='lat' dir='ltr'><strong>quoque</strong></span> <span class='ocrx_word' id='word_1_232' title='bbox 874 3643 909 3708; x_wconf 95' lang='lat' dir='ltr'><strong>in</strong></span> <span class='ocrx_word' id='word_1_233' title='bbox 933 3641 1131 3713; x_wconf 89' lang='lat' dir='ltr'><strong>collectanea</strong></span> <span class='ocrx_word' id='word_1_234' title='bbox 1155 3670 1265 3713; x_wconf 89' lang='lat' dir='ltr'><strong>rerum</strong></span> <span class='ocrx_word' id='word_1_235' title='bbox 1290 3646 1331 3714; x_wconf 92' lang='lat' dir='ltr'><strong>de</strong></span> <span class='ocrx_word' id='word_1_236' title='bbox 1351 3651 1454 3715; x_wconf 88' lang='lat' dir='ltr'><strong>cervis</strong></span> <span class='ocrx_word' id='word_1_237' title='bbox 1467 3685 1515 3703; x_wconf 90' lang='lat'><em>-</em></span> <span class='ocrx_word' id='word_1_238' title='bbox 1528 3653 1554 3716; x_wconf 89' lang='lat' dir='ltr'><strong>si</strong></span> <span class='ocrx_word' id='word_1_239' title='bbox 1575 3679 1652 3719; x_wconf 91' lang='lat' dir='ltr'><strong>ma-</strong></span> 
     </span>
     <span class='ocr_line' id='line_1_31' title="bbox 616 3752 1650 3841; baseline 0.008 -25"><span class='ocrx_word' id='word_1_240' title='bbox 616 3755 689 3818; x_wconf 75' lang='lat' dir='ltr'><strong>rias</strong></span> <span class='ocrx_word' id='word_1_241' title='bbox 714 3752 839 3841; x_wconf 87' lang='lat' dir='ltr'><strong>inquit,</strong></span> <span class='ocrx_word' id='word_1_242' title='bbox 863 3765 1012 3831; x_wconf 86' lang='lat' dir='ltr'><strong>tranent,</strong></span> <span class='ocrx_word' id='word_1_243' title='bbox 1036 3774 1101 3817; x_wconf 90' lang='lat' dir='ltr'><strong>nou</strong></span> <span class='ocrx_word' id='word_1_244' title='bbox 1124 3768 1255 3841; x_wconf 84' lang='lat' dir='ltr'><strong>aspectu</strong></span> <span class='ocrx_word' id='word_1_245' title='bbox 1274 3771 1388 3841; x_wconf 89' lang='lat' dir='ltr'><strong>petunt</strong></span> <span class='ocrx_word' id='word_1_246' title='bbox 1402 3754 1500 3821; x_wconf 88' lang='lat' dir='ltr'><strong>litora</strong></span> <span class='ocrx_word' id='word_1_247' title='bbox 1514 3758 1576 3825; x_wconf 87' lang='lat' dir='ltr'><strong>sed</strong></span> <span class='ocrx_word' id='word_1_248' title='bbox 1592 3759 1650 3826; x_wconf 90' lang='lat' dir='ltr'><strong>ol-</strong></span> 
     </span>
     <span class='ocr_line' id='line_1_32' title="bbox 610 3855 1647 3949; baseline 0.009 -27"><span class='ocrx_word' id='word_1_249' title='bbox 610 3857 698 3922; x_wconf 86' lang='lat' dir='ltr'><strong>sactu</strong></span> <span class='ocrx_word' id='word_1_250' title='bbox 721 3889 776 3920; x_wconf 87' lang='lat'><strong>-.</strong></span> <span class='ocrx_word' id='word_1_251' title='bbox 802 3855 941 3923; x_wconf 87' lang='lat' dir='ltr'><strong>Circum</strong></span> <span class='ocrx_word' id='word_1_252' title='bbox 964 3856 1159 3944; x_wconf 87' lang='lat' dir='ltr'><strong>praepositio</strong></span> <span class='ocrx_word' id='word_1_253' title='bbox 1189 3855 1362 3948; x_wconf 87' lang='lat' dir='ltr'><strong>aliquoties</strong></span> <span class='ocrx_word' id='word_1_254' title='bbox 1388 3860 1510 3926; x_wconf 86' lang='lat' dir='ltr'><strong>amittit</strong></span> <span class='ocrx_word' id='word_1_255' title='bbox 1544 3889 1647 3949; x_wconf 87' lang='lat' dir='ltr'><strong>cum,</strong></span> 
     </span>
     <span class='ocr_line' id='line_1_33' title="bbox 614 3960 1651 4054; baseline 0.007 -26"><span class='ocrx_word' id='word_1_256' title='bbox 614 3981 648 4028; x_wconf 91' lang='lat' dir='ltr'><strong>ut</strong></span> <span class='ocrx_word' id='word_1_257' title='bbox 673 3961 837 4026; x_wconf 84' lang='lat' dir='ltr'><strong>circuitus.</strong></span> <span class='ocrx_word' id='word_1_258' title='bbox 862 3960 917 4027; x_wconf 92' lang='lat' dir='ltr'><strong>Sic</strong></span> <span class='ocrx_word' id='word_1_259' title='bbox 942 3978 1015 4026; x_wconf 90' lang='lat' dir='ltr'><strong>ante</strong></span> <span class='ocrx_word' id='word_1_260' title='bbox 1038 3963 1231 4049; x_wconf 90' lang='lat' dir='ltr'><strong>praepositio</strong></span> <span class='ocrx_word' id='word_1_261' title='bbox 1255 3990 1293 4029; x_wconf 70' lang='grc' dir='ltr'><strong>οι·</strong></span> <span class='ocrx_word' id='word_1_262' title='bbox 1318 3965 1350 4030; x_wconf 89' lang='lat' dir='ltr'><strong>in</strong></span> <span class='ocrx_word' id='word_1_263' title='bbox 1376 3966 1409 4029; x_wconf 90' lang='lat' dir='ltr'><strong>·i·</strong></span> <span class='ocrx_word' id='word_1_264' title='bbox 1438 3989 1651 4054; x_wconf 86' lang='lat' dir='ltr'><strong>commutat,</strong></span> 
     </span>
     <span class='ocr_line' id='line_1_34' title="bbox 611 4066 1654 4160; baseline 0.012 -26"><span class='ocrx_word' id='word_1_265' title='bbox 611 4087 645 4135; x_wconf 91' lang='lat' dir='ltr'><strong>ut</strong></span> <span class='ocrx_word' id='word_1_266' title='bbox 668 4068 830 4158; x_wconf 90' lang='lat' dir='ltr'><strong>anticipo,</strong></span> <span class='ocrx_word' id='word_1_267' title='bbox 855 4066 1097 4160; x_wconf 84' lang='lat' dir='ltr'><strong>psalmigrapho</strong></span> <span class='ocrx_word' id='word_1_268' title='bbox 1122 4068 1364 4160; x_wconf 84' lang='lat' dir='ltr'><strong>adstipulante,</strong></span> <span class='ocrx_word' id='word_1_269' title='bbox 1394 4090 1427 4140; x_wconf 93' lang='lat' dir='ltr'><strong>ut</strong></span> <span class='ocrx_word' id='word_1_270' title='bbox 1455 4112 1503 4126; x_wconf 91' lang='lat'><em>-</em></span> <span class='ocrx_word' id='word_1_271' title='bbox 1527 4080 1654 4145; x_wconf 87' lang='lat' dir='ltr'><strong>antici·</strong></span> 
     </span>
    </p>
   </div>
   <div class='ocr_carea' id='block_1_3' title="bbox 0 0 1696 5206">
    <p class='ocr_par' dir='ltr' id='par_1_4' title="bbox 0 0 1696 5206">
     <span class='ocr_line' id='line_1_35' title="bbox 0 0 1696 5206; baseline 0 3"><span class='ocrx_word' id='word_1_272' title='bbox 0 0 1696 5206; x_wconf 95' lang='lat' dir='ltr'><strong> </strong></span> 
     </span>
    </p>
   </div>
  </div>
 </body>
</html>
