3382 5206
608 551 674 639 ⁵46
882 613 885 619 .
909 579 937 626 r.
963 573 1144 631 annuatur
1167 583 1210 630 or
1234 581 1277 630 rr

584 675 688 768 longit
703 728 718 767 ,Ι
733 695 768 744 ut
791 679 868 762 ille,
891 682 971 764 iate,
988 683 1080 772 ipre,
1099 699 1232 767 noster,
1253 699 1384 764 vester,
1404 685 1590 775 quisquam
1607 735 1619 770 ‚

581 784 748 873 quisnam,
759 785 869 853 isdem.
881 789 1027 855 Veniunt
1040 806 1073 855 ct
1085 791 1288 857 acerborum
1301 789 1617 879 significationibus,

581 911 668 980 quoe
681 890 879 979 positionum
894 891 1019 983 legibus
1034 893 1265 981 producuntur
1280 942 1291 979 ,
1308 909 1343 958 ut
1358 893 1508 982 prendo,
1520 919 1616 962 scau·

581 994 640 1065 do,
658 1013 774 1083 necto,
791 1016 885 1087 pecto
899 1048 909 1082 ‚
923 1022 1020 1066 ceruo
1033 1036 1044 1067 s
1059 999 1178 1091 pingo,
1203 1001 1324 1089 ningo,
1340 1000 1473 1090 mingo,
1495 1000 1613 1094 fingo·

485 1140 488 1149 ·
577 1101 690 1191 pinso,
711 1101 821 1170 hisco,
837 1125 971 1193 quasso,
988 1102 1094 1172 lasso,
1116 1103 1189 1170 laxo
1203 1140 1212 1169 s
1226 1120 1319 1170 taxo,
1340 1101 1410 1170 laxo
1426 1104 1519 1195 quod
1535 1130 1613 1172 anu

577 1206 699 1277 malurn
723 1224 791 1275 ert,
809 1233 946 1299 sperno,
968 1227 1065 1276 texo,
1090 1234 1191 1278 vero,
1216 1207 1337 1275 mando
1352 1245 1367 1274 s
1383 1209 1520 1298 pandus
1547 1210 1612 1277 liu·

579 1339 674 1406 (μω,
701 1317 820 1400 vinco,
845 1315 978 1398 subdo,
1007 1315 1125 1396 abdo,
1150 1315 1283 1395 condo,
1308 1340 1446 1409 pango,
1478 1319 1611 1406 cingo,
1676 1356 1681 1365 e

580 1423 689 1514 tingo,
706 1447 815 1514 pungo
835 1422 923 1513 quod
939 1424 1061 1512 pupugi
1080 1422 1256 1510 praeterito
1272 1421 1400 1487 dicitur.

625 1541 658 1596 Δ.
674 1530 852 1615 Quaerunt
867 1530 989 1610 verbe,
1004 1553 1087 1618 quae
1101 1545 1236 1594 naturae
1251 1527 1368 1617 regulis
1380 1527 1520 1617 produci
1542 1555 1610 1593 ma·

577 1634 687 1699 iornna
705 1634 880 1700 auctoritas
899 1627 1072 1701 decrevit?
1094 1643 1135 1696 Μ.
1151 1632 1290 1722 Absque
1304 1631 1535 1721 scrupulorum
1552 1636 1609 1698 oh

577 1735 701 1809 stacnlo
716 1735 797 1803 haec
811 1762 879 1804 esse
893 1735 1093 1819 creduntur,
1106 1735 1186 1801 rado
1197 1786 1207 1818 ‚
1219 1734 1325 1819 fumo,
1340 1736 1430 1817 dico,
1441 1735 1547 1804 ducos
1562 1739 1610 1829 gi·

579 1867 618 1913 ro
629 1892 640 1928 ‚
651 1865 767 1934 promo
783 1892 793 1926 ‚
807 1841 928 1932 prodo,
949 1843 1052 1925 cud0,
1068 1841 1138 1933 lego
1162 1840 1268 1933 legas,
1290 1859 1322 1906 at
1342 1867 1417 1908 vero
1437 1838 1510 1931 lego
1526 1842 1607 1934 legis

581 1949 779 2039 corripitur,
797 1945 926 2028 subdo,
946 1947 1049 2032 aedo,
1069 1946 1154 2027 ndo,
1175 1970 1280 2037 cogo,
1301 1945 1408 2028 dedo,
1427 1945 1534 2012 trado.
1563 1949 1606 2014 Ut

579 2057 614 2122 in
641 2055 803 2151 georgicis
829 2091 862 2104 -
884 2052 1031 2120 truditur
1059 2079 1078 2123 e
1109 2056 1194 2120 sicco
1224 2052 1314 2118 radix
1343 2051 1452 2142 oleage
1481 2051 1605 2142 ligno;

398 2157 413 2188 ⁸
424 2164 458 2207 “
474 2154 562 2231 '’l“'l
587 2160 686 2230 crotlo
701 2160 836 2244 s-nolo,
859 2160 943 2226 malo
956 2184 968 2239 ς
992 2179 1028 2227 ut
1041 2199 1057 2209 -
1071 2157 1156 2226 malo
1176 2182 1308 2227 orauere
1331 2161 1423 2248 niger
1437 2160 1457 2196 ⁴⁸
1471 2208 1481 2241 ,
1495 2161 1606 2226 minus
1659 2169 1662 2175 '

585 2266 701 2337 ultime
723 2267 787 2335 fata
808 2266 948 2334 verebor
973 2289 1008 2342 -ς
1028 2290 1140 2355 pono,
1159 2264 1276 2349 laudo,
1296 2264 1415 2346 laedo,
1437 2288 1520 2348 oro,
1542 2264 1606 2329 ela·

584 2397 661 2458 mo,
674 2371 755 2443 tluro
767 2424 777 2456 ‚
791 2371 871 2456 edo,
888 2370 954 2437 lido
970 2422 980 2455 ,
998 2371 1068 2439 libo
1080 2421 1090 2454 ,
1104 2375 1197 2461 privo
1213 2422 1222 2455 ‚
1243 2372 1335 2454 vivo,
1357 2395 1481 2460 quaero
1501 2395 1606 2460 qnae-

580 2482 667 2568 sivi,
691 2505 769 2547 nam
800 2503 920 2571 queror
948 2496 1079 2570 questus
1104 2473 1173 2546 eum
1206 2480 1416 2570 pyrrhichius
1449 2497 1525 2560 est,
1551 2477 1604 2542 lu·

485 2586 488 2591 ’
582 2588 650 2671 do,
673 2613 792 2671 sumo,
818 2611 901 2653 suo,
929 2585 1080 2674 pliudo‚
1107 2584 1225 2668 demo,
1249 2585 1339 2675 dego.
1366 2586 1449 2651 Huic
1475 2582 1608 2672 regulae

581 2695 784 2763 concordant
800 2697 897 2760 etiam
919 2693 1043 2783 passiva
1065 2694 1249 2758 communia
1269 2711 1299 2759 et
1323 2691 1518 2785 deponentia
1541 2707 1608 2756 tam

582 2802 741 2890 positione
754 2824 852 2890 quem
869 2815 984 2865 natura
1000 2799 1117 2888 longa,
1133 2816 1167 2864 ut
1183 2823 1333 2886 promor,
1351 2795 1493 2886 prodor,
1508 2821 1609 2862 scru-

586 2927 661 2992 tor,
679 2907 803 2991 vador,
826 2906 987 2996 praedor,
1007 2905 1134 2987 laetor,
1158 2906 1310 2988 bochor,
1331 2929 1467 2987 nascor,
1489 2920 1608 2983 tutor,

584 3033 700 3098 tutor,
723 3038 848 3093 venor,
870 3010 998 3104 fungor.
1021 3013 1116 3078 Nitor
1139 3014 1163 3077 si
1189 3011 1323 3076 verbum
1349 3008 1514 3098 deponens
1534 3025 1609 3089 est,

582 3118 757 3185 trochaeus
787 3109 881 3202 erit,
914 3135 948 3182 nt
975 3153 1022 3169 -
1049 3117 1173 3208 aliquos
1207 3119 1294 3181 nitor
1335 3114 1522 3202 contingere
1551 3136 1607 3176 ra-

586 3249 731 3290 mne-
751 3225 792 3289 Et
820 3222 901 3289 infra
922 3261 969 3274 -
992 3226 1106 3290 nititur
1137 3223 1238 3287 aversi
1266 3219 1315 3289 vel
1348 3218 1438 3287 filum
1470 3234 1606 3307 tongere

585 3330 723 3396 Christi.
734 3366 751 3377 -
766 3327 860 3412 Quod
875 3332 899 3394 si
924 3330 1008 3393 nitor
1023 3353 1140 3397 nomen
1159 3327 1274 3406 luerit,
1299 3322 1509 3414 pyrrhichius
1522 3324 1605 3399 erit3

580 3453 614 3501 ut
639 3434 724 3500 idern
746 3444 837 3522 polita
862 3473 878 3484 -
902 3436 974 3524 quis
994 3435 1053 3499 luit
1076 3433 1133 3499 ille
1154 3434 1240 3499 nitor
1263 3431 1396 3495 Mariae.
1422 3463 1441 3477 ·
1467 3428 1509 3492 Et
1523 3429 1607 3496 Ver-

532 3532 539 3595 l
578 3541 674 3632 gilius
707 3539 794 3605 libro
822 3543 876 3629 qui
903 3540 1106 3630 paedagogus
1133 3536 1360 3628 praetitulatur
1385 3532 1606 3599 --reddetur

579 3646 693 3713 titulus
718 3670 965 3737 purpureusque
991 3649 1085 3712 nitor.
1112 3644 1216 3712 -Sed
1241 3643 1297 3707 hic
1325 3665 1435 3707 versus
1464 3664 1530 3705 uon
1560 3640 1604 3703 ita

576 3751 781 3817 scandendus
804 3770 870 3832 est,
896 3771 928 3815 ut
949 3750 1099 3817 hernicus
1120 3751 1195 3840 quia
1211 3747 1373 3835 colophon
1396 3748 1428 3809 in
1451 3743 1559 3812 medio
1576 3764 1609 3816 at

576 3855 642 3921 line
664 3859 840 3938 retinetur,
856 3855 951 3920 labor
967 3906 976 3936 ‚
1000 3854 1133 3946 liquor,
1155 3877 1290 3935 vescor,
1308 3875 1446 3933 causor,
1471 3851 1606 3934 tristor,

579 3978 703 4035 testor,
729 3986 883 4041 mercor,
911 3965 1037 4043 rimor,
1060 3964 1189 4051 piscor,
1215 3977 1344 4027 metor,
1370 3972 1508 4045 grator,
1535 3958 1608 4023 rin-

578 4087 655 4154 gor,
672 4067 794 4148 miror,
814 4066 973 4150 frustror,
989 4089 1127 4158 grassor.
1144 4064 1320 4155 Participia
1341 4061 1491 4132 similiter
1513 4087 1607 4154 prae·
