3382 5206
415 598 486 691 438
760 624 928 673 tonarius
953 628 1053 675 scorr

391 735 451 799 llic
481 732 585 801 fuerat
612 736 694 798 aries
720 730 849 822 speculo
877 734 1026 820 provisus
1050 732 1093 797 ad
1115 756 1227 816 arant,
1444 744 1494 805 25.

457 840 542 903 Duru
573 841 699 928 typicus
727 836 839 905 isaach
868 838 998 905 ducitur
1023 836 1066 901 ad
1091 835 1250 929 iugulum·

390 944 557 1010 l'estiuans
587 942 727 1032 pupulus
744 942 895 1033 Aegypto
921 943 1008 1007 huuc
1035 961 1220 1031 sumpserat
1246 964 1395 1031 agnum,

458 1048 623 1137 Sanguine
646 1070 863 1137 conspergens
890 1044 1003 1111 limina
1031 1063 1108 1110 nota
1137 1044 1264 1127 domus.

392 1153 452 1220 llic
480 1152 574 1236 fona,
601 1154 712 1242 virga,
737 1170 848 1241 petra,
871 1150 1018 1220 caelestis
1042 1148 1151 1244 fulgor
1175 1151 1400 1231 obumbrans,

456 1260 622 1348 Serpens,
649 1276 682 1326 ct
708 1284 846 1343 manna,
871 1261 975 1342 nubs,
999 1258 1068 1342 via,
1097 1259 1211 1347 panis,
1234 1282 1330 1347 aqua.
1444 1254 1492 1319 3ο.

389 1363 487 1432 Talia
507 1390 603 1456 saepe
629 1367 686 1431 Dei
710 1366 796 1432 iussu
822 1366 881 1433 sub
911 1382 1059 1454 tempore
1086 1363 1169 1430 sacta

458 1472 637 1542 Aeternum
661 1471 827 1537 dominum
852 1471 1034 1563 siguificare
1054 1494 1158 1537 soum·

391 1580 528 1669 Hacque
549 1577 685 1667 impleta
712 1577 765 1646 die
790 1602 882 1645 sacro
910 1602 1108 1644 veneramur
1132 1575 1287 1660 honore,

456 1685 520 1749 lata
546 1681 614 1750 dies
635 1700 724 1750 tanta
750 1686 883 1776 mystica
907 1684 991 1751 sacta
1013 1701 1113 1749 tenet·

389 1790 483 1856 Hanc
510 1788 650 1856 mundus
670 1788 781 1878 prodit
806 1790 1012 1880 congaudens
1037 1788 1112 1855 luce
1137 1787 1279 1873 decora,
1440 1786 1489 1850 35.

456 1891 640 1984 Florigeros
667 1910 771 1962 motus
798 1895 899 1960 mittit
925 1895 960 1959 iu
986 1892 1098 1961 aethra
1123 1917 1207 1960 suos.

387 1997 547 2064 Germiua
572 1998 775 2088 producens,
800 1998 952 2066 florentes
971 1999 1118 2087 gramine
1143 1994 1292 2080 fructus,

456 2103 544 2168 Nem
572 2103 722 2170 Christus
750 2101 876 2171 fructus
904 2102 1009 2171 dulcis
1034 2100 1158 2194 ubique
1180 2105 1257 2169 suis.

391 2203 538 2274 Surrexit
562 2207 732 2292 Christus,
754 2225 863 2276 nostra
888 2206 969 2274 hinc
992 2210 1045 2297 pia
1069 2206 1168 2274 corda
1190 2206 1370 2295 resultant,

456 2310 598 2380 Alleluia
622 2314 691 2379 Deo
707 2311 845 2378 mundus
866 2312 993 2403 ubique
1015 2312 1112 2378 cauit·

389 2416 515 2507 inclyte
540 2416 596 2507 qui
626 2440 740 2508 regum
764 2435 798 2485 te
824 2441 881 2484 rex
907 2434 1077 2486 conservet
1100 2416 1134 2482 in
1158 2441 1302 2502 aevum,

456 2526 616 2613 Prospera
639 2523 822 2607 concedat,
845 2525 924 2591 hinc
948 2547 1047 2613 super
1073 2539 1161 2590 astra
1190 2523 1303 2590 vehat.

388 2630 452 2716 Qui
473 2629 535 2696 sub
559 2628 683 2696 honore
703 2630 754 2696 sui
780 2628 900 2695 humili
925 2653 1000 2696 cum
1024 2627 1124 2696 corde
1150 2652 1290 2696 canoros

452 2730 609 2801 Alternoa
632 2734 768 2817 statuis,
792 2732 900 2823 psallis
930 2749 963 2801 et
990 2734 1087 2822 ipse,
1109 2731 1237 2801 choros·

390 2835 585 2921 Credimus,
611 2839 669 2904 ista
693 2839 753 2907 tibi
776 2857 948 2906 servantur
976 2837 1118 2905 culmine
1146 2835 1258 2920 caeli,

455 2944 556 3010 Heres
585 2942 753 3013 davidicus
775 2945 914 3015 efficiere
936 2946 1018 3034 pius·

386 3053 552 3138 Προσευχὶς
577 3052 714 3141 petimus
740 3053 819 3119 votis
843 3068 875 3118 et
904 3049 1003 3118 corde
1026 3072 1223 3138 precamur,

455 3153 519 3239 Qui
545 3152 635 3223 dedit
659 3153 723 3221 hoc
747 3152 853 3240 velle,
878 3154 934 3221 det
956 3154 1016 3221 tibi
1043 3177 1134 3242 posse
1159 3154 1263 3222 Deus·

390 3261 516 3325 Βασιλίυ
538 3258 652 3352 Καςόλῳ
673 3259 749 3346 isphr
773 3256 806 3323 rt)
830 3254 931 3350 Xpml
954 3258 1090 3345 stridet,

454 3370 509 3437 Ὦς
530 3365 713 3455 κληροῦσθαι
734 3361 838 3452 χοροὺς
861 3363 995 3434 durarit
1018 3363 1193 3457 ripariam(
1217 3364 1242 3454 ).

463 3550 510 3618 (r)
529 3549 585 3605 lloc
604 3549 667 3604 item
686 3549 821 3604 distichon
847 3552 975 3605 recitatus
995 3551 1065 3623 apud
1085 3550 1189 3619 glossar·
1209 3551 1260 3602 loc.
1280 3549 1340 3614 cit3
1368 3551 1417 3604 sed

389 3635 534 3708 utrubique
552 3637 712 3692 mendosum.
