3382 5206
743 564 789 610 DE
819 560 972 613 domun.

331 665 443 739 minuti.
454 665 504 720 hoc
514 683 660 723 monemus.
675 667 747 735 quod
754 684 786 720 ex
796 684 827 719 ee

331 754 470 825 plusquam
489 755 601 821 triginta
617 766 669 809 tres
684 755 757 811 soni.
776 755 826 807 hoc

331 854 372 896 est
388 860 468 912 quam
498 843 608 910 triginta
631 842 683 895 tria
700 844 825 898 nomina.

331 948 383 982 non
401 930 502 1000 possint
519 929 651 983 exhiberi.
677 931 715 981 Dr.
741 929 825 983 forma

331 1018 433 1083 generis
457 1016 596 1073 feminini.
618 1034 673 1085 qun
705 1017 824 1071 diximus
857 1086 859 1090 Ι

332 1104 451 1159 ablativo
478 1124 540 1159 casu
558 1108 661 1159 numeri
685 1107 827 1175 singularis

329 1193 824 1264 nomina.u.litleralerminari‚quun·

330 1292 386 1335 tum
398 1285 467 1336 ratio
479 1283 619 1355 poscebat,
644 1285 823 1338 tractavimus·

392 1456 436 1513 63.
456 1475 491 1512 nr
512 1475 623 1514 erum
642 1475 761 1514 nrurro·

332 1574 455 1688 Neulri
484 1637 584 1704 generis
604 1637 725 1695 nomine,
752 1653 823 1706 quae

329 1721 446 1777 ablativo
468 1743 530 1778 casu
550 1727 651 1778 numeri
680 1726 822 1793 singularis

332 1830 366 1861 u.
384 1812 473 1865 littera
486 1814 662 1867 terminantur
673 1814 753 1871 ,haec
772 1833 822 1866 no-

328 1899 457 1953 minativo
479 1919 540 1953 casu
561 1901 662 1954 numeri
681 1901 822 1968 singularis

328 2002 381 2039 una
400 1987 450 2039 hae
475 1988 557 2043 forma
576 1989 739 2043 deliniuntur
758 2002 821 2044 tuu-

328 2076 446 2132 tum.id
465 2089 505 2131 est
516 2090 547 2132 ut
557 2091 620 2150 puta
644 2077 678 2130 el)
696 2080 745 2133 hoc
762 2097 821 2133 cor-

327 2180 381 2220 nu,
398 2164 448 2217 hoc
471 2182 562 2219 cornu.
581 2167 687 2220 Numen·
701 2168 821 2236 singula·

329 2248 390 2308 ris.
414 2251 466 2306 hoc
489 2272 593 2311 cornu.
618 2254 699 2307 huius
719 2272 820 2312 cornu.

332 2337 395 2392 lruie
427 2359 525 2400 cornu.
553 2343 603 2398 hoc
619 2362 698 2397 cornu
711 2380 718 2399 .
732 2363 747 2397 ο
762 2361 821 2397 eor·

328 2445 381 2485 nu,
400 2429 434 2481 ab
451 2431 501 2483 hoc
518 2449 609 2484 cornu·
628 2433 737 2485 Numeri
757 2432 819 2504 plu-

328 2516 391 2569 rnlis
406 2554 413 2574 ‚
428 2519 493 2571 lurec
513 2538 629 2579 cornua,
647 2523 741 2575 horum
761 2541 820 2575 cor-

328 2624 423 2665 nuum.
439 2609 483 2661 his
502 2610 644 2669 cornibus.
674 2612 737 2664 hnec
760 2630 819 2664 eor-

328 2713 401 2754 nun,
421 2716 577 2755 enormia,
603 2700 637 2751 nb
661 2699 704 2752 his
730 2700 822 2753 corni·

328 2783 384 2837 bus.
403 2786 446 2838 Sic
471 2798 498 2840 et
528 2787 580 2839 alia
608 2789 709 2855 generis
733 2790 821 2843 neutri

328 2874 448 2931 nomina,
468 2894 538 2945 quae
553 2875 671 2932 ablativo
688 2896 748 2929 casu
768 2897 821 2930 nu-

330 2962 392 3013 meri
416 2965 560 3032 singularis
590 2984 626 3016 .u.
651 2966 742 3019 littera
767 2979 822 3019 ter-

328 3052 475 3111 minantur,
486 3054 669 3125 adexemplum
681 3073 760 3108 cornu
775 3075 821 3128 per

328 3157 415 3192 omnes
434 3158 529 3194 ceruus
549 3142 725 3194 declinantur·
744 3144 821 3195 Nune

329 3228 356 3280 in
374 3230 423 3282 hae
442 3231 523 3284 forma
533 3232 635 3297 generis
649 3232 752 3287 neutri.
765 3250 818 3302 qua

329 3317 442 3372 diximus
475 3319 592 3376 ablativo
628 3338 688 3374 cusu
716 3325 817 3376 numeri

327 3407 465 3471 singularis
483 3410 589 3462 nomina
609 3429 645 3461 ·u·
661 3411 751 3463 littera
767 3422 817 3463 ler-

328 3496 440 3552 rninnri,
461 3497 510 3548 lroc
530 3516 676 3555 monemus,
695 3499 766 3566 quod
785 3517 817 3550 ex

327 3599 356 3632 en
381 3583 518 3653 plusquam
538 3584 659 3636 undecim
678 3586 750 3638 soni.
770 3585 819 3639 lioc

328 3682 365 3720 esi
396 3670 535 3740 plusquam
563 3671 685 3723 undecim
714 3672 819 3726 uomina

327 3776 376 3809 nou
395 3758 498 3828 possint
522 3758 655 3811 exhiberi.
676 3761 714 3810 De
738 3760 819 3814 forma

326 3851 425 3908 generis
443 3850 546 3905 neutri.
566 3868 619 3918 qun
635 3851 751 3905 diximus
771 3852 819 3904 ab·

325 3936 421 3995 latino,
440 3957 502 3990 casu
530 3941 630 3991 numeri
657 3941 797 4007 singularis
814 3979 820 3999 .

325 4031 430 4079 nomina
461 4048 498 4079 ·u·
528 4029 616 4082 littera
650 4030 786 4083 terminari
813 4069 819 4088 ,

1274 537 1369 614 233.

882 680 1011 737 quantum
1039 669 1107 722 ratio
1135 666 1261 740 poscebat
1282 706 1289 724 ‚
1318 678 1375 720 lra-

879 770 1016 811 eravimus.

958 931 1002 1001 64.
1023 951 1057 987 nr
1079 951 1189 988 eruere
1209 952 1289 987 num.

879 1051 1005 1166 Omnu
1020 1111 1123 1177 generis
1142 1110 1268 1162 nomina.
1303 1126 1372 1177 qnae

878 1196 996 1253 ablativo
1015 1216 1077 1251 casu
1098 1196 1199 1249 numeri
1228 1195 1369 1262 singularis

879 1302 917 1336 ·u·
928 1285 1018 1338 littera
1030 1284 1204 1338 terminantur
1216 1320 1223 1341 ‚
1242 1283 1308 1334 haec
1322 1301 1372 1335 no-

877 1372 1006 1427 minativo
1025 1390 1087 1424 casu
1106 1370 1207 1423 numeri
1231 1369 1372 1437 singularis

877 1479 931 1514 une
949 1458 999 1512 bec
1020 1459 1103 1513 forma
1122 1458 1287 1511 definiuntur
1310 1467 1373 1508 tnu-

875 1561 932 1602 tum
944 1568 981 1601 ·u·
993 1586 1001 1608 ,
1014 1559 1041 1601 et
1060 1548 1093 1600 nd
1107 1548 1157 1600 hoc
1168 1546 1314 1616 exemplum
1327 1544 1372 1596 de·

876 1637 1018 1691 clinentur.
1029 1636 1138 1690 Numeri
1156 1632 1314 1700 singularis,
1328 1630 1371 1682 hic

873 1739 902 1782 et
918 1728 983 1782 haec
1001 1726 1084 1780 maior
1103 1737 1185 1782 netu.
1203 1734 1231 1776 et
1249 1721 1300 1776 hoc
1318 1738 1372 1773 me·

877 1818 917 1872 ius
937 1829 1021 1873 netu,
1036 1815 1117 1867 buius
1137 1824 1165 1867 et
1183 1811 1263 1864 buius
1281 1821 1309 1864 et
1325 1809 1372 1860 hu·

876 1907 917 1960 ius
935 1906 1042 1959 maioris
1062 1916 1151 1959 netu,
1177 1901 1240 1952 lune
1258 1910 1285 1952 et
1306 1897 1370 1950 huic

875 2006 903 2048 et
928 1993 991 2048 huic
1017 1992 1109 2044 maiori
1138 2000 1223 2043 natu.
1250 1987 1320 2037 hunc
1344 1994 1371 2036 et

863 2062 944 2136 llurne
965 2082 1091 2135 maiorem
1110 2090 1175 2130 nalu
1187 2113 1194 2134 ‚
1207 2088 1235 2130 et
1252 2076 1303 2129 hoc
1321 2090 1371 2124 mn·

874 2173 916 2226 ius
934 2183 1017 2228 natu,
1042 2189 1058 2222 o
1076 2180 1139 2223 eto
1170 2165 1254 2218 muior
1284 2173 1370 2217 natu.

873 2270 900 2312 et
917 2279 934 2312 ο
959 2258 1044 2313 maius
1063 2268 1146 2313 natu,
1174 2254 1207 2306 nb
1225 2254 1275 2305 lroc
1292 2262 1319 2303 et
1338 2247 1373 2300 ab

873 2348 923 2400 huc
942 2357 970 2400 et
988 2346 1023 2398 ab
1041 2347 1094 2398 hoe
1113 2344 1212 2396 maiore
1231 2351 1306 2394 netu.
1318 2335 1372 2389 Nu·
1393 2366 1396 2371 ·

873 2435 935 2486 meri
949 2433 1079 2507 pluralis.
1093 2432 1121 2483 hi
1141 2443 1170 2484 et
1187 2431 1237 2482 line
1256 2425 1369 2479 maiores

872 2535 954 2581 natu,
974 2534 1002 2576 et
1020 2522 1085 2573 haec
1109 2522 1206 2571 maiora
1228 2527 1306 2570 natu,
1324 2511 1369 2562 ho·

873 2632 931 2665 rum
949 2622 976 2665 et
997 2611 1091 2663 harum
1119 2608 1258 2661 ethorum
1284 2601 1370 2654 maio·

874 2721 931 2753 rum
954 2713 1034 2756 nutu.
1053 2699 1135 2751 biset
1154 2697 1195 2749 uis
1208 2707 1235 2747 et
1257 2693 1300 2744 his
1320 2709 1370 2743 ma·

877 2791 976 2845 iuribus
989 2800 1054 2842 natu
1065 2824 1071 2843 ,
1084 2787 1131 2839 hos
1144 2795 1170 2837 et
1192 2784 1239 2835 lus
1261 2781 1370 2832 maiores

876 2893 961 2934 natu.
982 2889 1009 2931 et
1020 2878 1083 2929 haec
1099 2876 1196 2925 maiora
1216 2883 1279 2922 ualu
1291 2906 1297 2925 ,
1310 2888 1326 2921 ο
1343 2879 1371 2921 et

874 2990 891 3022 ο
900 2970 1010 3022 maiores
1021 2978 1102 3020 netu.
1116 2975 1143 3016 et
1151 2983 1167 3016 o
1182 2962 1280 3014 mnium
1291 2969 1370 3015 natu.

875 3058 909 3110 nb
919 3058 962 3109 his
979 3053 1050 3108 eleb
1064 3053 1106 3104 his
1116 3064 1142 3104 et
1155 3050 1188 3101 ub
1204 3048 1246 3100 his
1262 3045 1371 3098 maiori·

874 3146 924 3198 hus
934 3154 1008 3197 natu.
1023 3143 1065 3193 Sic
1083 3151 1110 3191 et
1130 3139 1180 3188 ulia
1192 3134 1292 3201 generis
1312 3150 1369 3183 nur-

873 3240 914 3290 uis
932 3234 1057 3290 nomina.
1075 3248 1144 3301 quae
1163 3229 1280 3281 ablativo
1306 3242 1368 3276 cusu

871 3324 971 3377 nurneri
983 3320 1124 3388 singularis
1134 3337 1170 3367 ·u·
1183 3317 1271 3367 littera
1285 3314 1373 3367 termi-

872 3427 983 3470 nantur.
995 3413 1028 3464 ed
1039 3410 1184 3479 exemplum
1194 3405 1301 3459 maioris
1319 3424 1368 3456 nn·

874 3516 903 3555 lu
921 3520 966 3573 per
978 3518 1066 3554 omues
1085 3515 1178 3551 caurus
1197 3493 1370 3547 declinantur.

874 3593 950 3643 Nunc
978 3591 1004 3642 in
1029 3591 1079 3641 hnc
1100 3587 1181 3641 lorme
1202 3582 1302 3652 generis
1316 3600 1372 3634 om-

874 3684 934 3738 nis,
953 3698 1007 3750 qun
1025 3680 1142 3731 diximus
1163 3675 1280 3728 ablativo
1306 3688 1369 3723 casu

874 3771 974 3823 numeri
994 3768 1133 3836 singularip
1153 3765 1257 3820 nomina
1271 3782 1308 3814 ·u·
1325 3761 1367 3813 lit·

874 3850 1369 3920 teraterrniuaridrocmonemns‚qu0d

874 3961 905 3996 ex
918 3961 948 3995 ea
968 3943 1113 4014 complures
1125 3941 1201 4000 soni.
1219 3939 1319 3992 horest
1337 3953 1368 3988 eo

874 4033 986 4104 plurima
1005 4033 1129 4092 nornine,
1147 4029 1368 4106 possinmhihe.
