3382 5206
381 559 451 656 396
552 592 555 603 ·
664 589 692 633 s.
721 587 911 638 rsnrotcrt
937 589 1045 638 casser

353 692 455 758 Fibra
478 691 588 781 lupina
613 690 721 776 valet,
739 693 828 758 iuvat
846 719 884 761 ac
910 712 1017 783 potata
1039 693 1184 781 dolenti,

356 796 442 863 Cum
460 799 583 886 patitur
602 799 692 866 iecur
707 801 742 864 iu
759 799 894 882 dextra,
911 800 1005 889 splen
1021 802 1090 888 ipsu
1108 803 1246 867 sinistra.

356 902 445 967 Cura
458 901 534 970 ideo
546 904 721 971 amborum
739 904 851 994 parilis
869 909 1040 972 coniuncta
1056 905 1191 974 duobus.

441 1111 519 1178 x11.
543 1136 586 1182 or
608 1132 780 1184 sroutctu
806 1137 851 1183 rr
876 1138 1044 1185 rnrrsruu
1070 1136 1267 1184 notorious.

358 1253 528 1391 Viscera
551 1322 751 1390 multimodis
776 1326 966 1413 quatiuntur
981 1327 1094 1391 intima
1109 1327 1220 1413 poenis
1235 1375 1246 1409 ,

353 1429 395 1495 Et
414 1431 580 1495 cruciatur
597 1452 674 1519 eger
689 1446 775 1496 totus
796 1430 950 1519 languore
972 1431 1113 1513 minaci,

356 1536 388 1601 N
391 1561 428 1603 ec
443 1561 515 1626 spes
530 1536 595 1602 ulla
614 1554 725 1603 manet
740 1539 824 1603 vitae
842 1586 852 1621 ‚
872 1563 944 1604 cum
965 1540 1093 1627 spiritus
1109 1539 1176 1627 ipse

355 1638 430 1706 tllta
447 1642 548 1730 petit,
561 1643 750 1733 peregrinus
764 1642 852 1726 abit,
866 1642 952 1708 bona
969 1668 1114 1733 quaeque
1127 1640 1295 1732 relinquit.

352 1749 480 1815 Dicitur
493 1748 574 1816 haec
590 1765 695 1830 torta,
717 1750 821 1838 gravis
835 1750 909 1838 quia
925 1750 1044 1816 viscera
1060 1765 1206 1837 torquet,

331 1846 463 1944 ‘Atque
482 1855 600 1919 iterum
620 1854 805 1943 iterumque
819 1851 953 1942 placat,
974 1860 1193 1943 corrumpitur
1212 1856 1320 1921 omnis

356 1959 442 2024 Cara
464 1975 581 2023 natura
602 1956 721 2042 simul,
741 1972 869 2046 reparat
894 1959 984 2049 quod
1004 1956 1129 2025 fervida
1150 1959 1299 2050 lympha.

352 2064 407 2133 Sic
427 2067 519 2156 pigra
540 2089 577 2130 er
600 2064 670 2152 ipso
689 2062 859 2131 foveantur
881 2066 1030 2129 membra
1054 2063 1184 2155 liquore

351 2171 393 2237 Et
414 2169 533 2263 frigida
553 2196 591 2237 ex
616 2168 728 2236 calidis
752 2187 925 2236 amnentur
945 2187 1061 2237 cuncta
1081 2173 1220 2240 fluentis.

346 2279 468 2345 *Postea
491 2276 664 2341 distractus
687 2273 843 2341 fundatur
868 2280 987 2343 auseris
1013 2276 1136 2366 adeps,

353 2383 396 2449 Et
414 2386 534 2450 sociata
554 2379 650 2447 simul
673 2399 780 2469 pateat
805 2385 906 2450 virtus
929 2381 1015 2451 foeni
1037 2386 1154 2475 graeci.

351 2490 384 2559 N
387 2514 424 2557 ec
447 2492 551 2559 minus
575 2493 609 2557 in
631 2490 764 2581 liquidis
783 2492 932 2579 coquitur
956 2493 1002 2557 vis
1024 2492 1091 2579 ipso
1112 2490 1257 2557 fluentis.

354 2597 505 2665 Protinus
528 2615 559 2665 et
579 2596 733 2686 pavidum
753 2596 908 2663 fundatur
927 2595 1046 2687 clyster
1063 2598 1098 2660 in
1122 2621 1222 2660 anum
1242 2645 1252 2677 ,

350 2705 419 2788 Qua
444 2706 563 2770 virtute
587 2706 684 2769 miser
706 2704 826 2790 poterit
848 2725 1001 2791 reparare
1023 2701 1169 2768 dolorem

351 2806 510 2898 Squibala
525 2832 623 2898 quem
641 2805 761 2873 faciunt
776 2804 854 2871 dum
877 2831 945 2872 non
958 2808 999 2871 sit
1013 2829 1089 2870 cura
1102 2804 1261 2888 salubris,

353 2910 487 2977 Claudit
509 2929 541 2978 et
568 2928 717 3002 angustos
739 2913 891 2999 patientis
914 2909 1046 2976 cholera
1070 2933 1191 2975 cursus.

350 3017 489 3086 Raditur
511 3035 543 3084 et
565 3020 678 3083 niveus
701 3014 854 3105 elephas,
872 3019 980 3082 statim
997 3017 1211 3105 bibiturquez

349 3125 540 3214 Distorquet
559 3140 660 3190 tortos
684 3125 778 3188 citius
801 3123 881 3189 haec
904 3120 992 3188 datio
1012 3139 1118 3210 potus.

245 3279 248 3283 .
351 3232 534 3300 Sumuntur
556 3231 654 3297 catuli
675 3247 712 3295 ut
733 3227 836 3296 fertur
855 3231 910 3317 pia
933 3232 1058 3296 viscera
1080 3229 1194 3310 caeci,

352 3337 468 3405 Mollia
488 3339 535 3403 sic
558 3339 677 3403 teneris
697 3334 923 3401 adhibendum
947 3333 1133 3400 membrula
1151 3332 1256 3401 fibris.

163 3463 167 3491 ¹
200 3444 302 3552 25⁰³&
349 3445 392 3511 Et
416 3443 512 3511 dolor
534 3446 637 3513 omnis
656 3442 780 3508 habrae
803 3443 823 3482 '⁵
845 3444 1026 3532 transitque
1050 3443 1085 3507 iu
1109 3444 1234 3508 viscera
1256 3441 1332 3509 fissi.

221 3523 288 3553 ‘w
349 3549 475 3616 Plinius
493 3544 542 3637 (t)
561 3546 597 3611 id
619 3564 802 3630 memorat,
820 3547 938 3611 scimus
964 3571 1064 3638 quem
1084 3571 1161 3614 vera
1188 3545 1348 3612 locutum.

436 3792 476 3864 (t)
496 3791 597 3844 Plinius
622 3792 681 3844 vat.
706 3789 753 3842 tib.
780 3791 815 3842 lt.
837 3789 883 3843 18:
905 3790 1017 3840 catulus
1041 3788 1127 3839 duum
1152 3785 1259 3837 dierum
1286 3784 1374 3839 dutus

351 3884 495 3952 ignoranti
512 3900 596 3954 aegro
615 3883 645 3932 in
665 3884 722 3934 cibo
741 3892 767 3933 et
785 3891 862 3931 aceto
880 3881 972 3930 iuuat.
991 3877 1086 3930 Noster
1105 3874 1174 3926 dixit
1193 3892 1303 3926 caecum
1324 3893 1373 3927 ca·

354 3969 455 4028 tulum,
475 3970 591 4026 noudum
611 3969 711 4023 scilicet
731 3966 828 4040 apertis
846 3966 937 4020 oculis.
