3382 5206
742 607 787 655 nt
807 605 945 659 Mm-
1272 607 1324 660 Π

325 743 403 793 cam
421 739 657 820 corrumpens
679 769 690 803 ,
711 713 818 788 fillius
838 713 953 817 inquit
972 737 1073 790 meus
1091 741 1127 791 es
1148 731 1198 794 tu.
1219 713 1266 791 lit
1283 718 1347 792 mi·

327 857 387 912 ror
402 837 500 912 unde
520 834 555 911 ·l·
572 832 708 911 eddidit
734 833 773 907 in
791 833 1005 908 nominativo
1032 859 1115 909 cusu
1142 833 1312 934 singulari
1334 891 1345 927 ,

329 977 415 1034 cum
433 959 472 1032 in
493 954 623 1058 plurali
642 981 792 1030 numero
811 955 906 1030 sicut
923 952 1027 1029 dec'et
1044 955 1220 1058 scripserit
1242 1012 1253 1047 ,
1279 983 1351 1031 mo·

327 1107 398 1154 neo
415 1105 476 1153 vos
500 1077 567 1152 filii
583 1077 664 1151 mei
683 1072 824 1152 Dicunt
848 1076 956 1151 etiam
982 1103 1086 1151 cerus
1103 1104 1169 1188 pro
1188 1104 1314 1154 cervus
1335 1105 1351 1174 3

329 1220 366 1279 et
383 1203 433 1278 sic
451 1219 569 1278 tomen
588 1200 768 1277 declinent
787 1201 880 1277 cervi
906 1228 1009 1276 cervo
1030 1259 1042 1293 ‚
1070 1219 1107 1277 et
1134 1217 1249 1277 cetero
1273 1231 1284 1279 r
1309 1218 1347 1276 et

331 1342 450 1405 umen
470 1323 721 1426 peregrinum,
741 1339 884 1425 tanque
902 1323 1092 1398 barbarum
1109 1340 1165 1397 est
1187 1380 1198 1414 ,
1222 1339 1263 1396 ut
1281 1349 1349 1398 un·

332 1444 377 1518 de
396 1441 541 1519 allatum
560 1443 629 1531 sit,
649 1440 810 1541 intellegi.
824 1469 898 1516 non
917 1441 1032 1542 possit.
1130 1493 1134 1505 ·

412 1591 446 1667 7.
465 1562 578 1640 Nunc
596 1560 641 1637 de
661 1563 820 1661 genetivo
831 1589 923 1638 casu.
943 1558 1072 1638 Omnis
1092 1559 1273 1660 genetivus
1294 1561 1342 1661 (a)

334 1711 433 1760 canis
445 1684 482 1760 in
494 1684 526 1757 ·i·
536 1684 692 1758 litteram
702 1682 929 1774 terminatus,
942 1682 1075 1759 ductus
1089 1698 1161 1759 estc
1173 1681 1345 1755 nutenim

336 1803 460 1902 longus
470 1818 531 1876 aut
541 1801 654 1875 brevis
665 1818 737 1879 est:
755 1801 881 1901 longus
893 1801 956 1904 qui
977 1802 1058 1876 ini·
1068 1799 1344 1903 duplicemdesi·
1436 1854 1440 1862 .
1552 1806 1556 1814 '

335 1921 594 2014 nit‚uthracii
615 1921 796 2023 (b)‚fflii‚
823 1921 1069 2020 gobiitbrevis
1088 1922 1208 2024 quiin
1235 1948 1344 1997 unum
1385 1990 1388 1994 .
1454 1936 1458 1946 '

335 2046 545 2122 terminatur
562 2046 617 2137 ·i·,
636 2063 677 2121 ut
694 2045 811 2137 docti,
830 2044 921 2134 stili,
941 2044 1050 2122 domi.
1060 2042 1161 2121 Licet
1179 2043 1346 2119 nonnulli

337 2164 520 2242 aestiment
544 2167 642 2241 hunc
670 2193 790 2241 casum
812 2192 1037 2268 quocumque
1063 2166 1101 2239 in
1125 2164 1163 2247 ·it
1180 2165 1346 2241 termina·
1387 2258 1391 2267 Ι

340 2302 421 2374 tur,
440 2283 565 2360 debers
583 2283 730 2384 longum
748 2285 846 2380 lieri3
872 2312 938 2358 nos
957 2300 1121 2360 naturam
1139 2285 1344 2386 syllabarum

339 2423 375 2480 et
394 2420 593 2507 temporum
615 2406 656 2480 in
679 2407 749 2481 hoc
770 2432 877 2506 opere
898 2431 972 2479 non
991 2403 1232 2480 discernimus
1247 2409 1271 2501 3}
1279 2403 1344 2480 sed

339 2522 550 2623 simpliciter
568 2521 777 2598 disserimus
801 2521 978 2625 quomodo
998 2548 1103 2596 casus
1122 2522 1191 2624 ipsi
1210 2549 1347 2622 ponen-

340 2641 376 2718 di
397 2659 496 2719 sunt.
522 2639 608 2717 Non
629 2642 727 2718 enim
747 2640 834 2744 quia
853 2623 1041 2740 genetivus
1062 2669 1166 2717 casus
1192 2639 1345 2741 produci

340 2761 506 2858 dicitur,
533 2762 671 2839 idcirco
695 2791 758 2864 per
782 2761 1047 2861 longitudinem
1072 2779 1275 2862 temporum
1299 2776 1348 2832 et·

340 2885 408 2958 ism
433 2885 543 2985 phoni
572 2887 620 2987 (c)
649 2883 885 2959 extensionem
910 2888 1136 2957 aestimamus
1163 2882 1213 2982 (d)
1238 2911 1249 2977 ;
1278 2881 1348 2953 nisi

342 3005 403 3078 ubi
419 3003 475 3079 vel
488 3004 520 3078 ·i·
532 3004 707 3107 duplicato
724 3004 850 3094 fuerit,
869 3003 923 3077 vel
936 3031 976 3077 c·
986 3002 1152 3104 inspirata
1170 3001 1276 3076 faciet
1289 3004 1346 3102 (e).

343 3122 436 3198 Nam
455 3126 634 3223 genetivus
653 3126 691 3200 in
711 3153 770 3200 ·ae·
787 3125 1031 3226 diphthongon
1050 3122 1198 3213 finitus,
1222 3121 1349 3223 produ·

345 3244 394 3318 cit
412 3246 556 3345 quidem
575 3264 743 3336 naturas,
765 3245 825 3319 sed
844 3245 914 3319 nisi
934 3246 974 3346 (s)
997 3272 1035 3317 e·
1055 3242 1278 3344 duplicetur,
1299 3270 1350 3316 so·

345 3392 433 3440 num
452 3393 526 3441 non
545 3366 710 3442 extendit.
730 3363 860 3440 Omnis
878 3363 1058 3464 genetivus
1077 3391 1202 3453 casus,
1228 3365 1292 3465 qui
1312 3364 1349 3438 in
1399 3349 1401 3353 ’

346 3486 395 3557 ·is·
413 3503 473 3560 aut
495 3488 532 3560 in
553 3515 615 3562 ·us·
631 3487 712 3560 finit
727 3543 738 3576 ‚
756 3485 910 3559 breviare
932 3485 981 3585 (g)
1001 3507 1137 3584 semper
1154 3482 1257 3556 debet
1272 3512 1284 3580 3
1308 3483 1349 3558 li-

346 3623 400 3681 cet
421 3606 588 3682 nonnulli
613 3622 740 3708 putent
758 3632 900 3680 omnem
918 3605 1107 3707 proclivem
1130 3606 1179 3705 (h)
1201 3630 1350 3694 casum,
1405 3661 1408 3667 .

410 3826 448 3890 (ι)
464 3825 521 3876 cod·
531 3831 638 3883 generis·
684 3823 724 3887 (b)
740 3827 778 3870 lto
793 3823 843 3870 cod·
856 3829 934 3883 Nuper
950 3832 1026 3870 nutem
1042 3826 1134 3883 unguit
1150 3834 1229 3889 ructor
1244 3826 1347 3870 scriben-

352 3907 483 3954 tutin
497 3909 541 3953 boe
557 3901 678 3950 vocabolo·
716 3902 753 3962 (c)
769 3901 880 3964 eod-sont
894 3901 1038 3962 snpenddits
1055 3901 1129 3962 gloss·
1145 3910 1216 3949 vocis·
1256 3897 1296 3963 (d)
1314 3904 1348 3946 lta

351 3988 456 4051 suppleo,
487 3987 530 4054 (o)
547 3993 585 4034 tn
596 3987 646 4032 eod·
675 3982 710 4046 (l)
725 3985 953 4046 munemne,
967 3988 1020 4046 quio
1033 3982 1102 4045 poulo
1117 3995 1171 4045 port
1186 3986 1280 4045 ponitur
1295 3997 1346 4028 non.

350 4068 390 4134 )g)
405 4074 440 4115 lt·
457 4069 509 4120 cod.
524 4081 567 4128 pro
583 4066 695 4110 breviari.
726 4061 766 4128 (t)
783 4062 1033 4125 Superpooittttglom
1044 4063 1199 4125 productum.
