3382 5206
579 679 993 800 VICTORINI
1031 734 1079 810 ut

596 910 648 967 nr
677 909 936 971 nanvnarc
964 913 1070 975 vira

414 1037 609 1098 rassronu
638 1040 690 1097 ur
721 1040 1067 1106 nescnuucrronr
1097 1051 1250 1112 nonno
1315 1030 1336 1071 ⁴

680 1208 989 1284 CARMEN.

327 1436 456 1573 Actus
480 1508 639 1602 evangelii
662 1510 857 1579 confirmant
878 1530 966 1603 gertr
989 1516 1110 1604 priora.

323 1614 412 1702 Quill
432 1614 757 1706 lecitomnipoteus?
781 1638 903 1709 quanta
924 1622 1047 1709 pietate
1063 1626 1241 1699 moretur?

322 1723 490 1789 Praescius
510 1740 545 1787 ut
565 1720 648 1787 vidit
669 1741 805 1791 ventura
828 1726 975 1816 pericula
1000 1729 1121 1814 nobis,

320 1830 479 1896 Decernit
498 1829 539 1895 de
562 1827 652 1896 eaelo
671 1829 787 1897 ducem
806 1834 994 1901 renovando
1010 1834 1161 1907 salutem.

320 1931 467 2023 Angelus
484 1950 518 2002 et
537 1933 636 2002 caelis
649 1936 736 2002 venit
757 1937 813 2026 qui
834 1934 958 2004 diceret
975 1955 1050 2005 ante
1373 1940 1402 2002 5.

321 2036 508 2106 salvantem
530 2038 698 2106 dominum
719 2057 892 2106 veniturum
912 2042 947 2107 in
967 2042 1095 2133 virgine
1114 2050 1232 2132 mci,

322 2144 370 2210 Ut
393 2144 518 2211 cunctis
540 2161 731 2212 monstraret
755 2146 817 2208 iter
834 2144 1010 2236 aedemque
1035 2145 1250 2241 domumque.

320 2247 418 2314 Anna
440 2249 511 2314 Deo
532 2246 680 2337 placuit,
702 2249 844 2338 genetrix
869 2274 953 2338 quae
973 2268 1083 2317 sancta
1107 2252 1257 2323 docetur.

323 2354 435 2424 Edidit
458 2353 725 2439 lacertarum,
747 2355 922 2421 Dominum
945 2379 1028 2447 quoe
1048 2357 1140 2447 virgo
1161 2366 1312 2454 recepit,

323 2464 528 2550 Conceptnm
547 2460 647 2526 verbo
670 2458 823 2549 spiritalis
841 2462 943 2550 gratia
962 2460 1070 2539 fuditt
1373 2489 1420 2533 ro.

321 2568 439 2637 Omnia
465 2593 549 2662 quae
561 2567 648 2634 solua
664 2566 738 2634 fecit
760 2566 916 2633 miracula
931 2566 1092 2641 Christus.

320 2675 445 2756 Detulit
465 2673 620 2740 infantem
643 2673 760 2739 exactis
783 2673 848 2738 iam
869 2672 973 2739 tribus
994 2676 1112 2760 annia,

323 2785 369 2851 Ut
390 2800 494 2850 custos
514 2780 626 2871 templi
645 2781 761 2855 lieren
784 2803 984 2870 magnusque
1004 2783 1153 2852 sacerdos

323 2890 464 2957 Nomine
484 2887 680 2954 Zaccharias
701 2911 835 2976 parvam
855 2887 981 2975 accepit
1004 2887 1164 2955 alendam.

320 2996 393 3065 Huc
416 2992 508 3060 multi
533 2994 640 3059 coiere
662 2991 747 3075 viri,
769 3016 850 3082 quos
872 2991 1006 3057 iusserat
1023 2993 1090 3082 ipse
1370 3000 1415 3061 ri.

409 3146 452 3217 (t)
472 3146 537 3199 Tres
560 3154 624 3198 sunt
648 3143 781 3197 Victorini
797 3180 803 3201 .
821 3161 931 3212 quorum
958 3146 1073 3199 carmina
1099 3165 1174 3200 sacra
1198 3150 1344 3219 teguntur.

324 3235 521 3293 petavionensis
537 3231 636 3288 saeculi
657 3233 748 3288 tertii,
768 3232 830 3285 Aser
844 3234 942 3287 saeculi
955 3235 1063 3302 quarti.
1084 3237 1262 3294 Massiliensis
1279 3260 1343 3296 sae·

320 3325 374 3377 culi
392 3322 492 3393 quinti.
512 3323 670 3376 Postremum
685 3321 755 3372 liunc
767 3320 890 3375 existimo
909 3335 1040 3377 auctorem
1060 3326 1183 3379 carminis
1202 3329 1340 3395 nondum,

322 3421 453 3481 utputo,
472 3408 560 3465 editi.
578 3408 650 3478 quod
674 3408 701 3461 iu
724 3409 846 3461 vaticano
864 3422 1015 3480 pervetusto
1033 3413 1123 3465 codice
1140 3416 1240 3467 saeculi
1260 3416 1341 3472 ferme

322 3500 416 3555 decimi
436 3499 500 3551 milri
519 3516 546 3553 ac
565 3497 680 3556 obtulit,
701 3511 740 3552 tot
759 3509 845 3551 tamen
864 3500 966 3551 mendis
985 3511 1011 3552 et
1030 3502 1215 3572 corrupteliaa
1235 3504 1340 3560 lssrrarii

321 3586 443 3640 barbarie
458 3584 671 3658 pessumdatum.
689 3597 719 3638 ut
733 3584 784 3637 nisi
799 3596 858 3655 post
878 3585 1027 3638 adhibitum
1045 3608 1060 3639 a
1080 3607 1120 3639 me
1140 3590 1267 3643 medicum
1288 3610 1343 3645 rna-

320 3693 383 3729 num
403 3692 508 3746 prorsus
526 3673 570 3726 edi
596 3691 648 3727 uun
674 3685 770 3743 posset.
790 3673 886 3725 Mende
914 3674 994 3741 igitur
1020 3676 1196 3729 intolerabilia
1221 3682 1319 3733 sustuli
1332 3703 1342 3746 5

322 3781 407 3832 neque
426 3776 512 3817 tamen
532 3772 641 3815 metrum
660 3778 747 3814 severe
766 3761 940 3812 revocandum
958 3764 1060 3831 putavi.
1081 3765 1216 3820 Postremo
1230 3786 1342 3829 moneo.

325 3853 428 3922 aliquot
444 3850 524 3902 huius
542 3848 667 3900 carminis
685 3865 773 3900 versus
790 3867 803 3898 a
820 3847 957 3900 Victorino
972 3849 1123 3922 desumptus
1136 3852 1217 3907 suine
1228 3874 1261 3908 ex
1276 3857 1343 3910 Ter.

324 3938 428 3992 tulliani
446 3937 571 3989 adversus
590 3934 748 3986 Marcionem
767 3932 863 3996 tibrim
882 3953 961 4004 quarn
979 3957 1025 4008 ogo
1039 3960 1092 3996 rem
1106 3938 1268 3998 christianos
1283 3951 1342 4015 905

326 4039 366 4083 tas
385 4025 507 4080 lectitans
526 4025 650 4096 comperi.
