3382 5206
368 530 439 623 456

499 602 907 749 carituram
939 662 1196 774 arsuoua

464 876 507 954 Ἰ.
533 910 658 957 raucus
681 911 722 958 oa
750 912 996 962 rursraauouu
1018 914 1127 961 visust
1153 887 1211 976 (ι).

338 1031 392 1165 P
393 1120 478 1172 astor
498 1129 517 1172 o
536 1107 592 1223 §poi
614 1107 735 1175 Christi
758 1132 835 1176 oves
856 1131 915 1199 per
936 1131 1073 1175 amoena
1098 1132 1215 1198 pascua

260 1288 263 1293 Ι
336 1207 392 1275 Ad
419 1208 565 1277 caelestis
586 1212 727 1302 paradisi
748 1236 839 1280 sacra
864 1214 957 1282 ducis
980 1213 1121 1305 gaudia,

335 1318 442 1401 Quem
463 1317 552 1385 dives
577 1337 609 1386 et
632 1343 758 1409 pauper
781 1337 888 1405 amat,
914 1320 994 1386 civis
1021 1337 1119 1411 atque
1137 1317 1281 1401 advena,

337 1420 438 1489 Cuius
460 1444 552 1488 amor
568 1447 700 1513 semper
721 1447 792 1490 mea
813 1423 992 1512 possidebit
1013 1426 1161 1502 viscera3

334 1527 432 1594 Huuc
455 1527 624 1620 adusque
649 1530 737 1596 diem
761 1546 817 1595 tuo
839 1527 978 1618 supplici
998 1528 1180 1619 gratissima

334 1632 426 1702 Clari
445 1660 527 1727 quae
551 1635 668 1702 dedisti
689 1637 811 1703 Baccbi
836 1635 1057 1728 perdurarunt
1089 1657 1234 1701 munera.

222 1772 226 1781 ·
331 1740 411 1828 Spes
433 1757 481 1809 est
503 1739 595 1807 nulla
622 1743 687 1807 iam
715 1741 867 1828 vivendi,
893 1767 984 1810 mens
1007 1740 1160 1808 turbatur
1185 1738 1300 1821 anxia,

327 1842 407 1909 Vini
430 1847 506 1934 quia
525 1842 641 1910 desunt
662 1845 757 1912 uobis
783 1844 825 1909 ad
848 1843 1031 1913 bibendum
1054 1839 1185 1933 poeula.

327 1948 478 2014 Misimus
501 1948 542 2014 ad
561 1948 669 2016 sorum
690 1969 837 2018 nostrum
861 1950 1010 2019 venalem
1035 1948 1305 2041 grammaticum,

329 2051 448 2120 Nullus
474 2072 522 2121 est
545 2055 603 2145 qui
626 2054 720 2122 illum
742 2073 843 2139 emat,
873 2056 933 2124 sed
958 2079 1018 2124 nec
1038 2055 1094 2145 qui
1116 2054 1259 2143 aspiciat.
1342 2080 1348 2090 s

245 2204 272 2225 .·
325 2159 423 2230 'l'olle
447 2162 530 2248 tibi,
547 2177 640 2250 pater
664 2180 794 2247 sancte,
820 2162 965 2255 dactylos
986 2178 1018 2228 et
1043 2159 1209 2253 syllabas,

326 2269 411 2335 Tres
433 2286 490 2336 aut
509 2285 664 2359 quattuor
685 2286 716 2334 et
736 2271 820 2336 meri
838 2269 933 2337 uobis¹
951 2269 1043 2334 mitte
1066 2262 1213 2357 phyalas.

624 2480 667 2545 ΙΙ.
692 2502 736 2548 oc
759 2500 961 2549 sruacrumt
983 2477 999 2568 (
1021 2485 1046 2561 l.

264 2764 270 2781 ι
327 2618 457 2754 Musa
478 2691 651 2755 senectutis
672 2690 742 2756 istic
766 2705 917 2755 cantatur
947 2711 1068 2753 amara.

322 2795 435 2862 Fortia
456 2796 537 2886 quid
558 2795 666 2862 subito
691 2795 837 2863 dissolvis
855 2796 1005 2862 membra
1026 2787 1201 2861 senectus?

263 2933 266 2941 =
322 2903 413 2986 Quae
436 2902 500 2968 sibi
523 2899 717 2991 bellipotens
742 2903 850 2990 potuit
869 2926 930 2967 uec
952 2898 1095 2966 subdere
1114 2899 1307 2988 quisquam,

321 3010 377 3075 Tu
398 3010 460 3075 tibi
477 3007 629 3098 pestifero
648 3009 784 3092 subdis,
807 3007 981 3101 fugienda,
1001 3029 1168 3074 mucrone.

319 3112 391 3197 Qua
418 3113 580 3203 placidam
598 3138 776 3205 properans
796 3113 915 3202 spolias
939 3115 1061 3178 virtute
1078 3103 1272 3185 iuventam?

319 3220 484 3310 Quicquid
509 3219 551 3285 ad
577 3238 661 3287 astra
686 3218 791 3303 volat,
815 3218 974 3310 quicquid
993 3235 1168 3308 generatur
1188 3215 1222 3280 iu
1237 3215 1349 3299 arvis,

320 3322 416 3391 Colla
439 3328 579 3415 superba
605 3329 665 3392 tibi
688 3324 834 3393 lacerato
858 3342 992 3413 pectore
1016 3324 1130 3389 flectit.

317 3432 345 3498 F
349 3430 458 3522 ulgida
477 3430 616 3500 famosae
634 3432 788 3523 sugerunt
806 3450 956 3520 tempora
984 3433 1090 3514 vitae,

319 3539 396 3604 Nou
419 3563 490 3608 sum
514 3542 572 3630 qui
600 3539 725 3606 dudum
747 3539 889 3624 sueram,
916 3564 990 3604 cum
1012 3539 1133 3604 viveret
1150 3539 1185 3602 in
1205 3559 1260 3599 me

317 3645 430 3713 Virtus
455 3670 519 3738 qua
540 3670 686 3738 pugnaris
712 3662 847 3712 cunctos
872 3669 1026 3735 superare
1050 3644 1205 3710 solebam.

318 3750 504 3820 Corniseros
526 3754 616 3842 potui
647 3777 759 3821 cervos
780 3770 944 3843 prostrare
966 3752 1107 3841 sagittis,

389 3905 436 3972 (t)
456 3903 493 3955 Ex
513 3902 624 3971 atrtiqoo
642 3903 732 3955 codice
752 3913 806 3954 rat·
826 3903 945 3972 palatino
964 3901 1062 3954 saeculi
1083 3898 1118 3950 X.
1136 3898 1178 3950 vel
1198 3896 1245 3949 xl.

392 3993 440 4060 (a)
461 3992 499 4042 Ea
519 3991 611 4044 eodem
631 4002 684 4045 rat·
704 3990 824 4061 palatino
844 3990 943 4043 codiee.
