3382 5206
403 532 473 604 rob
781 554 925 603 senonas
953 555 989 602 rr.

373 719 398 753 ,‚
424 662 517 763 plebi
533 652 702 763 superbae
714 660 814 737 datos
834 664 908 766 (all
928 662 965 735 ·l·
984 662 1104 738 Nolite
1125 666 1241 766 itaque
1262 668 1384 739 vestris

373 840 397 871 ‚,
425 811 568 884 parcere
587 783 716 856 divitiis
737 782 813 872 ·N·‚
835 810 918 857 cum
936 784 981 856 sit
997 785 1103 882 magis
1116 787 1256 859 cunctis
1269 787 1386 860 bonus

373 955 397 987 ,‚
425 900 549 998 opibus
576 901 712 974 amicus
732 899 770 972 ·l·
792 957 816 990 ‚‚
842 900 911 974 Hic
938 901 1094 1000 primurn
1117 903 1282 976 dictionis
1312 902 1387 975 ver·

367 1020 454 1092 burn
473 1045 666 1094 ranssnrnr
687 1021 836 1094 scissum
856 1037 917 1094 est.
937 1020 1021 1094 Non
1042 1049 1122 1120 ergo
1141 1050 1272 1096 norum
1287 1041 1386 1123 pute·
1441 1067 1445 1076 ·

366 1165 447 1212 mus
468 1167 542 1213 esse
563 1129 695 1213 morem
714 1139 903 1214 scindendi
924 1139 973 1240 (b)
987 1141 1123 1239 pliona,
1145 1141 1386 1241 eumantiqui-

368 1274 424 1330 tus
443 1258 585 1331 solitum
614 1261 662 1359 (c)
683 1259 728 1331 sit
748 1258 841 1333 fieri:
865 1258 959 1358 quod
986 1259 1041 1332 his
1066 1277 1288 1358 compertum
1309 1288 1385 1332 esse

365 1376 518 1475 poterit,
544 1377 607 1476 qui
633 1376 765 1449 scholas
793 1375 987 1463 africanas,
1015 1376 1121 1450 immo
1145 1376 1208 1475 qui
1232 1377 1268 1448 in
1299 1406 1384 1476 qua-

368 1520 519 1593 cumque
541 1493 610 1592 poli
630 1511 727 1594 parte
746 1493 875 1592 positas
902 1493 1025 1567 latinas
1044 1494 1250 1593 perlustret:
1270 1521 1287 1564 a
1308 1496 1384 1595 qui-

304 1692 307 1697 ,
365 1614 434 1687 bus
454 1614 540 1685 solet
562 1614 665 1686 etiam
692 1613 787 1687 aliud
816 1613 1000 1686 scindendi
1020 1639 1132 1710 genus
1158 1613 1310 1703 adsumi,
1341 1633 1385 1687 ut

368 1763 410 1807 ex
442 1735 579 1806 duobus
607 1763 697 1833 quae
717 1735 895 1831 ·coniungi
926 1733 1109 1823 debeant,
1138 1753 1313 1834 assumpta
1341 1764 1383 1808 ex
1438 1772 1440 1777 ·

263 1922 265 1927 Α
365 1873 515 1954 utroque
536 1854 662 1954 syllaba
682 1855 814 1954 prima,
842 1882 954 1927 unum
975 1855 1034 1944 fiat
1063 1853 1113 1955 (d)
1140 1857 1320 1954 plronum,
1340 1855 1383 1928 si·

365 1975 441 2048 cuti
461 2003 543 2049 cum
563 1975 724 2049 ordinem
742 2002 783 2047 ac
811 1973 917 2047 fidem
942 1974 1101 2047 volumus
1121 1976 1288 2064 edocere,
1317 1974 1383 2048 Or·

360 2095 442 2194 phei
461 2113 586 2170 cantus
608 2098 653 2195 (e)
675 2094 886 2168 nominatur.
907 2093 998 2166 Item
1025 2120 1106 2167 curn
1130 2095 1234 2167 vitain
1262 2122 1301 2168 ae
1331 2095 1382 2168 di-

360 2216 541 2316 sciplinam
567 2218 646 2316 quis
673 2217 836 2316 exponit,
861 2216 967 2289 ludus
1005 2218 1043 2314 (l)
1066 2216 1286 2315 potissimum
1311 2217 1380 2289 edi·

362 2337 464 2413 citur.
497 2335 602 2411 Sicut
623 2365 728 2410 senex
748 2335 909 2409 Donatus
934 2337 1111 2413 intulit:“
1138 2336 1208 2409 vidi
1235 2338 1382 2410 immen-

364 2515 389 2546 ‚‚
415 2485 488 2531 sam
509 2461 556 2558 (g)
574 2515 583 2545 ‚
603 2457 682 2558 quis
711 2455 886 2556 capiatl„
910 2455 1033 2528 Solent
1053 2457 1148 2529 enim
1166 2458 1301 2555 integro
1320 2486 1381 2531 no-

361 2579 447 2650 mini
466 2579 591 2651 eliade
611 2578 678 2650 alio
700 2577 864 2676 syllabam
883 2575 1119 2676 supplementi
1139 2577 1243 2674 gratia
1263 2606 1381 2678 super-

359 2696 487 2770 addere
508 2754 518 2786 ,
539 2714 580 2770 ut
599 2713 651 2770 est
670 2713 862 2794 suaptum3
884 2723 923 2767 su
952 2695 1049 2769 enirn
1078 2724 1119 2768 ex
1140 2697 1306 2770 suavitate
1325 2724 1381 2769 su-

360 2832 521 2915 sceptum
542 2831 601 2888 est.
1075 2912 1084 2927 ·

442 2962 473 3034 7.
494 2932 615 3006 Multa
636 2948 811 3032 praeterea
833 2949 915 3004 sunt
925 2959 1050 3029 genera
1062 2932 1267 3022 scindendi,
1289 2961 1379 3034 quae

363 3053 510 3152 sparsim
540 3053 576 3124 in
606 3052 680 3124 suis
710 3051 809 3126 libris
839 3051 998 3125 doctores
1027 3051 1230 3150 prodidere:
1259 3053 1379 3126 nullus

360 3190 476 3248 tamen
498 3200 638 3261 eorum,
665 3191 708 3246 ut
735 3174 881 3273 opinor,
910 3173 1133 3272 expositionis
1159 3173 1306 3247 huiusce
1334 3173 1378 3246 ad

359 3318 414 3364 me
434 3320 545 3392 usque
568 3291 678 3364 edidit
698 3319 794 3391 opus.
815 3289 888 3364 Vos
913 3291 1023 3388 igitur
1048 3291 1116 3365 hoc
1147 3293 1250 3364 facite
1282 3293 1388 3392 quod-

359 3437 459 3484 meus
479 3412 642 3509 magister
661 3413 710 3513 (h)
723 3413 872 3500 lecerat,
895 3411 1086 3508 gratuitum
1098 3412 1287 3508 gratiarum
1299 3440 1392 3484 cau·-
1457 3488 1459 3492 Α

358 3555 392 3599 se
412 3528 623 3625 agendarirm
646 3530 685 3628 (i)
707 3558 787 3602 suae
808 3529 949 3627 coniugi
961 3529 1165 3632 cantilicum
1180 3531 1228 3629 (k)
1247 3587 1256 3617 ‚
1289 3557 1388 3629 quae

438 3707 475 3773 (a)
495 3708 550 3751 cod.
566 3716 738 3767 superventas.
771 3710 810 3772 (t.)
827 3708 881 3759 cod·
897 3709 982 3753 scindi.
1015 3706 1052 3767 (a)
1070 3709 1125 3752 cod·
1138 3709 1232 3752 astron.
1264 3706 1305 3772 (d)
1318 3709 1375 3757 cort.

354 3791 476 3846 sacratur.
508 3789 609 3847 (nest.
625 3790 826 3850 orsessusemn.
889 3788 990 3850 (neot-
1006 3787 1084 3830 tntis·
1146 3783 1187 3846 (gt
1204 3788 1375 3830 eudemum

363 3860 403 3926 (a)
426 3865 481 3912 ω.
498 3880 578 3909 aaa„
590 3875 694 3910 oneras.
713 3871 772 3911 sum
791 3868 812 3909 a·
835 3864 1030 3921 profanasse
1042 3863 1100 3910 nna
1112 3865 1224 3913 Aeeteos,
1241 3866 1281 3922 qs
1293 3879 1374 3922 mp„

361 3946 434 3987 nostri
449 3942 542 4000 Virgilii
559 3946 668 4003 magister
692 3939 758 3990 fuir?
790 3941 822 4003 (i)
841 3943 895 3987 cort.
911 3949 1044 3999 gratuitum
1061 3954 1156 4000 grauem
1173 3958 1248 3999 operes
1265 3944 1373 3998 agenda-

362 4036 423 4065 rum.
454 4015 495 4081 (l)
513 4021 567 4066 eod·
583 4021 727 4066 cantatam.
