3382 5206
724 612 768 656 nt
795 610 950 659 nomn.

327 729 354 769 et
369 717 427 770 ideo
446 717 537 785 aliquo
554 735 642 770 eorum
661 715 819 768 rubiciemus

327 806 460 874 exempta,
473 802 572 872 quibus
591 802 715 854 facillime
731 815 758 855 et
777 820 818 853 ce·

328 902 384 943 tera
402 892 459 944 sint
476 890 647 943 dinoscendo.
660 891 722 943 -Ex
746 892 816 943 inte·

328 980 389 1046 gris·
399 977 522 1045 -Figura
536 977 672 1030 nominum
692 995 725 1029 ex
749 976 817 1028 inte·

328 1067 382 1133 gris
391 1065 556 1136 componitur
569 1064 676 1133 quando
690 1063 758 1116 dure
776 1064 817 1115 vel

328 1171 358 1207 oo
369 1154 456 1223 plures
473 1163 564 1223 partes
575 1150 704 1206 orationis
724 1151 751 1203 in
764 1169 817 1202 uuo

245 1238 262 1255 ‘
329 1243 434 1296 nomine
445 1258 500 1295 eree
509 1242 708 1312 repperiuntur.
721 1251 752 1294 ut
770 1258 817 1311 pu·

330 1341 360 1382 tn
370 1329 484 1384 infelix·
499 1330 509 1400 (
521 1331 645 1383 ·in·enim
657 1331 817 1400 praepositio

329 1416 472 1486 utriusque
499 1433 574 1469 casus
600 1415 661 1488 est)
686 1427 713 1469 ct
733 1415 816 1468 teliz·

331 1522 424 1557 nomen
455 1522 524 1557 nune
545 1504 648 1558 scilicet
674 1505 817 1575 rppeiitti-

330 1610 399 1644 vum.
407 1593 445 1645 Eo
454 1592 541 1662 plures
550 1603 637 1662 partes
647 1592 776 1644 orationis
789 1593 817 1644 io

330 1697 382 1731 uuo
392 1679 497 1731 nomine
508 1694 565 1731 esse
574 1677 775 1749 repperiuntur.
787 1689 818 1731 nt

331 1775 396 1833 putu
404 1801 411 1822 ‚
420 1764 567 1834 praesidius
578 1782 652 1835 prae.
662 1765 732 1817 enim
742 1781 818 1836 prae·

331 1855 428 1922 positio
446 1852 559 1906 ablativi
585 1871 660 1906 casus
683 1870 738 1906 esse
756 1870 817 1923 rep-

333 1941 454 2009 peritur;
475 1941 499 1993 si
525 1941 678 1995 coniunctio
697 1942 818 1995 ostendi·

335 2040 376 2078 tur
390 2049 399 2090 i
414 2027 443 2078 di
461 2030 622 2098 praepositio
640 2047 709 2100 qnae
721 2029 818 2099 ioquel·

333 2117 364 2168 iis
383 2118 498 2170 deservit
516 2120 664 2188 recipitur5
683 2140 714 2177 ι,
733 2135 820 2173 autom

333 2206 494 2275 praepositio
524 2208 636 2262 ablativi
661 2228 738 2263 casus
765 2229 822 2264 esse

334 2294 488 2347 dinoscitur.
517 2296 560 2347 Sic
586 2308 614 2349 et
639 2296 692 2350 alie
715 2299 822 2351 nomine

334 2399 403 2449 quae
426 2401 441 2432 u
466 2381 569 2435 duabus
587 2385 627 2437 vei
645 2403 676 2437 eo
702 2384 824 2457 pluribus

334 2469 456 2540 partibus
469 2473 595 2526 orationis
605 2476 752 2529 constituta
769 2493 824 2528 esse

337 2559 523 2628 repperiuntur
538 2597 547 2618 .
573 2561 734 2630 adtigeram
755 2581 825 2617 com·

336 2647 449 2715 positam
481 2664 514 2699 ex
546 2648 654 2717 integris
681 2651 824 2703 seeundum

335 2752 469 2786 nnmerum
496 2754 572 2788 suum
600 2739 732 2809 pertinere
760 2758 823 2811 pro·

336 2822 506 2875 nuntiantur.

372 2913 412 2962 Ex
430 2922 533 2979 integro
551 2925 579 2966 et
592 2928 715 2987 corrupto
729 2948 762 2966 -·
776 2920 822 2970 Fi-

337 3019 401 3067 gura
415 3001 550 3053 nominum
566 3021 597 3054 ex
617 3004 717 3071 integro
732 3019 758 3059 et
770 3026 825 3061 eor·

337 3097 416 3157 rupto
444 3090 633 3158 componitur.
662 3093 770 3161 quoinlo
799 3095 825 3147 in

339 3179 422 3246 prima
441 3191 516 3247 purte
542 3180 655 3232 nominis
681 3201 741 3253 pars
764 3203 826 3236 orn-

340 3264 421 3318 tionis
441 3266 589 3335 repperitur
607 3280 633 3320 et
652 3286 762 3337 sequens
775 3288 827 3321 cor·

340 3365 418 3421 rupta
447 3355 595 3412 invenitur,
620 3369 649 3410 ut
677 3370 742 3429 putu
762 3359 827 3409 snb-

341 3440 411 3495 tiiis:
437 3471 450 3483 ·
470 3443 520 3494 sub
539 3472 554 3484 -
580 3463 650 3496 enno
666 3446 827 3515 praepositio

342 3533 480 3601 utriusque
497 3550 573 3584 ensns
593 3546 631 3587 est
646 3572 652 3591 .
670 3547 698 3587 et
717 3564 731 3574 -
746 3537 826 3587 tilis-

340 3631 501 3689 eorruptum.
521 3621 564 3671 Sic
583 3633 609 3673 et
627 3622 678 3672 ulia
697 3623 826 3679 nonina,

339 3723 408 3773 quae
428 3706 456 3756 in
474 3706 559 3775 prima
575 3719 648 3776 parte
666 3727 712 3760 sun
728 3724 827 3778 partem

340 3791 468 3846 orationis
486 3793 586 3848 habent
599 3798 770 3849 constitutam
782 3834 789 3853 .
802 3808 829 3851 et

341 3892 490 3949 sequentem
509 3894 658 3953 corruptam
676 3902 707 3935 cx
726 3888 828 3952 integro

341 3980 368 4021 et
385 3980 522 4039 corrupto.
534 3970 567 4021 ad
579 3972 747 4042 compositum
766 3974 828 4037 [igu-

343 4074 397 4108 rnn
420 4076 524 4111 necesse
547 4071 587 4112 est
614 4071 643 4112 ut
666 4063 829 4132 pertineant.

998 585 1325 677 ,,16ι

872 717 910 767 Ex
933 725 1057 784 corrupto
1082 725 1108 766 et
1131 712 1234 781 integro
1259 713 1360 764 -.1·'i-

869 818 934 868 gum
962 801 1096 853 nominum
1124 816 1156 852 ex
1182 811 1307 871 corrupto
1332 810 1361 852 et

872 890 972 957 integro
995 890 1177 960 componitur,
1195 890 1303 960 quaudo
1330 889 1359 941 iu

868 979 953 1048 primu
970 989 1046 1048 parte
1069 977 1182 1032 nominis
1204 987 1358 1047 corruptum

869 1067 1034 1139 repperitur.
1051 1077 1079 1120 et
1094 1083 1205 1136 sequens
1223 1081 1284 1137 pers
1299 1079 1360 1117 orr-

869 1157 950 1209 tionis
967 1155 1122 1212 invenitur.
1141 1165 1173 1208 ut
1189 1164 1255 1225 pute
1267 1169 1357 1223 -por-

871 1253 996 1295 tentum·
1006 1263 1016 1306 3
1041 1261 1099 1314 por·
1118 1243 1189 1294 enim
1207 1249 1359 1310 corruptum

870 1349 925 1386 esse
938 1334 1099 1403 repperitur,
1109 1342 1288 1385 tentum·rero
1296 1344 1359 1398 prr·

870 1422 994 1492 ticipium
1020 1438 1076 1474 esre
1100 1419 1239 1491 probetur.
1263 1416 1305 1471 Sic
1330 1425 1359 1468 et

871 1507 922 1558 aiio
937 1509 1059 1566 nomina,
1072 1526 1141 1578 qune
1155 1502 1183 1561 in
1201 1506 1358 1578 primeprr·

870 1607 896 1648 te
912 1615 960 1651 sua
974 1608 1127 1668 corruptum
1140 1595 1241 1650 hubent
1258 1591 1361 1648 consti·

870 1692 957 1734 tutum
975 1717 983 1739 ,
1002 1694 1029 1736 et
1057 1685 1084 1734 in
1112 1680 1234 1750 sequenti
1257 1687 1360 1750 portem

868 1769 996 1822 orationis
1013 1768 1162 1839 oppositum
1185 1784 1217 1820 ex
1236 1772 1359 1833 corrupto

869 1870 896 1911 et
916 1857 1033 1923 integro,
1052 1858 1087 1908 ad
1105 1857 1274 1928 compositum
1293 1854 1362 1920 iign-

870 1966 925 2000 rom
952 1965 1056 2001 neeesse
1090 1959 1130 2000 est
1157 1932 1188 1999 rit
1217 1943 1360 2016 pertinent.

909 2040 946 2090 Ex
966 2038 1068 2103 integro
1086 2047 1114 2089 et
1131 2045 1254 2105 corrupto
1272 2043 1301 2085 et
1319 2031 1361 2083 in-

874 2137 947 2191 tegro
965 2152 980 2165 ·
998 2124 1096 2191 Figura
1114 2122 1248 2176 nominum
1266 2135 1298 2171 ex
1319 2117 1363 2169 in-

874 2225 948 2281 tegro
958 2224 986 2266 et
1000 2223 1123 2282 corrupto
1136 2220 1163 2263 et
1178 2210 1280 2273 integro
1292 2222 1360 2258 com·

875 2304 1001 2374 ponitur,
1014 2301 1122 2372 quando
1133 2301 1161 2352 in
1174 2298 1258 2369 primo
1272 2305 1300 2348 et
1318 2312 1362 2346 uo·

877 2391 983 2446 tissima
997 2402 1072 2461 parte
1089 2388 1202 2443 nominis
1221 2401 1283 2456 pars
1301 2400 1363 2437 ora·

878 2480 959 2533 tionis
974 2478 1137 2549 repperitur.
1151 2485 1251 2526 atvero
1266 2470 1293 2521 in
1307 2484 1362 2520 me-
1397 2514 1401 2520 .

876 2567 922 2619 die
940 2576 1092 2634 corruptum
1107 2560 1243 2615 invenitur
1254 2592 1261 2612 ,
1273 2564 1305 2607 ut
1316 2571 1364 2625 pu·

878 2665 905 2705 tn
932 2683 943 2694 ·
967 2663 1107 2723 perpetuus
1125 2677 1140 2688 -
1162 2683 1169 2704 ,
1199 2661 1265 2716 ·per·
1295 2642 1366 2694 enirn

878 2741 1042 2814 praepositio
1056 2735 1200 2789 accusativi
1219 2748 1295 2784 casus
1309 2739 1364 2794 est3

880 2849 932 2901 ·pe·
952 2846 1014 2882 vero
1032 2835 1184 2895 corruptum
1211 2819 1366 2881 iuvenitur3

880 2932 962 2973 tuus·
983 2929 1070 2969 autern
1091 2927 1231 2985 pronomen
1242 2925 1296 2961 esse
1306 2925 1368 2978 rep·

877 3010 989 3078 peritur.
1012 3006 1055 3058 Sic
1072 3016 1100 3057 et
1118 3001 1170 3053 alia
1189 2996 1319 3052 nomina.
1341 2993 1368 3045 iu

879 3117 991 3169 quorum
1011 3097 1094 3167 prima
1107 3103 1134 3146 et
1148 3088 1291 3144 novissima
1311 3102 1367 3156 pur-

880 3203 907 3244 te
930 3206 990 3258 pars
1008 3182 1135 3239 orationis
1154 3179 1302 3250 repperitur
1317 3211 1324 3230 .
1342 3184 1370 3226 ct

881 3278 908 3328 in
923 3275 1008 3327 medin
1023 3279 1174 3340 corruptum
1190 3264 1325 3319 invenitur
1337 3280 1370 3314 ex

881 3365 982 3427 integro
1009 3372 1033 3412 et
1062 3365 1184 3425 corrupto
1202 3363 1229 3405 et
1250 3351 1369 3416 integro·

881 3451 913 3500 nd
935 3452 1042 3512 figuram
1061 3443 1232 3513 compositam
1251 3438 1369 3510 pertine·

880 3556 907 3590 re
926 3544 1112 3587 monstrentur·
1123 3560 1138 3572 -
1149 3533 1187 3583 Ex
1206 3537 1330 3597 corrupto
1343 3536 1370 3579 et

882 3626 982 3688 integro
1002 3632 1029 3674 et
1049 3610 1302 3687 corrupto-Figura
1319 3631 1368 3667 no·

881 3709 980 3760 minum
998 3727 1029 3758 ex
1045 3715 1167 3776 corrupto
1186 3714 1213 3757 et
1227 3702 1330 3768 integro
1343 3710 1371 3753 et

881 3808 1004 3870 corrupto
1022 3796 1203 3868 componitur,
1215 3790 1323 3863 quando
1343 3792 1371 3843 iu

880 3887 965 3955 prima
983 3895 1010 3936 et
1029 3885 1171 3937 novissima
1198 3893 1274 3952 parte
1291 3879 1372 3933 nomi·

883 3973 923 4025 nis
943 3984 1094 4042 corruptum
1115 3971 1262 4027 invenitur.
1283 3980 1311 4022 ut
1330 3986 1372 4021 ve·

884 4080 911 4114 ro
931 4063 958 4112 in
978 4063 1065 4115 medio
1084 4080 1144 4130 pnrs
1162 4060 1292 4114 orationis
1317 4074 1373 4111 esse

1071 4204 1105 4250 ΙΙ
