3382 5206
357 592 404 667 7⁰
723 560 874 633 trrsroaa
900 586 942 633 ιν.

325 698 429 773 modo
448 697 590 770 adiecta
612 694 760 768 nomina
782 723 824 765 cx
847 692 1024 765 adverbiis
1044 694 1168 766 venire
1193 697 1336 768 videan-

324 838 386 916 tur
409 875 419 908 ‚
446 817 589 891 utheri
618 844 660 907 ea
683 841 754 914 quo
780 815 973 886 hesternus
996 869 1006 902 ‚
1026 813 1131 886 bodie
1158 815 1256 887 unde
1280 816 1338 887 bo-

322 940 475 1014 diernus
503 993 513 1026 ‚
538 964 615 1010 cras
650 935 749 1009 unde
776 934 982 1028 crastinus3
1008 934 1212 1007 debuerant
1240 935 1338 1006 enim

271 1138 276 1149 ,
320 1060 429 1158 magis
448 1056 613 1130 adverbia
635 1083 677 1129 ex
691 1052 898 1127 nominibus
914 1052 1022 1126 nasci.
1045 1051 1165 1151 Super
1186 1054 1253 1126 hoc
1270 1053 1339 1125 Ae-

320 1206 430 1253 neam
450 1176 640 1250 consulere
663 1202 720 1248 me
745 1173 923 1261 memini,
942 1172 1006 1272 qui
1024 1173 1111 1245 mihi
1129 1174 1337 1273 respondit,

323 1296 421 1398 quod
451 1295 523 1368 nisi
557 1296 683 1367 usitata
711 1290 936 1366 consuetudo
965 1292 1253 1390 baee.temporis
1280 1293 1338 1365 ad·

324 1418 446 1490 verbia
473 1443 548 1489 esse
575 1414 776 1488 tradidisset
799 1471 809 1502 ‚
829 1411 1035 1511 temporalia
1061 1413 1169 1509 magis
1190 1414 1337 1486 nomina

326 1554 362 1612 et
387 1552 590 1637 monoptota
623 1535 802 1609 credenda
827 1536 975 1620 forent,
999 1531 1097 1604 unde
1132 1534 1220 1607 baec
1247 1533 1338 1607 deri·

321 1656 433 1732 sativa
451 1673 701 1731 nascerentur.
712 1654 758 1729 Et
769 1685 816 1729 ne
832 1657 886 1730 sui
904 1656 1015 1756 ipsius
1027 1657 1243 1730 sententiam
1259 1687 1337 1757 pro-

324 1804 423 1852 mere
441 1777 655 1865 videretur,
682 1806 701 1850 a
723 1778 877 1877 quodam
904 1805 941 1850 se
962 1805 1048 1850 sene
1070 1776 1163 1851 lulio
1184 1779 1235 1878 (ι)
1256 1778 1336 1849 doc·

324 1916 401 1972 tore
427 1897 592 1979 didicisse
616 1900 823 1987 asserebat,
844 1897 996 1970 addente
1021 1897 1090 1969 boc
1108 1955 1117 1985 ‚
1138 1899 1223 1997 quia
1246 1899 1336 1970 baec

325 2018 472 2092 nomina
492 2016 772 2089 declinationem
797 2045 871 2090 non
900 2017 1044 2089 habent.
1064 2014 1154 2087 lnde
1174 2015 1217 2087 ab
1232 2015 1338 2087 insci-

323 2137 355 2209 is
378 2134 544 2209 adverbia
565 2151 764 2233 putantur3
785 2136 880 2208 sicut
900 2152 935 2207 et
951 2161 1127 2233 nequam·
1148 2152 1183 2206 et
1203 2161 1337 2230 nugas·

324 2284 345 2330 a
374 2255 648 2357 quamplurimis
680 2254 859 2354 qualitatis
886 2254 1080 2341 adverbia,
1107 2270 1252 2352 propter
1279 2254 1337 2325 de-

322 2377 460 2449 lectum
490 2373 771 2461 declinationis,
799 2372 1044 2445 aestimantur.
1064 2370 1138 2443 Sed
1166 2374 1232 2444 hoc
1255 2430 1265 2459 ,
1287 2373 1338 2442 in·

323 2496 424 2596 quit,
440 2493 610 2567 Romanis
633 2521 707 2566 non
725 2491 878 2592 placebit
897 2549 907 2580 ‚
928 2492 1012 2591 quia
1033 2490 1111 2590 plus
1131 2491 1246 2564 solent
1264 2492 1337 2562 obs-

324 2616 477 2689 stinatae
493 2613 749 2688 consuetudini
769 2670 778 2701 ‚
801 2639 909 2711 quam
934 2627 1052 2685 certae
1079 2612 1233 2698 rationi,
1257 2639 1338 2684 con-

325 2736 471 2810 sentire.

404 2852 438 2928 5.
465 2849 562 2925 Sunt
590 2851 698 2924 etiam
727 2849 892 2923 adverbia
920 2904 930 2937 ‚
960 2877 1051 2947 quae
1087 2878 1129 2921 ex
1155 2879 1226 2949 quo
1262 2879 1339 2923 nas-

325 2990 457 3048 centur
478 3030 487 3061 ‚
509 2971 715 3068 ambiguum
735 2987 785 3042 est
806 3026 815 3057 ‚
836 2985 876 3041 ut
896 2971 1051 3057 frustra,
1073 2971 1338 3070 nequicquam,

324 3092 504 3193 nequiter.
523 3090 673 3163 Frustra
700 3090 798 3162 enim
820 3108 944 3162 utrnm
967 3118 1008 3162 ex
1033 3089 1199 3186 originali
1224 3093 1336 3164 nomi·

326 3238 374 3283 ne
399 3266 409 3301 ,
437 3237 484 3283 an
508 3237 550 3281 ex
573 3209 778 3309 imperativo
803 3209 905 3282 modo
931 3208 1028 3282 verbi
1056 3210 1255 3281 communis
1282 3239 1339 3282 ve-

254 3322 257 3337 '
327 3331 404 3405 niat
421 3331 561 3420 ‚adhuc
579 3331 616 3402 in
638 3330 814 3403 electione
831 3330 966 3428 pendet
987 3329 1339 3430 lectorumNequic-

267 3536 270 3540 ⁴
323 3478 431 3551 quam
451 3467 573 3524 autem
593 3467 628 3523 et
656 3450 851 3549 nequiter,
870 3451 898 3521 si
920 3451 1021 3522 ambo
1042 3478 1084 3521 ex
1107 3478 1262 3549 nequam
1283 3480 1338 3523 ve-

325 3571 436 3644 niunt
463 3625 473 3660 ,
500 3570 594 3642 sicut
621 3569 741 3644 multis
764 3570 959 3641 latinorum
979 3569 1144 3646 videtur:
1170 3572 1236 3642 hoc
1264 3588 1339 3643 tan-

325 3705 404 3763 tum
425 3705 541 3771 movet
563 3687 735 3785 plurimos
765 3705 889 3759 utrum
916 3688 1077 3760 adverbia
1112 3689 1258 3760 nonnisi
1287 3717 1338 3760 er

325 3808 474 3882 ablativo
495 3835 579 3879 casu
601 3806 770 3878 adiectivi
795 3806 952 3878 nominis
973 3807 1009 3878 in
1030 3836 1069 3879 ·e·
1082 3807 1199 3880 littera
1220 3810 1338 3880 termi-

405 3979 451 4047 (ι)
469 3978 538 4028 Num
552 3977 596 4027 bic
608 3987 648 4028 est
661 3976 744 4028 lulius
759 3976 851 4026 Victor
870 3960 957 4027 rhetor
976 3993 990 4026 a
1006 3993 1046 4026 me
1063 3971 1172 4026 editus?
1185 3977 1262 4029 Certe
1276 3978 1317 4042 gal

333 4067 387 4120 lum
405 4065 490 4128 videri
504 4066 618 4121 lulium.
639 4065 696 4116 dixi
717 4064 819 4116 ineius
838 4063 964 4117 editionis
983 4063 1152 4134 praelatione.
