3382 5206
733 564 875 614 esnone
901 565 959 614 vn.
1259 541 1327 617 131

337 706 384 754 ne
408 679 508 756 velut
532 676 697 784 quisdam
728 683 995 783 compaginibus
1024 727 1031 743 ·
1059 726 1067 741 ·
1092 697 1181 756 unta
1212 700 1263 757 est
1290 699 1358 761 etc.

336 802 444 878 Nulla
462 804 582 878 littera
600 823 765 908 computo
789 824 883 882 caret
910 808 973 908 (1).
1000 804 1033 879 A
1063 835 1162 908 saepe
1184 808 1358 910 quingen·

335 945 413 1016 tos,
440 955 543 1029 saepe
565 927 739 1026 triginta,
765 959 867 1031 saepe
888 930 1012 1005 decem
1038 931 1222 1031 significat.
1247 931 1301 1004 At·
1327 928 1354 1004 Β

337 1052 499 1154 quinque
529 1053 626 1128 milis
657 1055 711 1128 vel
745 1054 834 1129 duos
867 1071 1026 1129 tantum.
1062 1053 1090 1129 C
1125 1072 1270 1130 centum
1302 1055 1357 1129 vel

337 1175 526 1271 octoginta.
553 1173 587 1247 D
616 1176 829 1277 quingentos
859 1176 1057 1276 semper.E
1087 1198 1283 1276 nongentos
1310 1180 1357 1251 es·

335 1298 420 1372 ficit.
448 1297 465 1371 Ῑ
495 1317 532 1373 et
550 1299 582 1373 V
603 1319 756 1403 quatuor
775 1319 920 1376 centum
940 1301 995 1375 vel
1016 1328 1134 1376 unum
1152 1318 1289 1376 tantum
1309 1303 1357 1375 sa·

333 1421 450 1499 ciunt
475 1421 520 1497 M
547 1423 641 1497 mille
663 1424 846 1521 signifieat
873 1422 911 1495 X
937 1423 1064 1497 decem
1085 1441 1122 1496 et
1146 1423 1272 1498 decem
1291 1425 1354 1500 mi·

333 1547 391 1621 lia.
412 1547 446 1622 G
468 1549 565 1623 omni
585 1575 736 1623 numero
756 1577 872 1650 usqne
899 1548 943 1622 ad
967 1548 1094 1623 decent
1116 1549 1274 1624 subiecta
1293 1567 1353 1624 est.

331 1668 365 1742 H
397 1672 440 1744 ab
471 1669 529 1744 IX
559 1671 744 1771 usquead
775 1671 929 1769 triginta.
962 1668 997 1745 K
1030 1670 1165 1744 centies
1195 1688 1351 1748 centena

333 1792 431 1867 milia
456 1793 606 1894 supplet.
635 1792 668 1867 Ο
697 1794 789 1869 nulli
815 1820 969 1871 numero
996 1812 1146 1894 negatur
1172 1794 1243 1869 sive
1263 1822 1354 1892 mag-
1476 1833 1482 1846 ·

334 1917 479 1991 nissimo
505 1918 576 1991 sive
601 1916 808 1993 midissimo.
835 1915 945 1993 Finit.

614 2289 697 2365 VII.
724 2289 792 2366 DE
821 2289 1072 2369 SYLLABIS.

334 2447 530 2639 Syllabas
557 2554 640 2612 sunt
664 2537 798 2636 glutina
824 2539 1024 2612 litterarum
1050 2581 1058 2597 ·
1086 2581 1093 2597 ·
1121 2583 1130 2642 f
1154 2539 1253 2638 quod
1274 2538 1350 2611 nul-

328 2664 361 2737 le
385 2689 510 2737 earum
530 2661 665 2762 absque
686 2661 865 2735 vocalibus
885 2660 1009 2734 litteris
1028 2678 1118 2734 stare
1138 2677 1264 2761 quea13
1284 2687 1351 2734 un·

327 2786 371 2859 de
398 2804 434 2859 et
459 2787 603 2885 reginae
621 2785 818 2860 litterarum
844 2784 1030 2859 dicuntun.
1059 2783 1220 2884 Syllabae
1246 2812 1347 2859 senas

324 2909 458 2984 litteras
484 2907 731 2984 transcendere
759 2935 833 2983 non
860 2908 1024 2996 debent,
1052 2923 1091 2978 ut
1117 2934 1265 3007 crosps3
1290 2906 1347 2980 vel

326 3034 412 3109 duas
438 3034 564 3107 habere
600 3033 736 3108 vocales
764 3049 911 3131 excepto
938 3030 1185 3130 diphthongo,
1219 3046 1260 3103 ut
1289 3058 1347 3104 aes

325 3158 400 3231 laus
429 3160 527 3233 fraus
552 3177 619 3231 etc.
651 3156 708 3231 De
737 3173 906 3256 computo
934 3153 1144 3253 syllabarum
1168 3154 1249 3253 quia
1277 3153 1347 3229 Te·

330 3285 465 3358 tentius
493 3283 695 3384 plenissime
724 3279 939 3382 disputavit,
966 3306 1031 3351 nos
1058 3277 1216 3352 breviter
1243 3279 1350 3352 disse·

325 3436 460 3498 remus,
481 3437 521 3483 ea
543 3424 681 3482 tantum
700 3434 789 3506 quae
805 3405 880 3504 ipse
898 3401 1043 3501 reliquit
1063 3401 1257 3476 subdentes
1276 3417 1343 3476 etc.

387 3758 426 3828 (ι)
446 3756 603 3809 Conierntur
622 3757 746 3808 Valerius
766 3754 866 3807 Probus
886 3753 919 3804 de
940 3764 993 3805 not·
1013 3768 1078 3804 rom.
1100 3751 1127 3804 in
1146 3751 1263 3806 editione
1283 3759 1335 3812 00.

333 3850 445 3901 thofredi
466 3869 492 3920 p.
516 3848 591 3923 1478.
614 3854 696 3924 ¹479·
715 3849 765 3918 qui
786 3861 873 3899 temen
895 3865 909 3898 n
932 3846 1047 3914 Virgilio
1073 3859 1165 3914 nostrp
1184 3849 1338 3922 plerunque

331 3940 475 4011 discrepat.

955 4131 1023 4202 δὴ
