3382 5206
619 605 791 670 numqua.
1120 583 1186 676 461

194 713 446 806 Conglomerate
467 713 605 798 choros,
628 713 726 782 calvis
749 730 874 780 cantate
894 711 1051 800 choreas,

195 821 345 889 Cirratus
370 820 633 890 celebrescere
654 838 886 911 contempnere
912 819 1020 890 calvos
1031 822 1094 890 atc'.

192 1019 237 1094 Iit
260 1031 400 1119 antiquo
424 1026 537 1095 codice
558 1026 685 1095 saeculi
706 1029 861 1117 firtussc
883 1032 967 1095 noni
989 1030 1042 1098 tel
1069 1031 1215 1117 decimi,

254 1149 332 1220 post
357 1131 393 1201 S.
418 1133 582 1222 Prospcri
603 1132 874 1201 exhortationem
897 1133 947 1201 ad
974 1158 1139 1220 uxorem,
1159 1160 1215 1202 so-

256 1240 393 1325 quentia
415 1237 577 1327 lugebam.

278 1447 517 1513 lNClPlUNT
541 1443 834 1513 SEN'I'ENTIAE
857 1444 1125 1517 GENERALES

496 1683 529 1725 ΙΝ
552 1679 705 1727 stn'GULts
729 1680 897 1729 vuustaus.
994 1730 997 1737 ,

190 1800 366 1934 Utilibns
391 1868 522 1934 monitis
545 1869 687 1959 prudeus
708 1870 935 1940 adcommodct
960 1899 1084 1942 aurem.

191 1975 265 2038 Nou
291 1976 372 2040 laeta
401 1973 555 2044 extollant
574 1981 737 2063 animum,
763 2003 830 2046 nou
853 1981 957 2047 tristia
977 1981 1139 2074 frangant.

187 2085 305 2171 Dispen·
330 2083 461 2151 vivendi
480 2088 562 2155 ratio
587 2104 655 2171 eat,
682 2110 769 2155 mors
790 2089 944 2156 omuibus
964 2115 1047 2156 uua»

187 2191 375 2282 Numquam
397 2210 553 2259 sanantur
575 2192 730 2261 deformis
753 2193 888 2260 vulnera
910 2192 1026 2264 lamae·

188 2296 401 2388 Naufragium
423 2323 534 2366 rerum
553 2316 600 2367 est
622 2299 743 2366 mulier
764 2297 851 2366 mule
873 2297 939 2364 fida
966 2302 1095 2370 marito.

186 2409 240 2472 Tu
268 2409 293 2474 si
321 2409 429 2475 auimo
454 2408 600 2498 regeris,
629 2430 684 2477 rex
709 2430 760 2472 es:
780 2407 806 2476 ai
835 2430 994 2496 corpore,
1016 2435 1138 2478 cervus.

186 2515 355 2582 Proximus
380 2531 445 2582 esto
473 2515 594 2598 bonis,
620 2514 646 2580 si
673 2538 738 2582 nou
758 2530 849 2603 potes
871 2516 1013 2604 optimus
1035 2543 1112 2587 esee.

186 2614 290 2681 Audit
315 2617 403 2706 quod
426 2641 491 2682 nou
518 2616 609 2702 vult,
633 2621 689 2710 qui
713 2621 819 2709 pergit
845 2616 954 2688 dicere
977 2621 1066 2712 quod
1092 2622 1170 2691 vult.

188 2723 254 2786 luri
278 2725 447 2789 servitium
476 2722 583 2807 deser,
606 2726 653 2793 sic
677 2723 763 2791 liber
787 2724 929 2791 haberis.

186 2827 233 2891 Ex
256 2829 332 2917 igne
356 2848 392 2893 ut
417 2826 540 2912 fumus,
566 2830 610 2895 sic
639 2827 723 2894 fama
745 2854 782 2895 cx
808 2829 947 2896 crimine
971 2834 1086 2926 surgit.

185 2931 353 3021 Paulisper
376 2933 498 3000 laxatus
521 2958 632 3021 amor,
652 2933 812 3001 decedere
837 2934 955 3024 quibit·

186 3039 350 3131 Splendor
370 3068 470 3133 opum
490 3044 602 3113 sordes
621 3046 706 3112 vitae
726 3068 793 3112 non
816 3043 922 3112 abluit
943 3069 1114 3137 umquam.

186 3147 303 3216 Mortis
325 3150 430 3242 imago
452 3153 542 3217 iuvat
567 3176 721 3235 somnus,
741 3174 829 3217 mors
853 3152 923 3241 ipsa
949 3152 1094 3222 timetur.

184 3254 312 3337 Quanto
337 3256 441 3320 maior
466 3256 548 3341 eris,
575 3272 663 3321 tanto
690 3254 888 3322 moderatior
914 3272 992 3325 esto·

186 3355 263 3423 Alta
288 3356 409 3424 cadunt
426 3359 530 3428 odiis,
556 3384 656 3450 parva
679 3358 877 3428 extolluntur
899 3385 1020 3431 amore·

184 3466 325 3533 Divitiae
347 3469 532 3557 trepidant,
555 3458 727 3559 paupertina
750 3467 857 3537 libera
878 3494 930 3537 rea
954 3487 1011 3539 est·

185 3573 359 3640 Dissimilis
386 3575 512 3640 cunctis
532 3598 592 3642 vox
617 3574 724 3644 vultus
745 3576 808 3642 vita
835 3573 992 3645 voluutas·

184 3679 322 3745 Labitur
343 3705 380 3747 ex
404 3682 512 3748 animo
537 3678 765 3766 benefactum,
792 3683 912 3748 iniuria
939 3681 1046 3750 durat·

185 3787 310 3875 Saepe,
328 3785 422 3853 dolor
443 3787 546 3870 sicut,
571 3786 722 3855 lacrimas
741 3805 771 3855 et
792 3787 909 3879 gaudia
938 3786 1090 3858 fundunt·

185 3893 350 3957 Tristibus
377 3891 512 3960 adficiat·
537 3893 687 3985 gravina,
711 3895 740 3962 ai
766 3892 851 3961 lacta
877 3894 1043 3963 recorder·

182 3995 269 4084 Quid
293 4016 404 4066 cantus
427 4025 560 4085 careas,
578 3999 685 4070 alicua
699 3999 846 4092 crempla
869 4000 1045 4070 docebunt·
