3382 5206
397 612 424 659 s.
439 609 617 660 sconsam
633 612 676 669 ps
692 611 735 660 aa
750 610 977 663 esauaarrcs
992 613 1038 663 rr
1050 611 1215 667 uranica.
1264 595 1328 683 ⁵⁸7

331 719 486 783 metricae
510 714 707 784 delinitionis
730 713 851 806 regulis
872 715 1008 785 minime
1032 720 1221 790 carvieaiuts
1239 720 1352 810 tripti-

332 834 466 910 tamque
486 817 686 912 syllabarum
719 817 937 891 differentiam
963 820 1048 886 iuxta
1079 820 1354 911 perpendiculum

332 922 511 991 scandendi
537 926 601 993 rite
626 927 837 995 servaverint.
866 925 1019 1016 Denique
1048 926 1215 1016 praedicta
1242 930 1354 1020 aenig-

332 1046 454 1097 matum
480 1029 622 1122 cspitula
643 1033 794 1122 primitus
811 1035 979 1125 quaternis
1000 1031 1236 1101 versicolorum
1259 1032 1353 1100 lineis

333 1134 485 1228 degesta3
507 1139 680 1230 sequeutia
708 1161 783 1206 vero
808 1139 895 1206 iuxta
916 1137 1006 1231 quod
1024 1162 1059 1206 se
1081 1141 1209 1207 occasio
1232 1159 1354 1229 conpo-

330 1240 513 1309 neudarnm
541 1267 652 1311 rerum
675 1243 846 1329 exhibuit,
868 1244 978 1336 quiuis
994 1261 1051 1311 sut
1068 1245 1154 1314 senis
1178 1241 1232 1313 vel
1251 1245 1352 1312 etiam

330 1349 469 1437 septenis
495 1365 676 1419 metrorum
702 1349 851 1417 versibus
876 1367 909 1418 et
937 1374 976 1418 eo
1001 1345 1138 1441 amplius
1161 1349 1353 1416 cartuiuan-

332 1467 413 1518 tur:
437 1454 558 1545 quibus
579 1452 804 1539 indesinenter
824 1455 1005 1522 secuudum
1027 1456 1173 1547 poeticae
1201 1453 1355 1523 traditio·

331 1560 382 1625 uis
406 1558 612 1650 disciplinam
636 1559 707 1629 cola
731 1559 784 1629 vcl
800 1578 963 1628 commata
981 1586 1036 1629 seu
1054 1562 1300 1652 pentimimeriu
1320 1573 1354 1626 et

331 1662 578 1754 beptimimerin
595 1665 770 1736 adnectere
785 1669 963 1758 progressis
981 1667 1069 1736 binis
1091 1683 1148 1733 aut
1169 1666 1270 1734 ternis
1291 1686 1354 1755 pe·

333 1769 429 1838 dibus
451 1772 634 1860 procuravi.
660 1769 818 1862 Alioquin
843 1770 997 1863 dactylici
1020 1770 1201 1838 hexametri
1219 1766 1355 1859 regulae

331 1870 478 1965 legitima
501 1877 674 1966 aequitatis
696 1874 792 1943 lance
817 1876 963 1944 carentes
984 1873 1122 1944 lubricis
1150 1871 1352 1967 syllabarum

332 1982 494 2070 gressibus
518 1981 718 2050 vacillarent.

377 2089 480 2155 Porro
501 2087 593 2180 quod
612 2086 729 2155 eadem
750 2103 839 2153 muta
861 2085 1100 2156 insensibilium
1123 2108 1235 2154 rerum
1257 2101 1354 2152 uatu-

332 2215 392 2276 ra,
416 2189 457 2257 de
486 2216 552 2284 qua
583 2193 730 2283 aenigma
760 2188 948 2258 clanculum
977 2205 1009 2258 et
1038 2188 1143 2258 lateus
1173 2190 1351 2279 propositio

332 2299 546 2386 conpatitur,
569 2299 660 2388 quasi
682 2294 775 2387 loqui
805 2311 838 2363 et
865 2295 1078 2362 sermocinari
1106 2292 1265 2386 fingitur,
1285 2291 1351 2360 boc

331 2416 364 2466 et
385 2400 420 2467 iu
442 2401 545 2468 sacris
568 2399 751 2467 litterarum
774 2398 923 2488 apicibus
947 2398 1106 2465 insertum
1121 2395 1260 2488 legitur,
1274 2397 1354 2488 quia

330 2528 581 2597 nonnumquam
603 2504 807 2574 rationabilis
822 2522 972 2573 creatura
991 2501 1275 2571 inrationabilium
1292 2526 1356 2596 ge·

330 2627 382 2676 stu
406 2629 438 2677 et
459 2612 605 2700 personis
629 2613 751 2689 utiturt
776 2629 809 2678 et
832 2636 851 2678 e
875 2609 1003 2680 diverso
1025 2608 1266 2678 inrationabilis
1280 2632 1355 2677 seu·

330 2739 452 2807 susque
476 2717 646 2783 vivacitate
669 2738 807 2785 careus,
830 2712 1103 2783 intellectualium
1117 2731 1208 2807 gesto
1223 2730 1256 2784 et
1272 2738 1356 2793 voce

329 2818 500 2912 iungiturr
523 2820 804 2912 quemadmodum
826 2823 861 2887 iu
884 2821 971 2889 libro
993 2820 1143 2889 iudicum
1166 2819 1294 2890 diversa
1315 2818 1354 2888 li·

330 2950 470 3016 gnorum
491 2951 610 3019 genera
633 2924 805 2995 articulata
827 2925 970 2995 bominis
992 2950 1071 2995 voce
1092 2926 1261 3019 loquentia
1287 2948 1356 2993 mo·

331 3033 494 3100 uarcbum
523 3034 686 3125 quaesisse
715 3032 926 3105 referunturr
952 3036 1086 3118 ierunt,
1114 3034 1244 3125 iuquit,
1265 3030 1376 3125 ligus¹

330 3163 473 3230 unguere
495 3164 593 3229 super
614 3165 648 3210 se
670 3164 803 3232 regem:
821 3139 879 3205 ubi
902 3156 936 3206 et
956 3138 1149 3232 singillatim
1165 3176 1177 3209 2
1195 3140 1279 3208 sicut
1297 3163 1355 3206 su·

330 3269 390 3334 pra
404 3247 470 3312 iam
486 3244 643 3330 diximus,
665 3245 746 3312 licus
760 3261 793 3313 et
808 3246 882 3313 vitis
899 3242 1065 3339 simulque
1083 3243 1189 3314 olivss
1203 3261 1237 3314 et
1254 3260 1357 3313 extre-

331 3374 424 3416 mum
445 3351 604 3418 rhamnus
625 3352 702 3441 igne
724 3352 857 3441 proprio
880 3353 1086 3444 flammisque
1108 3351 1282 3419 voracibus
1299 3351 1356 3418 Li-

331 3454 410 3521 bani
434 3454 550 3522 cedros
574 3471 824 3540 consummans,
846 3457 934 3524 iuxta
958 3457 1059 3523 ritum
1079 3455 1245 3523 bumause
1267 3452 1358 3523 locu·

330 3564 430 3630 tionis
451 3560 576 3652 profari
599 3560 830 3652 perhibentur.
856 3562 960 3631 Huius
982 3563 1081 3631 etiam
1102 3561 1188 3651 tropi
1216 3558 1357 3650 figuram

330 3668 365 3733 iu
389 3685 507 3759 quarto
529 3690 647 3760 regum
666 3664 834 3735 volumine
850 3670 923 3736 loss
940 3667 1158 3734 israheliticae
1172 3664 1279 3755 plebis
1294 3689 1355 3757 gu·

330 3772 513 3843 bernacqu
533 3776 656 3866 potitus
679 3770 722 3838 ad
745 3768 912 3843 Amasiam
935 3773 1099 3867 regalibus
1126 3773 1259 3863 imperii
1285 3795 1358 3839 sce·

328 3881 411 3968 ptris
442 3878 641 3972 fulgentem,
669 3898 746 3945 cum
767 3876 946 3948 finibuudo
970 3877 1185 3947 cavillationis
1207 3875 1355 3953 ludibrio

325 4001 360 4050 et
381 3986 542 4075 probroso
563 3998 769 4079 gannaturae
791 3985 1025 4054 subsannantis
1047 3982 1154 4075 elogio
1170 3980 1358 4082 ¹crudeliter

331 4110 546 4183 coupoueus3
569 4088 734 4178 carduus,
753 4091 882 4183 iuquit,
903 4088 1025 4161 Libani
1046 4091 1136 4164 misit
1159 4087 1202 4158 sd
1221 4086 1359 4187 cedrum
