3382 5206
593 666 818 720 cnsuutrrct
854 670 900 716 rr
924 667 1089 717 uruntur.
1228 718 1232 725 ,
1275 649 1341 741 599

325 786 357 838 et
383 790 559 860 corporeae
587 766 828 835 sustentationis
857 764 1031 850 edulium,
1059 767 1091 832 iu
1121 764 1241 858 quibus
1272 791 1357 834 mor·

329 868 444 946 talium
468 876 622 943 vivacitas
642 868 802 942 rescitur,
824 874 858 939 in
879 870 1043 962 praecelso
1056 876 1223 961 potestatis
1246 874 1360 943 culmi·

328 1010 370 1054 ne
387 985 563 1077 antiquarii
583 982 751 1072 scriptoris
771 982 981 1048 mercimonia
996 978 1181 1071 indemptus
1196 998 1263 1064 est,
1283 1006 1357 1049 ma·

330 1090 397 1158 lens
416 1092 652 1181 scripturarum
672 1085 890 1154 emolumento
909 1085 1092 1152 litterarum
1113 1085 1253 1154 carnalis
1275 1089 1358 1154 ritae

330 1196 530 1262 nutrimenta
550 1216 610 1284 per
624 1192 747 1259 laboris
766 1192 955 1258 exercitium
970 1188 1128 1280 adipisci,
1153 1214 1253 1282 quarn
1269 1192 1360 1258 iner-

331 1305 371 1372 tis
396 1301 541 1370 desidiae
563 1318 694 1391 torpore
713 1299 882 1365 tabescens
905 1298 1055 1390 gratuitis
1080 1297 1251 1387 epularum
1275 1296 1362 1365 deli·

330 1409 387 1474 ciis
416 1406 567 1499 saginari.
599 1403 698 1472 Unde
728 1404 825 1473 etiam
860 1427 931 1468 cum
966 1404 1124 1483 Prisciani
1153 1404 1359 1493 grammatici

330 1510 468 1602 ·Xl⁷lll·
495 1509 685 1581 volumina,
711 1511 766 1600 qui
790 1531 945 1575 romanae
967 1508 1078 1575 lumen
1109 1507 1279 1574 facundiae
1300 1532 1359 1574 ro·

330 1600 494 1686 sabatur,
518 1617 658 1707 propriis
680 1614 863 1706 palmarum
878 1614 1022 1708 digitulis
1046 1613 1245 1683 calcetenus
1270 1612 1360 1705 dige-

330 1740 378 1788 sta
408 1722 631 1790 describeret,
656 1723 836 1789 inauditam
862 1722 1117 1789 antecessoribus
1148 1739 1180 1787 et
1206 1719 1360 1809 inerper-

330 1843 394 1892 tam
424 1829 606 1918 praeteritis
626 1827 830 1894 saeculorum
852 1827 1104 1917 imperatoribus
1124 1824 1357 1917 promulgabat

331 1933 540 2011 sententiam3
555 1933 711 2021 posteris,
732 1949 767 1997 ut
784 1955 876 1998 reor,
894 1929 1079 2021 exemplum
1094 1931 1276 1998 industriae
1293 1929 1354 1996 de·

332 2036 531 2128 relinquens.
561 2040 656 2131 Ego,
688 2038 820 2130 inquit,
842 2038 1048 2107 Theodosius
1069 2040 1165 2104 totius
1194 2039 1284 2105 orbis
1305 2038 1363 2103 im·

332 2160 466 2233 perator
484 2143 573 2209 inter
591 2168 683 2210 curas
707 2142 819 2234 palatii
840 2142 903 2209 boc
932 2142 1084 2211 volumen
1109 2145 1243 2235 propria
1263 2165 1363 2209 manu

333 2236 514 2338 descripsi,
534 2266 565 2316 et
585 2266 703 2316 cetera.
723 2250 898 2338 Propterea
919 2248 1070 2316 caelestis
1098 2248 1197 2314 tubae
1224 2245 1362 2340 clangor

333 2373 365 2424 et
386 2380 545 2445 supernae
569 2354 699 2446 salpicis
722 2355 852 2422 clasisca
881 2375 1144 2446 concrepuerunt
1166 2355 1365 2423 dicentis·-

334 2485 399 2528 non
422 2462 556 2529 recedat
579 2462 667 2528 liber
692 2461 772 2553 logis
799 2461 839 2531 de
856 2486 912 2531 ore
941 2480 1021 2531 tuo,
1045 2481 1076 2529 et
1098 2461 1310 2528 meditaberis
1326 2461 1363 2526 in

334 2591 370 2635 ea
394 2567 448 2636 die
467 2593 505 2635 ac
530 2587 626 2636 nocte
643 2607 697 2637 ·-.
720 2570 851 2637 Idcirco
877 2572 911 2635 in
935 2570 1088 2636 omnibus
1111 2567 1267 2658 operibus
1293 2568 1360 2632 tuis

334 2695 516 2742 memorare
530 2678 702 2743 norissima
725 2695 797 2745 tua,
817 2694 849 2743 et
869 2679 904 2743 in
922 2694 1089 2744 aeternum
1106 2698 1172 2741 non
1192 2672 1359 2764 peccabis.

332 2781 423 2866 Quae
444 2799 490 2848 est
515 2784 602 2849 enim
620 2782 762 2851 labentis
779 2782 894 2849 muudi
916 2783 1138 2872 prosperitas,
1168 2798 1223 2847 aot
1246 2777 1362 2846 sallen-

333 2888 372 2954 tis
395 2887 480 2953 vitae
505 2885 666 2958 felicitas?
692 2891 809 2957 Nonne
827 2888 992 2955 simillima
1017 2887 1201 2958 conlatione
1224 2903 1261 2952 ut
1277 2908 1360 2953 som·
1386 2960 1389 2965 ¹

333 2992 425 3058 nium
453 2994 641 3078 evanescit,
663 3013 699 3060 ut
725 2992 829 3061 sumus
855 2992 1006 3062 fatescit,
1027 3012 1061 3060 ut
1086 3018 1200 3082 spuma
1227 2994 1359 3061 marce-

330 3094 419 3169 scit?
437 3099 598 3184 Divitiae,
613 3101 721 3191 inquit
748 3098 1006 3191 psalmigraphus
1032 3103 1057 3166 si
1080 3098 1274 3166 adfuerint,
1304 3123 1369 3167 no-

332 3200 390 3269 lite
404 3228 462 3269 cor
478 3202 653 3292 adponere.
673 3204 807 3271 Utinam
821 3206 916 3271 nobis
931 3206 1150 3294 praesentium
1167 3227 1278 3269 rerum
1293 3227 1364 3293 pos·

334 3307 430 3373 sessio
455 3331 521 3373 non
545 3309 588 3372 sit
606 3307 789 3374 futurorum
812 3311 1056 3376 remuneratio!
1078 3308 1279 3375 caducarum
1302 3331 1362 3376 co-

335 3415 400 3502 pia,
415 3430 600 3479 secutarum
616 3438 680 3480 non
696 3419 737 3481 sit
751 3417 879 3506 iuopia!
895 3417 1029 3484 Utinam
1044 3412 1259 3483 lenocinantis
1272 3400 1365 3482 mun·

336 3515 368 3582 di
392 3516 653 3587 oblectamenta,
679 3537 831 3589 aeternae
845 3520 1057 3589 beatitudinis
1071 3546 1137 3589 uon
1152 3523 1288 3612 gignant
1303 3520 1363 3588 de·

335 3624 505 3689 triments!
523 3627 609 3711 Quin
625 3625 730 3713 potius
751 3644 913 3695 transacto
929 3625 1054 3719 fragilis
1080 3628 1164 3694 ritae
1186 3623 1361 3694 intervallo

333 3728 520 3813 succedant,
534 3726 729 3814 suffragante
743 3731 888 3815 Christo,
901 3751 1058 3822 perpetua
1072 3735 1217 3823 praemia
1231 3733 1363 3799 merito·

335 3839 433 3899 rum!
458 3833 554 3921 Quod
573 3836 642 3924 ipse
669 3853 835 3925 praestare
856 3838 1029 3928 dignetur,
1052 3839 1108 3930 qui
1131 3860 1192 3926 pro
1218 3837 1312 3905 nobis
1326 3838 1363 3904 in

333 3936 481 4025 patibulo
501 3939 685 4028 pependit,
713 3965 789 4007 cum
814 3959 947 4008 aeterno
973 3944 1071 4007 Patre
1096 3943 1208 4009 virens
1238 3966 1276 4008 ac
1303 3964 1365 4008 re-

334 4062 436 4129 gnans
458 4064 532 4108 cum
559 4043 684 4132 Spiritu
710 4062 821 4114 sancto
840 4070 899 4136 per
924 4045 1052 4114 infinita
1074 4070 1204 4138 semper
1230 4043 1366 4114 saecula

333 4142 546 4214 saeculorum.
570 4144 688 4216 Amen.
