3382 5206
619 561 682 648 tst
864 555 875 595 ·'
918 585 945 633 s.
972 581 1150 635 atoarnar
1175 584 1218 634 or
1247 584 1290 635 aa

591 687 696 767 visus,
717 708 866 772 mersus,
887 702 1015 769 tersus,
1038 709 1187 775 spanus,
1210 687 1347 756 missust
1372 705 1429 756 aut
1460 692 1497 759 in
1521 699 1641 777 ·x'us·,

589 790 784 874 crucifims,
804 789 1002 880 conplexus,
1017 787 1168 858 adnexos.
1192 793 1318 858 Futura
1340 817 1418 862 vero
1445 799 1639 887 participia

591 892 739 988 qualibet
761 893 1001 988 significatione
1023 896 1209 980 venientia,
1230 898 1256 961 si
1280 896 1468 986 penultima
1492 920 1640 968 natura-

591 1000 666 1070 liter
692 1001 950 1092 producuntur,
976 1002 1185 1070 circumflexo
1209 1021 1346 1071 accentu
1375 1003 1633 1095 proferuntur,

590 1126 625 1174 ut
645 1114 846 1201 scripturus,
869 1107 1025 1178 lecturus.
1049 1108 1085 1178 si
1108 1127 1217 1176 autem
1244 1114 1406 1200 positione
1431 1113 1536 1206 longa
1562 1116 1635 1182 fue·

594 1215 660 1280 rint
675 1265 685 1299 ,
704 1232 888 1299 acuuntur,
912 1232 947 1280 ut
962 1212 1143 1282 audiendus
1158 1215 1368 1298 ,sarciendus
1383 1239 1395 1296 ς
1414 1236 1449 1284 et
1469 1236 1635 1287 neutrum

592 1320 722 1414 dactylo
747 1322 988 1412 suffragabitur.
1021 1320 1106 1386 Nam
1134 1323 1246 1413 aequis
1269 1321 1468 1390 divisionum
1492 1324 1632 1417 legibus

591 1426 790 1494 dirimuntur
806 1430 888 1494 'arsis
905 1444 937 1494 et
961 1427 1059 1494 thesis
1082 1443 1229 1517 tempore
1254 1429 1334 1494 bino
1358 1446 1390 1495 et
1409 1431 1504 1497 bino.

937 1641 987 1708 De
1017 1637 1267 1729 amphibracho.

662 1869 696 1921 Δ.
719 1855 758 1938 Q.
783 1855 892 1939 Quare
911 1853 1068 1918 vocitatus
1088 1869 1134 1920 est
1154 1850 1432 1943 amphibrachus?
1459 1865 1503 1921 M.
1520 1856 1625 1941 Quod

591 1983 628 2026 ex
645 1975 786 2048 utraque
805 1971 898 2046 parte
915 1957 1075 2022 brevibus
1089 1957 1254 2023 ambiatur
1274 1955 1428 2048 syllabis,
1445 1960 1532 2024 sicut
1551 1985 1625 2025 am·

591 2063 756 2154 phitapete
772 2084 873 2153 genus
894 2063 1076 2129 vestimenti
1098 2065 1262 2154 utrimque
1282 2062 1432 2129 villosum
1458 2080 1491 2128 et
1515 2065 1625 2131 hirsu-

592 2187 660 2236 tum
684 2168 832 2255 dicitur,
855 2185 885 2234 et
908 2166 1184 2258 amphitheatrum
1207 2169 1264 2234 ubi
1294 2167 1484 2235 altrinsecus
1508 2174 1625 2237 sceni-

588 2299 702 2342 corum
711 2274 857 2342 ludibria
866 2274 1130 2366 histrionumque
1143 2273 1317 2342 ridiculosa
1329 2293 1514 2340 commenta
1525 2301 1620 2344 exer-

591 2398 732 2466 centur,
760 2398 792 2450 et
817 2378 1025 2470 praesidente
1051 2378 1245 2469 agonotheta
1273 2377 1446 2448 theatrales
1472 2404 1620 2471 pancra-

588 2485 759 2551 tiariorum
782 2507 921 2574 pompae
946 2486 981 2551 in
1005 2507 1148 2549 scamma
1170 2483 1365 2572 palaestrico
1388 2505 1618 2574 peraguntur.

590 2589 679 2682 Ergo
701 2588 779 2668 ὲμφὲ
802 2593 993 2682 utrimque,
1016 2582 1131 2679 sspsxdc
1152 2588 1263 2657 brevis
1285 2590 1537 2678 interpretatum
1558 2590 1617 2655 di-

588 2692 697 2763 citur.
722 2710 755 2761 Δ.
780 2698 828 2763 Da
852 2694 996 2785 exempla
1023 2694 1065 2759 ad
1090 2695 1364 2785 amphibrachum
1387 2697 1614 2784 pertinentia.

587 2811 629 2867 M.
656 2803 744 2871 Haec
758 2822 833 2869 sunt
849 2803 979 2868 nomina
996 2802 1122 2892 primae
1137 2800 1383 2884 declinationis,
1400 2800 1540 2867 eandem
1556 2828 1617 2892 pe-

591 2904 640 2974 dis
665 2906 808 2999 regulam
834 2906 1085 2998 adstipulantiaa
1110 2924 1147 2973 ut
1174 2931 1319 2989 corona,
1341 2906 1478 2989 carina,
1503 2905 1617 2975 lacer-

588 3035 652 3096 na,
674 3036 813 3082 acerra,
836 3037 974 3095 acerra,
995 3011 1143 3094 harena,
1165 3013 1289 3095 arista,
1311 3010 1458 3100 papilla,
1481 3010 1617 3078 ma'mil-

588 3115 646 3203 la,
669 3119 816 3210 capella,
841 3138 977 3202 catena,
999 3123 1144 3210 popina,
1168 3118 1300 3203 culina,
1321 3143 1476 3202 amurca,
1503 3120 1618 3185 tabel-

585 3221 637 3310 la,
655 3224 823 3316 querella,
846 3223 988 3309 locusta,
1006 3226 1142 3290 marisca
1158 3274 1167 3307 ,
1184 3225 1327 3290 rubeta,
1349 3223 1502 3312 pharetra
1521 3275 1532 3307 ,
1552 3250 1610 3290 ca·

583 3333 672 3397 mina
687 3369 697 3399 s
718 3334 859 3423 sagitta,
882 3330 1046 3421 loquella,
1069 3328 1241 3412 medulla,
1265 3329 1427 3414 medella,
1447 3331 1614 3414 taberna,

586 3458 726 3500 caverna
749 3486 758 3519 ,
784 3453 940 3519 caterva,
964 3433 1116 3521 latebra,
1146 3435 1285 3502 terebra.
1321 3438 1402 3501 ltcm
1428 3436 1613 3502 masculina

586 3541 753 3625 camelus,
775 3541 945 3621 caminus,
968 3541 1126 3623 caninus,
1149 3564 1296 3632 egenus,
1324 3542 1474 3628 opimus,
1503 3538 1612 3605 alum-

584 3671 667 3715 nus,
688 3648 855 3730 eburnus,
877 3646 1075 3732 cothurnus,
1094 3665 1218 3738 togatus
1234 3696 1243 3729 ,
1262 3645 1421 3712 anhelus,
1448 3644 1614 3730 libellus,

584 3759 729 3824 amicus,
754 3754 907 3847 iniquus,
931 3758 1158 3847 propinquus,
1180 3753 1354 3845 profanus,
1375 3753 1520 3839 ocellus,
1541 3758 1613 3820 avi·

585 3879 661 3946 tus,
683 3859 859 3948 subulcus,
880 3860 1067 3946 bubulcus,
1090 3859 1263 3928 cinaedus,
1287 3860 1465 3944 Quirinus,
1486 3860 1613 3926 tumul-

583 3985 661 4054 tus,
683 3985 839 4060 tyrannus
855 4017 866 4054 ,
883 3993 1037 4037 severus,
1058 3968 1236 4037 honestus,
1257 3965 1460 4057 triumphus,
1483 3967 1617 4035 cachin-

584 4098 674 4161 nus,
699 4073 860 4168 capillus,
885 4073 1047 4166 lapillus,
1072 4073 1217 4161 latinus,
1245 4098 1403 4158 amarus,
1428 4096 1586 4144 amoenus
1605 4125 1617 4161 ,
