3382 5206
741 585 882 640 emronr.
913 597 954 640 rx.
1138 564 1143 572 ’
1261 572 1330 670 139

340 705 541 806 promissam
561 722 745 777 venturam
766 733 864 799 rern3
895 707 960 776 inei
982 706 1077 804 quod
1101 735 1264 804 praesens
1285 737 1359 805 pos-

338 826 445 899 sideo.
472 823 520 896 Et
538 843 624 898 sunt
650 826 859 923 pronomina
885 853 972 923 quae
993 852 1065 897 non
1087 827 1204 900 omnia
1225 826 1264 900 in
1287 855 1353 901 usu

337 946 537 1034 habentur,
560 963 601 1019 ut
621 973 699 1019 mus
719 1004 727 1033 ,
749 975 828 1043 gen.
849 947 922 1034 mi,
944 946 1012 1018 dat.
1034 973 1117 1037 mo,
1140 976 1211 1022 aco.
1234 975 1354 1037 mum,

330 1044 408 1138 ¹voe.
428 1066 501 1153 mi,
521 1066 587 1141 abl.
608 1092 675 1138 mo.
695 1063 742 1137 Et
761 1064 849 1164 plur.
871 1065 941 1151 mi,
962 1090 1123 1154 morum,
1145 1068 1232 1155 mis,
1255 1095 1350 1154 snos,

335 1185 462 1273 omi,
493 1214 513 1257 a
542 1185 617 1258 mis.
647 1184 744 1260 Fem.
773 1213 856 1272 ma,
885 1211 991 1272 mae,
1019 1213 1191 1274 mam‚o
1221 1215 1306 1273 ma,
1335 1214 1355 1258 a

337 1331 417 1400 ma3
443 1332 546 1393 mae,
574 1332 740 1393 marum,
768 1307 864 1392 mis,
892 1331 989 1392 mas,
1017 1306 1131 1378 arnis.
1162 1305 1205 1377 Et
1232 1324 1352 1379 neutr.

334 1450 440 1498 mum.
469 1422 516 1496 Et
543 1442 625 1513 tus,
653 1441 762 1512 tuus,
790 1453 859 1496 sus.
889 1421 1014 1494 Solum
1042 1424 1174 1496 nullam
1201 1408 1353 1496 declina·

336 1541 472 1615 tionem
489 1543 606 1618 hahet.
636 1540 743 1615 Solus
763 1571 823 1643 per
844 1569 965 1615 ornnes
986 1568 1092 1614 casus.
1115 1541 1211 1616 Sunt
1232 1560 1266 1614 et
1286 1544 1352 1616 aaa

333 1689 422 1760 quae
446 1660 486 1733 in
513 1688 581 1736 usu
606 1688 682 1734 non
709 1680 822 1750 sunt,
851 1680 891 1735 ut
919 1678 1137 1761 quaeamus,
1165 1679 1348 1751 teniat-w,

330 1778 563 1876 quantotius,
589 1780 774 1854 tantotius.
806 1778 910 1852 Sicut
936 1777 1114 1851 Fabianus
1143 1781 1176 1849 ie
1199 1806 1350 1877 ozenna

331 1924 456 1972 versu:
482 1911 507 1943 ‘⁶
538 1915 724 1999 quantotae
752 1914 876 1970 tonant
906 1898 1145 1984 eanuinibus,
1175 1898 1313 1982 Iuliane
1339 1958 1348 1987 ,

336 2071 360 2102 ,‚
387 2044 513 2090 uxores
540 2044 619 2114 apes
648 2019 693 2116 (a)
722 2034 808 2089 sunt
838 2073 872 2104 ‚‚.
902 2016 997 2088 Sunt
1028 2015 1279 2105 deminutiva‚
1307 2036 1350 2089 ut

333 2135 495 2224 solutus,
524 2135 681 2224 ullulus,
707 2136 863 2222 minius,
889 2135 1032 2210 totulus.
1063 2134 1161 2209 Sunt
1187 2136 1350 2208 derivati·

331 2280 403 2342 va,
430 2273 472 2328 ut
496 2255 620 2328 mealia
641 2314 651 2344 ‚
678 2255 811 2343 tualis,
839 2255 974 2339 suetis,
1003 2256 1194 2343 nostratis,
1220 2273 1349 2330 vestra·

330 2372 401 2461 lis,
430 2373 594 2450 alteralis.
624 2373 721 2448 Sunt
749 2374 813 2475 qui
840 2375 1050 2472 pronomina
1077 2402 1140 2472 pro
1168 2376 1282 2448 verbis
1309 2377 1347 2449 in

330 2494 463 2594 quassis
482 2494 671 2595 ponebant.
699 2492 786 2591 Legi
812 2494 848 2565 in
869 2493 1020 2591 quodam
1039 2493 1183 2570 libello:
1209 2507 1233 2538 “
1264 2513 1348 2569 tem-

333 2670 357 2702 „
383 2615 450 2713 plis
477 2614 517 2687 in
545 2642 636 2715 quae
661 2615 851 2712 parietibus
875 2614 924 2712 (b)
947 2613 1056 2688 deum
1082 2613 1280 2687 innumeris
1311 2623 1346 2705 ‚‚ss

331 2732 470 2808 Aeneas
492 2763 622 2808 nornen
643 2737 747 2808 verbo
769 2734 935 2833 anteponi
956 2733 1087 2805 elabere
1106 2735 1291 2822 censebat,
1305 2753 1346 2807 ut

331 2864 356 2896 “
387 2855 510 2926 eodem
531 2854 580 2927 sol
599 2854 637 2925 in
658 2853 752 2926 caelo
772 2852 931 2952 splendet
952 2850 1056 2922 radiis
1087 2909 1120 2939 ‚‚.
1148 2851 1195 2923 Et
1214 2852 1345 2926 iterum

328 2985 353 3017 “
382 2971 435 3045 vir
454 2972 493 3045 in
513 3001 583 3071 quo
605 2973 698 3070 viget
720 3000 780 3044 eor
803 3028 836 3059 ‚‚.
864 2970 909 3042 Et
929 2970 1010 3042 alibi
1028 2969 1164 3044 dicitur
1191 2983 1214 3016 “
1244 2971 1341 3044 fortis
1431 3064 1433 3071 Ι

329 3146 353 3178 ,,
380 3091 538 3190 potentia
559 3091 635 3164 eius
659 3147 693 3178 ‚‚.
716 3088 760 3161 Et
781 3088 953 3161 Homerus
969 3090 1015 3189 (c)
1033 3088 1103 3163 ait:
1126 3102 1149 3133 “
1174 3089 1230 3162 ille
1252 3117 1339 3188 opu

329 3264 353 3296 „
377 3207 593 3282 lentissimus
613 3236 695 3296 rex,
715 3207 837 3303 regina
857 3206 923 3278 dea
943 3207 999 3278 illa
1019 3207 1169 3302 coniuge
1198 3250 1205 3264 ·
1232 3250 1240 3264 ·
1268 3250 1276 3266 ·
1304 3264 1339 3295 ‚‚.

325 3326 370 3398 Et
400 3329 552 3403 iterum:
579 3343 603 3373 “
636 3328 691 3399 ille
724 3328 845 3400 lunam
876 3343 1000 3423 potens·
1030 3326 1167 3423 plenam
1195 3325 1339 3423 spiritus

326 3488 334 3502 ·
362 3489 368 3503 ·
397 3489 404 3504 ·
432 3447 468 3517 in
497 3446 673 3546 placorem
701 3446 788 3517 lueis
819 3503 853 3533 ‚‚.
881 3444 990 3520 Finit.
