3382 5206
358 581 430 655 256

323 710 505 784 compositus.
532 710 633 762 nurnerl
655 709 822 768 eommunis.

323 818 400 854 ersus
417 797 597 854 nominativi.
615 798 688 867 quod
712 797 824 851 declina·

326 886 401 941 bitur
413 888 460 940 sic.
472 885 580 939 Numeri
591 885 750 952 singularis.
764 886 822 954 qui-

327 992 457 1045 cumque.
474 974 681 1041 cuiuscumque.
703 972 824 1023 cuicum·

327 1087 398 1139 que.
415 1083 606 1137 quemcumque
618 1100 626 1119 .
646 1064 825 1135 quicumque.

326 1176 341 1210 s
361 1171 538 1227 quocumque.
558 1150 665 1204 Numeri
690 1149 821 1220 pluralis.

325 1246 501 1316 quicumque.
513 1257 752 1312 quorumcumque.
763 1238 824 1308 qui·

325 1336 509 1404 buscurnque.
534 1348 729 1403 quoscumque,
756 1328 822 1398 qui-

325 1442 495 1494 cumque.a
521 1420 744 1495 quibuscumque.
771 1420 823 1471 Ge-

325 1512 398 1567 neris
419 1509 555 1565 leminiui.
578 1507 678 1560 numeri
702 1504 822 1571 siugula-

325 1600 377 1656 ris.
397 1614 595 1668 quaecumque.
608 1595 799 1661 cuiuscumque
814 1627 821 1647 .

322 1689 499 1755 cuicumque.
517 1700 725 1753 quemcumque.
740 1698 821 1750 quse-

324 1791 452 1845 cumquc.
471 1789 487 1822 a
506 1786 681 1841 quacumque·
713 1766 821 1818 Numeri

323 1863 449 1937 pluralis.
467 1872 666 1933 quaecumque.
692 1871 821 1922 quarum-

324 1966 458 2019 cumque,
485 1944 696 2016 quibuscumque
714 1975 721 1995 .
738 1956 821 2007 quas-

327 2052 439 2105 cumque
450 2071 457 2090 .
468 2047 665 2105 quaecumque.
676 2045 691 2078 n
708 2024 822 2093 quibus·

325 2142 445 2194 cumque.
478 2119 588 2175 Generis
608 2116 718 2170 neutri.
738 2130 823 2164 nume

328 2214 350 2268 ri
367 2208 526 2277 singularis.
550 2205 751 2277 quodcumque.
775 2218 823 2250 cu-

328 2302 491 2367 iuscumque.
505 2295 672 2362 cuicumque.
682 2288 823 2359 quodcum-

327 2408 406 2461 quc.
432 2386 638 2459 quodcumque.
658 2398 673 2431 u
694 2396 822 2449 quocum-

325 2496 386 2549 que·
405 2473 512 2529 Numeri
532 2469 658 2542 plurdis.
679 2483 823 2537 quaecum-

325 2584 392 2639 que.
403 2576 643 2635 quorumcumque.
653 2556 822 2625 quibuscum·

329 2671 398 2723 que,
417 2665 612 2721 quaecumque.
625 2660 824 2714 quaecumque.

326 2761 342 2795 u
359 2740 579 2812 quibuscumque.

361 2827 489 2895 Quisnam
507 2839 648 2894 pronomen
669 2820 819 2875 inlinitum,

327 2915 429 2983 generis
447 2909 586 2964 masculini
596 2947 603 2966 .
613 2911 711 2976 figurae
722 2924 821 2975 compo·

323 3004 399 3058 sirac.
410 2999 512 3054 numeri
520 2997 670 3065 singularis.
684 3013 759 3047 casus
775 3013 820 3047 no·

325 3091 446 3147 minutivi
460 3128 467 3146 .
483 3087 555 3160 qued
572 3085 749 3139 declinabitur
771 3086 820 3137 sic.

324 3180 433 3235 llumcri
462 3175 626 3246 singularis.
655 3175 819 3244 quisquam.

328 3272 483 3338 cuiusquam
503 3302 511 3323 .
541 3263 692 3332 cuiquem.
725 3278 820 3330 quem-

324 3376 429 3430 quem.
452 3353 611 3423 quisquam.
635 3366 650 3398 a
676 3363 818 3418 quoquam.

322 3444 429 3504 Numeri
446 3441 568 3514 pluralis.
590 3440 734 3508 quiquam.
750 3458 818 3510 quo.

322 3555 460 3610 remquam
482 3573 489 3593 .
510 3530 713 3604 quibusquam.
737 3550 817 3601 quos-

322 3646 417 3699 quam.
437 3622 582 3692 quiquam.
602 3638 617 3670 a
630 3618 816 3689 quibusquam.

210 3746 218 3757 ι
321 3712 431 3769 Generis
452 3707 589 3762 feminini.
605 3708 707 3758 numeri
727 3709 815 3776 singu·

319 3800 383 3853 luris
403 3834 410 3854 .
435 3812 610 3864 quaequam.
636 3796 815 3864 cuiusquam.

320 3887 458 3954 cuiquam.
467 3900 626 3952 quamquam
637 3900 813 3952 ,quaequam

320 3994 336 4026 a
363 3987 507 4042 quaquam.
537 3969 644 4021 Numeri
672 3970 781 4039 pluralis
806 4007 813 4027 ,

320 4078 479 4137 quaequam.
490 4075 691 4131 quarumquuu.
705 4058 813 4129 qfibus·

607 605 864 656 crruusrrcus
893 594 1094 657 ursicinus

876 728 975 781 quum.
1001 728 1169 782 quasquarn.
1203 736 1381 791 quaeque,

879 797 1099 870 equibusquam·
1117 803 1236 857 (seueris
1270 812 1381 869 neutri.

877 887 977 939 numeri
1004 888 1165 955 singularis.
1191 893 1379 964 quodquam.

876 974 1048 1044 cuiusquam.
1057 977 1199 1047 cuiquam.
1209 982 1381 1053 quodquam.

876 1060 1046 1131 quodquam,
1065 1081 1081 1113 u
1097 1082 1246 1134 quoquam·
1266 1069 1379 1123 Numeri

875 1150 1010 1218 pluralis.
1042 1169 1218 1223 quaequam,
1248 1174 1382 1227 quemn·

876 1255 969 1306 quam,
984 1238 1182 1311 quibusquam.
1204 1262 1379 1317 quaequam.

875 1342 1041 1395 quaequam.
1064 1347 1080 1380 a
1102 1328 1300 1401 quibusquam.

910 1414 1037 1484 Quisquis
1059 1434 1202 1485 pronomen
1217 1420 1379 1475 inlinitum.

879 1500 980 1565 generis
998 1502 1155 1560 masculini.
1184 1505 1288 1571 figurae
1307 1522 1380 1559 oon·

874 1588 995 1657 positae.
1010 1594 1111 1645 numeri
1126 1594 1289 1661 singularis.
1301 1612 1381 1648 casus

875 1680 1062 1739 nominativi.
1091 1684 1163 1753 quod
1194 1684 1381 1739 declinabitur

875 1770 922 1820 sie·
935 1770 1041 1823 Numeri
1057 1772 1216 1839 singularis.
1233 1775 1378 1845 quisquis.

875 1856 1051 1935 cuiuscuius.
1077 1858 1182 1915 euicui.
1202 1876 1379 1929 quemquern.

874 1945 1012 2015 quisquis.
1028 1966 1043 1997 u
1058 1966 1176 2017 quoquo·
1192 1949 1306 2003 Numeri
1320 1950 1380 2020 plu·-

876 2031 939 2084 ralis
957 2069 964 2091 .
983 2035 1078 2104 quiqui
1094 2072 1101 2092 .
1121 2053 1350 2107 quorumquornrrr
1368 2074 1377 2095 .

876 2120 1073 2190 quibusquibus
1098 2157 1105 2177 .
1128 2140 1291 2193 quosquos.
1314 2124 1378 2193 qui·

877 2207 941 2275 qui.
956 2227 971 2260 u
990 2208 1197 2279 quibusquibus·
1214 2212 1330 2264 Generis
1342 2210 1377 2264 le·

877 2295 971 2347 uu'nini
996 2301 1097 2350 nunu-ri
1119 2299 1280 2367 singularis.
1295 2318 1374 2368 quae·

876 2406 959 2454 quae.
979 2390 1148 2446 cuiuseuius.
1163 2390 1270 2447 euicui.
1282 2410 1373 2461 quaru-

877 2496 971 2545 quam.
991 2498 1169 2551 quucqune.a
1188 2500 1307 2551 quaquu-
1322 2484 1374 2535 Nu·

877 2564 941 2614 meri
956 2565 1080 2634 pluralis.
1091 2585 1239 2637 quaequae.
1249 2588 1374 2637 quarum-

876 2670 1010 2720 quarum.
1039 2653 1259 2725 quibusquibus.
1288 2674 1372 2727 quus·

828 2736 832 2743 '
874 2756 957 2807 quus.
972 2758 1119 2810 quaequae.
1133 2760 1148 2792 u
1162 2742 1372 2812 quibusquibus·

876 2827 987 2880 Generis
1006 2830 1112 2887 neutri.
1137 2832 1235 2883 numeri
1257 2833 1372 2900 sing-la-

875 2917 926 2974 ris.
945 2918 1106 2987 quodquod.
1117 2919 1272 2974 cuiuscuius
1285 2959 1293 2979 .
1312 2923 1371 2975 cui·

877 3005 937 3062 cui.
957 3008 1120 3075 quodquod.
1140 3027 1154 3059 a
1172 3024 1294 3076 quoquo·
1314 3010 1372 3061 llu-

876 3096 939 3147 meri
959 3097 1084 3165 pluralis.
1113 3116 1274 3166 quaequae.
1302 3118 1373 3171 quo-

876 3200 1059 3252 rumquorum.
1069 3183 1267 3253 quibusquibus
1276 3222 1283 3241 .
1292 3202 1374 3255 quae·

873 3289 958 3340 quae.
972 3289 1122 3340 quaequae.
1132 3290 1147 3321 u
1161 3271 1369 3341 quibusquibus·

910 3360 1036 3426 Quisnam
1062 3376 1203 3427 pronomen
1223 3358 1373 3416 infinitum.

873 3448 974 3512 generis
1000 3447 1157 3502 masculini.
1174 3449 1273 3514 figurae
1302 3466 1374 3503 com-

870 3536 990 3605 positae.
1005 3534 1106 3585 numeri
1117 3534 1259 3599 singularis
1271 3571 1279 3589 .
1297 3552 1373 3589 casus

871 3622 1039 3676 nominativi.
1050 3621 1121 3689 quod
1133 3620 1313 3675 declinabitur
1324 3624 1372 3676 sic·

869 3710 976 3762 Numeri
991 3710 1154 3773 singularis.
1172 3710 1316 3778 quisnam.
1330 3729 1375 3763 cu·

869 3797 985 3856 insnum,
999 3798 1113 3851 cuinam.
1127 3814 1284 3866 quemnam.
1302 3800 1375 3868 quis·

868 3902 945 3941 num,
967 3902 1123 3953 aquenum.
1152 3885 1260 3937 Numeri
1281 3886 1375 3957 plura·

866 3970 916 4027 lis,
943 3971 1071 4039 quinum,
1091 3989 1268 4041 quorumnam
1283 4008 1291 4028 .
1310 3972 1376 4043 qui·

871 4059 992 4117 besuam.
1002 4078 1140 4130 quosueru,
1152 4062 1264 4130 quinum
1275 4097 1282 4118 .
1293 4080 1310 4113 a
1319 4062 1365 4133 qui
