3382 5206
752 611 793 655 ns
814 610 922 658 veneo.
1263 588 1311 665 65

327 715 364 789 in
400 746 524 792 versus
553 777 563 809 ,
598 719 695 819 quod
734 721 877 819 planius
912 720 950 793 in
986 720 1228 797 declinatione
1263 753 1341 823 pro·

328 836 500 912 habimus.

410 956 469 1051 34.
495 952 700 1028 Affirmatio
728 953 926 1029 uno'modo
951 956 1155 1031 secundum
1177 975 1342 1047 nostros,

327 1101 413 1146 cum
433 1074 507 1149 duo
527 1075 634 1148 verba
656 1103 721 1174 pro
744 1075 955 1149 affirmanda
978 1076 1158 1150 sententia
1181 1077 1249 1150 uni
1272 1078 1347 1151 dic·
1443 1152 1446 1163 ,

327 1191 419 1262 tioni
439 1192 649 1291 praesident
672 1196 720 1292 (a)
747 1251 757 1282 ‚
785 1193 990 1268 secundum
1011 1194 1101 1268 illud
1124 1194 1273 1271 Aeneae
1296 1198 1348 1271 di-

326 1311 468 1410 centiss
489 1325 514 1359 “
538 1312 653 1415 Reges
684 1341 846 1389 romanos
869 1342 982 1414 aequa
1005 1332 1042 1388 et
1061 1343 1144 1388 vera
1168 1317 1348 1391 sententia

329 1429 511 1506 credimus
534 1449 569 1507 et
590 1433 795 1528 fidimus‚‚.
819 1432 1014 1508 Sufficeret
1035 1435 1111 1509 dici
1134 1435 1345 1526 credimus,

328 1550 401 1623 nisi
422 1553 507 1651 quia
528 1556 744 1628 sententiam
770 1555 961 1630 adfirmare
989 1556 1111 1631 voluit.
1131 1553 1345 1632 Affirmatur

328 1671 437 1743 etiam
450 1673 516 1746 hoe
532 1673 681 1748 dicendi
696 1692 789 1750 statu
805 1676 854 1776 (b)
870 1675 970 1748 verbi
987 1701 1071 1749 eum
1086 1675 1241 1750 dicimus
1255 1690 1280 1723 ‘⁶
1290 1706 1347 1751 ve·

328 1791 383 1863 nit
398 1792 517 1892 inquit
530 1795 585 1866 vir
604 1852 653 1886 „.
675 1794 754 1869 Hoc
768 1823 834 1895 pro
849 1795 1087 1868 affirmatione
1104 1813 1248 1870 tantum
1265 1827 1274 1873 t
1294 1825 1347 1871 ra·

330 1909 379 1982 tio
395 1911 501 1983 enim
523 1913 574 1985 sic
597 1914 746 1989 haberet
773 1927 798 1961 ‘⁶
822 1913 921 1987 venit
943 1913 1114 2013 inquiens
1135 1915 1200 1988 vir.
1220 1971 1246 2004 ,‚
1271 1913 1347 1989 Sed

327 2031 412 2130 quia
435 2032 466 2104 si
487 2033 613 2107 modus
635 2034 852 2110 indicativus
875 2036 913 2108 in
937 2063 1011 2108 una
1042 2033 1202 2109 dictione
1232 2037 1348 2137 dupli·

329 2168 453 2241 catur,
469 2169 597 2250 putant
619 2182 656 2226 se
679 2155 862 2228 fortiorem
884 2155 1003 2232 facere
1027 2158 1272 2245 sententiam,
1295 2158 1348 2229 id-

328 2275 426 2349 circo
440 2278 590 2351 verbum
605 2277 744 2377 inquit·
759 2279 961 2378 participali
976 2280 1081 2354 modo
1096 2296 1258 2382 ponunt3
1281 2283 1344 2354 sed

328 2412 446 2468 tamen
470 2414 512 2471 ut
534 2413 756 2497 supponatur
777 2396 904 2498 prius,
926 2398 1117 2498 loquitur:
1140 2424 1225 2471 nam
1244 2426 1345 2499 prae·

327 2534 506 2617 posterato
528 2518 614 2591 licet
635 2516 763 2590 ordine
789 2518 974 2592 scribendi
996 2521 1047 2593 sic
1077 2519 1168 2593 dicis
1194 2574 1204 2607 ,
1226 2518 1348 2618 inquit

327 2639 436 2712 venit.

408 2757 467 2834 35.
487 2755 673 2830 inchoatio
697 2756 736 2828 in
758 2784 832 2831 una
857 2773 1001 2830 tantum
1021 2754 1122 2828 verbi
1150 2754 1263 2827 forma
1284 2755 1344 2828 ha-

327 2885 433 2956 betur
451 2941 460 2972 ‚
475 2910 568 2982 quae
589 2882 701 2954 sorma
716 2881 760 2952 ob
775 2881 843 2953 hoc
858 2880 1059 2953 inchoativa
1076 2879 1239 2967 dicitur,
1259 2881 1344 2979 quia

326 3003 562 3102 praeteritum
577 3017 717 3098 tempus
732 3026 805 3071 non
820 2999 947 3071 habeat
967 3055 976 3087 ,
992 3015 1034 3072 ut
1051 2998 1198 3071 calesco.
1215 2995 1349 3092 Quam·

327 3146 436 3219 quam
448 3119 552 3193 multi
566 3119 761 3191 latinorum
776 3119 955 3189 affirment
970 3117 1113 3190 nullum
1128 3117 1276 3191 verbum
1288 3120 1348 3191 fie-

327 3239 361 3310 ri
376 3238 506 3310 debere
518 3236 631 3338 ‚quod
644 3236 881 3335 praeteritum
895 3252 1033 3334 tempus
1049 3263 1123 3308 non
1138 3236 1268 3311 habeat
1281 3239 1345 3336 (1)

328 3356 473 3452 Quibus
498 3385 567 3430 nec
595 3385 658 3453 ego
679 3382 901 3428 rennuerem
922 3382 1033 3443 ‚cum
1054 3355 1166 3428 multa
1195 3356 1346 3428 eiusmo·

330 3478 367 3551 di
392 3479 524 3566 verba,
552 3505 644 3577 quae
666 3477 835 3548 videntur
861 3475 1062 3547 inchoativa
1083 3532 1093 3562 ‚
1113 3475 1348 3573 praeteritum

409 3660 447 3722 (a)
466 3664 680 3720 eod-praesidum·
726 3662 766 3723 (h)
783 3660 840 3707 cod·
854 3671 940 3704 emtus.

410 3803 450 3876 (ι)
470 3804 512 3858 An
536 3804 607 3857 hunc
625 3802 704 3856 ferme
728 3804 812 3856 locum
833 3803 888 3876 (an
906 3803 997 3875 potius
1018 3803 1051 3856 ad
1071 3813 1113 3856 ter
1130 3803 1228 3874 quinas
1246 3803 1335 3874 epito-

339 3887 433 3961 Μυῒ)
450 3889 582 3960 pertinere
599 3891 706 3945 videtur
725 3889 907 3946 testimonium
923 3909 938 3941 n
954 3888 1100 3943 Gainiredo
1120 3891 1289 3957 grammatico
1309 3888 1337 3940 in

339 3981 399 4032 eod.
420 3991 477 4033 nt.
495 3999 522 4051 p·
544 3979 584 4035 16·
607 3981 758 4035 laudatum·
787 3981 907 4052 Virgilio
928 3992 1072 4037 testante,
1095 3993 1204 4033 veteres
1223 3983 1336 4032 initium

339 4068 539 4122 declinationis
552 4072 695 4123 vet-dorum
709 4090 725 4123 a
733 4071 890 4139 praeterito
898 4070 1046 4141 plusquam
1056 4070 1177 4141 petsecto
1191 4068 1337 4122 habetem.

1040 4188 1061 4263 5
