3382 5206
747 613 934 663 cannen
967 615 990 661 t.
1279 589 1360 689 373.

348 727 391 792 Et
417 724 574 818 quicquid
596 720 754 791 sceletum
779 720 936 806 molitur,
956 719 1105 810 perlicit,
1131 719 1228 787 audet

416 830 582 899 Pollutum
605 852 737 917 corpus,
760 852 849 895 mens
872 852 949 912 ren,
972 826 1082 916 lingua
1104 825 1221 918 loquax
1243 833 1313 907 (i)‚;

348 942 494 1021 Totum,
521 936 651 1027 placato
670 936 818 1027 quamvis
842 935 902 1002 sub
929 933 1057 1017 iudice,
1082 932 1168 1004 secia

270 1063 324 1131 90.
416 1044 491 1109 Nou
515 1043 617 1108 habet
637 1043 673 1106 in
696 1057 786 1106 tanto
810 1040 946 1107 crimine
970 1063 1075 1128 poena
1099 1038 1220 1105 locum.

347 1147 415 1216 Sed
437 1148 496 1213 tibi
514 1147 599 1230 laos,
624 1147 686 1211 tibi
709 1161 820 1211 sancte
838 1163 934 1234 pater
955 1145 1025 1211 laus
1041 1162 1189 1234 tempore
1207 1145 1242 1208 in
1264 1144 1372 1225 omni,

415 1255 476 1338 Qni
496 1271 585 1342 putes
608 1250 772 1317 addictam
793 1256 840 1331 (a)
865 1251 1031 1317 vivificare
1050 1252 1213 1330 onimum3

348 1359 487 1422 Parcere
509 1357 687 1439 subiectis,
710 1355 854 1420 tenebris
880 1348 1052 1422 infundeie
1072 1353 1208 1437 lumen,

417 1460 460 1525 Et
480 1462 586 1526 brutis
607 1477 733 1525 sanctos
754 1459 794 1524 de
818 1458 956 1547 scopulis
977 1458 1083 1526 secere
1107 1460 1166 1546 (3).

272 1575 327 1661 95·
349 1568 377 1633 Ε
403 1565 512 1632 medio
535 1565 647 1631 mortis
668 1565 821 1628 vitiorum
841 1567 970 1655 gurgite
995 1588 1115 1630 mersus

419 1673 551 1761 Eripior
573 1673 692 1736 sanctis
716 1669 905 1759 purificatus
928 1670 973 1758 (a)
998 1671 1090 1760 aquis
1105 1668 1166 1757 (4).

349 1776 390 1842 Et
412 1774 509 1842 modo
535 1775 591 1865 qui
616 1777 727 1842 merui,
744 1792 904 1841 tortorum
935 1774 1086 1858 vincula,
1114 1776 1284 1857 flammas,

418 1882 511 1949 Idem
538 1906 602 1948 non
626 1880 716 1947 idem
740 1883 806 1946 iam
829 1881 922 1971 quusi
938 1879 1025 1945 liber
1049 1904 1118 1971 ugo.

351 1989 437 2072 Quid
452 1988 619 2078 loquimur
633 1983 747 2057 liber?
761 1988 889 2054 frenant
903 1988 988 2053 hunc
1013 1988 1150 2053 crimina
1167 2009 1280 2054 vocem
1296 1981 1370 2071 (5);

255 2113 327 2157 too·
417 2094 538 2161 Servus
561 2094 687 2182 peccati
710 2110 781 2181 post
803 2094 929 2159 veniam
952 2110 1075 2161 teneor.

349 2200 434 2264 Nam
458 2217 546 2265 vetus
570 2216 602 2267 et
625 2197 733 2264 studio
761 2198 927 2287 pugnandi
951 2199 1135 2286 promptior
1158 2196 1259 2264 hostis

417 2306 589 2370 incautum
616 2305 713 2370 variis
732 2305 856 2370 artibus
884 2305 1046 2393 exagitut;

450 2486 487 2546 (a)
502 2484 644 2531 Vuenlrulun
661 2490 775 2532 lactantii
791 2489 845 2531 inst.
862 2489 914 2532 Vll·
932 2485 959 2530 5:
983 2485 1047 2530 homo
1068 2486 1171 2530 caelesti
1194 2487 1298 2534 lavacro
1315 2504 1365 2547 pu-

360 2582 478 2640 rsfieatns.

435 2743 481 2811 (ι)
501 2743 626 2795 Paulinus
648 2754 709 2813 post
733 2743 928 2796 conversionem
947 2750 1032 2814 poena·
1052 2743 1097 2795 tv.
1119 2752 1179 2797 orat
1196 2744 1304 2800 Deum.
1327 2755 1358 2799 ut

365 2828 416 2880 sibi
435 2831 515 2886 hoec,
535 2849 588 2900 que
608 2830 646 2882 ibi
666 2849 773 2901 quoqne
792 2843 943 2888 enumerat.
962 2834 1029 2886 vitia
1046 2832 1168 2904 deinceps
1191 2833 1278 2887 vitare
1296 2851 1358 2889 eon-

366 2917 461 2982 tingat.
479 2916 507 2967 lul
524 2917 609 2987 ipsum
624 2934 700 2986 saepe
718 2915 782 2970 lacit
802 2918 828 2969 in
847 2918 980 2989 epistulis.

435 3002 476 3074 (a)
495 3003 599 3055 Latine·
617 3003 659 3054 Sic
672 3003 741 3054 onim
761 3002 924 3055 vocabantur
943 3015 1002 3074 post
1021 3003 1220 3056 damnationem
1234 3003 1355 3058 obaerati

366 3088 492 3140 homiues·
503 3087 600 3141 Confer
618 3088 721 3141 Livium
734 3086 833 3143 vitu.
846 3090 926 3143 lmmo
940 3089 1074 3142 addictus
1090 3089 1190 3143 dicitur
1211 3108 1258 3160 pto
1274 3094 1357 3143 morti
1377 3097 1379 3101 ’

365 3176 509 3225 ‹aldimat-

438 3261 483 3334 (3)
503 3264 546 3315 Sic
565 3263 691 3316 Paulinus
711 3271 796 3334 polian.
817 3264 876 3316 XV.
896 3262 939 3318 25.

786 3354 914 3405 Abrahae
934 3358 1032 3405 sentina
1051 3365 1140 3406 mutat

434 3445 576 3495 Duratium
595 3444 824 3517 ta1›a'‹tnm‚quos
843 3449 962 3497 suscitat
982 3449 1012 3497 in
1032 3449 1100 3498 laona
1120 3448 1204 3497 ritae.

435 3529 477 3599 (4)
496 3531 536 3581 En
555 3530 659 3582 Paulini
678 3528 830 3601 baptisma;
856 3532 928 3602 quod
958 3533 1065 3584 adultus
1084 3532 1152 3590 iam,
1178 3543 1237 3604 post
1262 3532 1358 3586 multos

365 3616 477 3669 vitiosae
495 3616 567 3668 vitae
583 3635 698 3672 errores.
718 3619 772 3669 Deo
791 3617 938 3688 inspirante
957 3619 1094 3688 suscepit,
1119 3629 1150 3671 ut
1172 3635 1205 3671 ex
1229 3618 1288 3672 eius
1312 3618 1360 3671 hi-

365 3706 446 3756 storia
462 3702 624 3773 exploratum
640 3716 687 3757 est·
706 3705 749 3756 Sic
763 3717 850 3758 autern
862 3705 980 3774 loquitur
995 3707 1122 3760 Paulinus
1134 3707 1214 3760 etiam
1231 3707 1259 3759 in
1272 3712 1358 3778 poem.

367 3792 413 3842 Vl.
431 3790 491 3844 282·
511 3794 542 3841 In
558 3802 681 3861 promptu
701 3795 779 3843 venia
799 3802 838 3842 est
844 3812 854 3855 3
872 3803 994 3843 sarae-tum
1009 3782 1100 3864 patet*
1113 3810 1173 3845 ecce
1199 3794 1356 3852 lavacrum.

438 3876 518 3939 (taod
537 3890 647 3928 renovet
666 3880 744 3928 vitam
763 3888 919 3950 veteresque
938 3880 1075 3930 oblitteret
1091 3889 1179 3932 actus.

437 3963 479 4036 (5)
497 3967 537 4016 lta
558 3966 683 4018 Paulinus
702 3966 783 4018 etiam
803 3972 885 4037 polin.
904 3968 940 4019 V.
960 3983 1003 4040 79·
1024 3969 1097 4019 Haec
1112 3970 1180 4036 pia.
1205 3967 1256 4021 sed
1280 3986 1354 4021 mae-

367 4064 407 4101 sto
427 4050 597 4120 trepidantia
617 4062 675 4102 rota
694 4064 788 4103 reatu.
