3382 5206
361 506 431 581 ιι8
715 528 865 577 retrone
891 528 941 574 ιιι.

328 638 478 739 quadam
496 636 662 737 epistola,
682 663 788 736 quam
808 635 850 708 ad
870 636 1066 709 discentem
1089 638 1135 739 (a)
1164 637 1346 714 Donatum

326 756 475 831 Romam
502 755 681 841 misimus,
708 753 932 854 descripsisse
960 782 1016 826 me
1037 756 1254 830 sufficienter
1274 786 1343 831 me·

326 875 431 950 minis
455 901 577 947 vereor
603 899 703 969 ergo,
731 899 777 943 nc
804 871 834 942 si
860 872 948 944 haec
981 871 1101 944 cadem
1126 875 1342 973 repetivero‚

326 995 525 1070 fastidiosus
545 993 652 1090 magis
671 993 819 1092 scriptor
838 1020 945 1093 quam
963 991 1131 1066 sollicitus
1151 994 1272 1069 doctor
1288 997 1345 1067 ha·

324 1116 399 1188 beri
419 1114 595 1214 incipiam.
626 1111 683 1184 De
712 1113 843 1209 graecis
871 1112 989 1184 metris
1021 1129 1160 1202 autem,
1191 1142 1344 1212 quorum

325 1252 449 1310 natura
468 1233 648 1306 dissimilis
669 1248 773 1305 estet
792 1233 893 1329 longe
913 1231 1067 1320 diversa,
1094 1233 1183 1303 nihil
1209 1233 1267 1305 hic
1293 1233 1343 1303 di-

325 1371 465 1454 sputare
484 1352 722 1426 necessarium
741 1380 840 1439 reor,
865 1379 948 1423 cum
978 1350 1127 1423 latinum
1153 1380 1242 1450 opus
1272 1353 1343 1424 clli-

325 1472 423 1548 ciam
443 1476 536 1543 Ante
557 1469 673 1543 omnia
693 1487 812 1542 autem
833 1468 897 1541 tria
917 1469 982 1541 ista
1001 1471 1096 1542 omni
1116 1470 1253 1544 doctori
1273 1498 1343 1543 car-

321 1591 421 1666 mina
441 1618 648 1690 componere
668 1589 798 1663 volenti
810 1591 1120 1679 necessariasunt‚
1142 1609 1178 1663 ut
1193 1592 1343 1690 primurn

324 1710 633 1785 describendarum
651 1709 848 1782 litterarum
866 1709 1029 1781 notitiam
1048 1711 1199 1799 habens,
1228 1712 1342 1807 singu-

323 1831 440 1905 larum
456 1829 577 1903 modos
596 1855 846 1928 mensurasque
866 1828 1033 1927 depingat
1052 1858 1092 1902 ac
1112 1831 1340 1929 syllabarum,

298 1977 412 2024 „neve
431 1975 571 2022 versum
590 1949 708 2021 versui
727 1965 761 2021 et
781 1966 935 2022 metrum
958 1966 1069 2020 rnctro
1091 1951 1339 2038 commisceat,

323 2097 371 2143 ne
384 2097 448 2144 sua
458 2069 512 2143 vel
524 2096 667 2151 suorum
676 2085 749 2142 arte
762 2070 851 2141 bene
864 2069 1054 2168 composita
1067 2127 1076 2158 ‚
1088 2099 1150 2168 per
1163 2070 1336 2143 scribendi

315 2188 532 2293 imperitiam
550 2187 639 2260 nihil
658 2188 750 2260 lucri
760 2187 955 2283 legentibus
980 2189 1144 2264 conserat.
1168 2187 1263 2260 Tum
1281 2188 1341 2260 de-

322 2310 423 2380 mum
442 2321 482 2380 ut
502 2307 537 2379 in
559 2308 725 2380 orationis
739 2309 892 2407 partibus
905 2326 1091 2381 ctromana
1106 2309 1247 2382 veritate
1266 2338 1338 2382 non

321 2424 478 2521 fallatur3
497 2427 650 2527 nequod
664 2427 871 2526 eloquenter
882 2457 917 2501 se
932 2429 1163 2530 composuisse
1177 2445 1314 2530 putarat
1328 2488 1336 2518 ‚

322 2541 478 2641 ignorata
497 2546 642 2618 veritate
661 2545 789 2635 latina,
809 2547 920 2620 risum
946 2576 1009 2648 pro
1038 2547 1140 2620 laude
1167 2547 1338 2646 adquirat.

322 2660 445 2737 Tertio
472 2681 514 2736 ut
545 2665 581 2736 in
613 2665 686 2737 suis
714 2665 926 2739 carminibus
954 2693 1243 2766 unumquemque
1268 2694 1340 2738 ver-

323 2810 405 2857 sum
422 2811 485 2857 suo
504 2784 626 2856 reddat
647 2783 739 2879 iuri3
768 2813 813 2857 ne
842 2785 934 2858 sicut
964 2783 1166 2857 Alexander
1194 2785 1336 2857 macedo

323 2903 466 2977 cuidam
496 2905 562 2978 sibi
592 2904 714 2978 laudes
747 2906 902 2977 carmine
936 2906 1137 2977 decantanti
1168 2906 1338 2978 audenter

321 3024 558 3123 exprobravit,
578 3054 642 3098 suo
661 3026 744 3099 vitio
765 3026 996 3125 pretiosarum
1015 3025 1059 3096 sit
1082 3026 1233 3096 fuscator
1252 3052 1337 3095 ruar-

320 3143 516 3242 genitarum.
