3382 5206
356 566 427 644 150

425 726 585 776 rumonus
611 726 752 790 ttiiouo'r
776 728 795 775 Α
821 727 1002 777 autumpno
1030 727 1238 777 catuntrtco

760 848 906 898 mundat.

387 1061 438 1161 ΙΡ.
472 1090 526 1139 12.
553 1064 586 1138 b.
617 1060 855 1138 Connmnnus
881 1068 943 1164 (ι).
973 1062 1045 1136 Sed
1076 1065 1113 1134 in
1142 1064 1196 1135 bis
1225 1065 1334 1165 (qui-

323 1181 423 1270 dam,
434 1180 628 1280 quispiam)
644 1209 719 1253 non
732 1210 810 1281 pars
822 1182 1006 1270 orationis,
1023 1181 1269 1254 Comminiano
1284 1187 1330 1281 (a)

321 1314 504 1387 testante,
529 1299 589 1371 sed
614 1298 895 1373 additamentum
918 1299 1095 1400 quoddam
1122 1298 1264 1372 accidit·
1292 1297 1333 1371 Si

322 1419 416 1493 enim
439 1421 525 1493 haec
549 1419 787 1494 additamenta
805 1422 847 1495 ab
869 1420 923 1493 bis
944 1420 1216 1522 pronominibus
1241 1448 1334 1518 sepa·

322 1558 478 1629 rentur,
505 1542 557 1614 nil
582 1540 777 1638 significare
806 1559 954 1641 possunt
980 1570 1042 1641 per
1069 1570 1115 1614 sc.
1141 1538 1239 1612 -Et
1266 1542 1333 1612 hoc

321 1659 539 1749 sciendum,
569 1661 665 1759 quod
694 1659 780 1733 licet
810 1660 875 1733 alia
906 1689 947 1732 ox
979 1660 1055 1732 istis
1086 1657 1333 1730 additamentis

320 1776 549 1851 litteraturam
567 1778 723 1877 partium
740 1779 906 1851 orationis
921 1780 1071 1865 babent,
1092 1777 1258 1876 quoniam
1277 1778 1334 1848 ad-

321 1897 517 1971 ditamenta
538 1914 647 1986 sunt,
667 1915 785 1997 partes
807 1899 994 1988 orationis,
1021 1897 1267 1971 Comminiano
1290 1915 1336 1969 te-

324 2032 467 2106 stante,
496 2043 570 2088 csse
599 2044 671 2089 non
701 2034 860 2116 possunt.

397 2135 439 2210 P.
472 2164 527 2237 17.
552 2136 584 2211 b,
615 2133 862 2210 Communium.
886 2136 1004 2210 Verba
1027 2138 1147 2209 tertiae
1169 2136 1332 2232 coniuga-

249 2332 261 2348 ,
321 2255 428 2329 tionis
454 2255 586 2326 habent
611 2271 764 2354 quatuor
790 2256 918 2327 sormas
947 2252 1197 2354 in⁸praeterito
1221 2255 1334 2353 perse-

226 2363 231 2383 *
292 2449 296 2457 ,
323 2392 405 2465 cto,
435 2373 683 2449 Comminiano
709 2389 874 2448 testante.

397 2493 439 2569 P.
472 2495 527 2568 18.
554 2494 586 2569 b.
617 2491 866 2568 Connrunuus.
892 2491 969 2581 Do,
998 2509 1085 2566 teste
1114 2491 1334 2579 Consentio,

318 2614 504 2716 plusquam
525 2615 683 2714 perfecto
706 2631 823 2710 caret3
852 2612 1118 2688 Comminianus
1137 2629 1255 2685 tamen
1276 2613 1336 2684 de-

321 2737 441 2810 deram
463 2738 513 2837 (b)
535 2764 609 2809 esse
634 2736 729 2813 dicit.

396 2853 437 2929 P.
474 2856 532 2941 23,
573 2846 819 2929 Conuiuiauus
858 2852 1127 2926 Comminianus
1163 2851 1336 2951 quasdam

319 2972 616 3047 coniunctionum
643 2974 880 3062 dubitativas,
906 2972 1074 3071 quasdam
1105 2971 1336 3044 admonitivas

322 3094 406 3166 essc'
424 3094 597 3191 designat.

396 3212 437 3289 P.
464 3213 519 3289 15.
540 3212 680 3287 Pmuius
698 3240 871 3287 sccundus,
893 3210 1112 3308 Significatio
1131 3211 1336 3303 verborum,

382 3407 421 3473 (a)
438 3412 493 3460 cod.
510 3412 576 3460 modo
602 3412 719 3457 Commota.
736 3413 801 3458 modo
828 3411 919 3456 Coma'n.
936 3414 1051 3460 charisius
1075 3414 1115 3471 qui
1138 3410 1252 3458 latissime
1273 3413 1334 3455 huuc

320 3494 398 3542 citat,
414 3494 437 3534 in
455 3491 524 3536 editi·
541 3501 603 3536 certe
620 3490 702 3543 libris,
720 3493 788 3535 babet
805 3490 937 3542 Comitum,
953 3500 1066 3551 vocatque
1082 3491 1275 3535 disertissimum.

321 3568 361 3629 (b)
379 3571 433 3616 eod·
451 3573 557 3617 ederam·

398 3727 438 3802 (t)
459 3730 655 3782 Comminianus
674 3728 859 3796 grammaticus
877 3727 1012 3795 legebatur
1032 3728 1119 3779 adbuc
1140 3728 1167 3780 in
1186 3729 1324 3784 codicibus

326 3817 454 3884 gallicani
474 3820 623 3873 monasterii
637 3818 808 3874 centulensis.
829 3829 859 3869 ut
877 3817 1054 3885 cognoscimus
1067 3836 1100 3869 cx
1115 3819 1232 3885 catalogo
1251 3821 1323 3889 apud

325 3906 484 3960 Dacberium
504 3909 537 3960 ed
556 3926 615 3961 nov·
634 3907 667 3958 Τ.
687 3906 721 3956 11.
742 3925 768 3976 p·
787 3903 848 3960 311.
869 3906 934 3957 Item
955 3904 1155 3957 custodiebatur
1175 3906 1245 3975 apud
1266 3907 1325 3958 An-

324 3996 379 4064 glos
393 3995 421 4049 in
434 3997 599 4052 bibliotheca
613 3994 754 4068 episcopati
768 3993 932 4049 eboracensi,
948 4004 1014 4046 teste
1029 3993 1139 4046 Alcuino
1155 3994 1187 4046 de
1205 3992 1245 4062 ἓξ.
1264 3994 1326 4048 ebo·

324 4083 476 4138 racemum
494 4105 520 4146 t·
543 4081 617 4141 1556·
