3382 5206
589 619 819 672 culmurtca
842 621 888 668 rr
912 621 1075 670 uranica.
1261 602 1327 691 589

323 752 398 817 pars
426 726 636 816 corruptione
656 722 802 804 carebit,
828 739 979 811 arreptus
1002 725 1214 813 arrepticius,
1236 725 1344 814 arrigo

290 831 293 837 ’
325 833 451 915 arrexi,
471 852 588 920 arrogo
610 850 764 920 arrogans
786 828 982 914 arrogantia.
1007 829 1140 894 Transit
1168 844 1200 895 et
1224 829 1259 894 in
1282 854 1347 914 ·n·,

323 957 358 1004 ut
385 962 471 1005 auno
500 934 778 1029 quemadmodum
801 933 835 998 in
862 933 1047 1021 proverbiis
1078 936 1288 1002 inconstantis
1311 955 1345 1002 et

321 1042 443 1110 lubrici
462 1045 612 1132 passivus
637 1057 769 1106 notatur
795 1038 929 1137 obtutus
943 1043 1116 1105 -annuit
1145 1039 1269 1126 oculis,
1293 1060 1342 1109 te·

321 1149 364 1214 rit
390 1147 471 1238 pede
491 1184 546 1214 -.
572 1144 741 1237 Vergilius
764 1145 799 1211 in
829 1145 958 1212 decimo
980 1149 1158 1212 —annuit
1185 1164 1217 1212 et
1240 1163 1343 1214 totum

320 1272 404 1321 nutu
430 1252 610 1321 tremefecit
636 1251 815 1344 olympum.
837 1253 1044 1318 -Mutatur
1071 1249 1283 1318 nihilominus
1309 1253 1343 1318 in

320 1359 352 1423 οἵ·
376 1357 603 1428 semivocalem
626 1360 768 1442 alllatus,
788 1357 939 1428 effectus,
964 1357 1092 1423 affixo-³2
1120 1355 1275 1439 affabilia,
1291 1356 1342 1421 af-

322 1467 427 1532 ssatus.
443 1469 489 1534 Ut
503 1462 714 1554 -angelicis
729 1459 915 1531 tremefacta
931 1462 1029 1529 minis
1044 1460 1160 1526 affatur
1185 1458 1342 1526 asella.—

319 1570 467 1638 Solvitur
489 1573 523 1636 in
547 1595 595 1661 .g.,
616 1586 757 1635 mutam,
779 1586 814 1634 ut
838 1590 997 1659 aggrego,
1018 1566 1189 1658 aggredior
1211 1589 1341 1658 aggres-

320 1700 392 1759 sus,
420 1699 537 1768 aggero
565 1691 720 1765 aggestus.
746 1671 844 1739 Unde
872 1695 1026 1763 aggerem
1053 1672 1185 1762 aggestis
1210 1670 1250 1738 de
1272 1671 1340 1738 fos-

319 1794 390 1846 sato
411 1778 602 1846 sablonibus
633 1794 665 1843 et
687 1774 831 1844 collectis
862 1778 897 1840 in
928 1776 1094 1843 cumulum
1125 1774 1244 1866 glareis
1274 1774 1339 1841 dici

318 1884 512 1976 etymologia
545 1882 710 1967 declarat,
738 1884 821 1949 sicut
852 1885 1040 1974 congeriem
1070 1904 1088 1945 a
1123 1881 1337 1973 congerendo.

318 1991 453 2056 'l'ransit
476 1988 646 2079 aliquoties
667 1990 702 2052 in
720 2011 775 2052 ·m·
795 2003 830 2053 ut
854 2010 1023 2055 ammoneo
1037 1989 1254 2070 ammonitus,
1269 2009 1339 2050 aur-

314 2093 490 2159 miniculor
516 2089 790 2159 amminiculabor
813 2089 1071 2157 amminiculum.

384 2197 454 2265 Sub
469 2200 662 2288 praepositio
677 2199 847 2287 utriusque
860 2221 950 2264 casus
965 2196 1131 2264 interdum
1144 2196 1338 2263 ·b·litteram

314 2303 512 2373 admittens,
526 2308 561 2371 in
585 2329 656 2372 eam
671 2306 874 2372 convertitur
888 2328 952 2394 qua
966 2327 1102 2393 sequens
1121 2304 1227 2369 oritur
1240 2325 1339 2369 voca-

314 2405 431 2473 bulum
449 2409 679 2487 seuve1·bum;
705 2427 759 2475 aut
783 2434 820 2476 cx
843 2424 999 2496 corrupto
1013 2425 1045 2475 et
1059 2410 1187 2498 integro
1210 2423 1335 2497 partem

313 2515 466 2580 orationis
488 2516 664 2602 conponit,
688 2531 722 2578 ut
738 2512 884 2580 suffulcio
907 2511 1072 2596 suffultus,
1086 2511 1242 2579 suffodio,
1261 2535 1335 2602 sup-

313 2640 399 2703 pono
420 2619 637 2707 supposituria
655 2619 691 2685 *2
713 2619 872 2708 suggestio
887 2638 1023 2706 suggero
1036 2618 1199 2707 suggessit.
1212 2616 1337 2709 Vergi-
1357 2622 1372 2652 ⁸
1390 2625 1426 2667 ¹¹·
1442 2622 1494 2674 ed·

310 2721 371 2791 lius
399 2725 433 2788 in
463 2724 519 2788 ·X·
540 2761 587 2775 -
608 2747 742 2815 suggere
766 2721 831 2789 tela
863 2722 945 2787 mihi
967 2759 1022 2788 -.
1044 2721 1171 2790 Sullero
1201 2723 1336 2806 suffert,

310 2831 531 2896 ut-beatus
561 2833 612 2896 vir
639 2832 696 2920 qui
723 2828 834 2895 suffert
861 2830 1086 2916 temptationes
1095 2860 1149 2892 -·.
1166 2828 1334 2911 Suffusio,

311 2953 346 3001 ut
358 2971 403 2987 -
417 2937 469 3002 cui
492 2935 665 3003 oculorum
687 2935 819 3002 suffusio
837 2958 997 3024 -quam
1019 2935 1139 3001 Graeci
1163 2932 1333 3025 glaucoma

310 3038 433 3107 dicunt.
456 3042 650 3109 Summoveo
672 3058 873 3123 summotus,
897 3041 1040 3105 succubo
1056 3041 1239 3107 succubui,
1264 3064 1334 3105 suc·

311 3171 413 3213 cessus
435 3147 577 3213 succedo
600 3147 744 3214 successi.
769 3145 934 3239 Vergilius
953 3147 1193 3213 -Mezentius
1215 3145 1334 3212 ardens

307 3251 451 3320 succedit
474 3275 600 3342 pugnae
612 3288 667 3317 -.
682 3251 865 3332 Succurro,
887 3251 1049 3319 succedo,
1064 3254 1233 3344 succingo,
1252 3274 1329 3319 suc-

309 3379 419 3421 cresco
448 3357 619 3422 succrevi,
647 3354 733 3444 plico
761 3353 927 3446 supplicos
958 3373 1034 3444 puto
1064 3373 1223 3446 supputo,
1251 3374 1329 3445 peto

307 3480 463 3551 suppeto.
495 3463 562 3529 Aut
595 3478 683 3530 certe
713 3488 752 3530 cu
776 3462 902 3528 duobus
928 3464 1108 3551 corruptis,
1134 3479 1170 3528 ut
1196 3464 1330 3552 suppri-

308 3590 385 3648 mo,
407 3569 567 3650 sustineo,
590 3568 735 3651 sufficio,
757 3568 914 3657 suscipio,
937 3591 1080 3659 quorum
1096 3569 1262 3657 primitiva
1278 3568 1331 3634 in·

311 3687 399 3762 tegra
422 3690 498 3738 sunt
519 3672 579 3742 sub
603 3690 634 3741 et
657 3696 793 3762 premo,
815 3673 921 3743 facio,
952 3675 1071 3763 capio;
1100 3673 1158 3742 sed
1188 3677 1222 3740 in
1250 3697 1330 3740 con·
1360 3709 1369 3725 =

305 3776 464 3861 positione
491 3776 671 3866 figurarum
694 3779 776 3844 ·b·c·
791 3803 819 3842 a·
843 3781 877 3843 iu
901 3779 980 3846 alios
1004 3778 1190 3846 litterarum
1214 3778 1332 3844 chara-

307 3893 412 3947 cteres
428 3897 608 3949 vertuntur.
622 3884 859 3951 Verumtamen
876 3885 957 3951 haec
976 3883 1077 3952 verba
1092 3902 1239 3974 tempore
1253 3907 1333 3973 per-

308 3982 389 4053 secto
417 4003 449 4056 ct
471 3987 543 4078 plus
566 4015 665 4080 quam
695 3989 840 4080 perlecto
870 4018 908 4059 ex
939 3992 1100 4081 corruptis
1133 4009 1166 4058 et
1194 3993 1341 4083 integris
