3382 5206
605 602 784 654 tnucuant
809 600 968 653 cature.
1194 581 1265 674 453

277 714 360 781 ,tivo
386 715 531 804 virgineo
556 736 641 804 quae
665 710 793 778 nullum
809 735 897 801 pasta
926 707 1098 798 dolorem,

201 838 248 879 to.
344 820 454 911 Atque
476 837 568 885 utero
596 815 728 900 clauso,
751 843 785 884 es
811 818 904 908 virgo
926 839 1043 905 parens
1068 818 1200 908 pariter.

272 931 336 994 Per
355 949 485 990 carnem
504 925 609 992 Verbi
632 940 735 988 mater
757 922 942 999 veneranda
962 921 1130 1015 refulges,

341 1028 468 1096 Ancilla
490 1046 522 1095 et
544 1028 683 1093 hominis
706 1051 767 1115 pro
794 1026 914 1093 deitate
934 1050 1056 1095 manes.

272 1139 326 1203 Est
349 1135 450 1200 homo
473 1135 598 1224 quippe
620 1135 730 1217 Deus,
752 1150 798 1201 cst
817 1132 918 1199 homo
936 1131 1086 1231 Christus
1107 1133 1221 1216 Iesus,

338 1240 430 1305 Unus
450 1255 645 1327 utrumque,
671 1239 756 1304 Deus
778 1261 898 1320 verus,
921 1253 953 1302 et
976 1252 1114 1320 auctor,
1136 1259 1226 1326 opus.

198 1347 245 1407 ιδ.
270 1344 343 1409 Una
364 1361 409 1409 est
428 1366 586 1431 persona,
607 1341 664 1407 sed
691 1338 808 1429 duplex
828 1342 1009 1406 substantia
1034 1341 1186 1425 christi,

337 1445 440 1528 Quem
465 1462 520 1509 tua
544 1445 714 1534 virginitas
733 1441 821 1508 alma
846 1440 936 1510 dedit
959 1442 1141 1509 dominum.

271 1550 416 1616 Ecclesia
441 1569 479 1618 ut
498 1552 601 1643 gignit
629 1567 721 1616 nator
743 1574 780 1616 ex
801 1566 915 1616 ventre
936 1549 1058 1615 lavacri

336 1657 485 1723 Flamina
506 1655 547 1724 de
573 1670 686 1721 sancto
711 1655 899 1745 virginitate
927 1681 996 1721 sua.

269 1761 329 1828 tlte
346 1764 435 1827 Deus
458 1764 610 1851 proprius
634 1778 751 1828 natura
772 1778 820 1828 est
838 1760 926 1828 filius
945 1785 984 1828 ex
1005 1777 1058 1829 tc,

193 1895 245 1939 20.
340 1868 407 1933 Nos
429 1883 465 1933 ut
490 1868 633 1958 adoptivi
653 1891 790 1936 munere
811 1869 982 1956 congeniti.

267 1972 331 2058 Qui
349 1995 480 2061 semper
500 1975 597 2063 tingit
620 1973 788 2060 baptizans
810 1972 966 2061 sanguiue
985 1986 1124 2055 sancto,

334 2079 488 2170 Quisquis
509 2079 653 2168 baptizat
675 2075 764 2144 sonte
783 2100 876 2144 sacro
898 2077 1033 2166 genitos.

268 2184 354 2249 Nam
375 2200 498 2250 constat
518 2207 585 2249 nou
603 2207 668 2251 esse
690 2199 798 2248 ratum
818 2184 888 2249 sine
909 2183 1043 2248 nomine
1067 2182 1154 2248 trino

334 2289 561 2377 Baptismus,
585 2289 719 2357 Christo
741 2311 821 2356 voce
845 2285 986 2354 docente
1011 2311 1078 2355 toa.

191 2392 244 2456 25
270 2394 401 2463 Caelica
419 2419 519 2488 regna
539 2420 596 2464 suo
618 2398 723 2486 pascit
743 2395 801 2486 qui
821 2416 959 2484 corpore
980 2411 1092 2461 sancto

335 2499 435 2572 Lacte
457 2519 512 2568 tuo
535 2518 582 2568 est
606 2520 715 2593 pastus
738 2502 804 2568 vita
830 2500 963 2592 cibique
985 2498 1080 2568 salua

270 2603 415 2676 Antiates
435 2631 577 2676 summus
602 2632 656 2675 rex
677 2608 783 2674 hostia
809 2604 912 2674 sactus
935 2623 968 2674 et
991 2629 1048 2671 ara

335 2713 519 2783 Ostendens
543 2715 628 2805 patri
649 2730 760 2781 nostra
787 2711 894 2803 piacla
919 2715 1011 2804 tegit.

270 2819 393 2908 Nempe
415 2820 591 2887 sacerdotia
614 2843 730 2886 munus
749 2843 813 2909 quo
830 2817 976 2908 fungitur
999 2819 1065 2907 ipse

190 2923 240 2987 30.
336 2927 374 2990 In
401 2924 516 3011 caelo,
537 2928 639 2994 servis
655 2949 750 3015 posse
775 2941 906 3015 patrare
929 2923 1031 2992 dedit.

269 3031 354 3096 Corn
374 3031 493 3121 quibus
515 3047 548 3098 et
573 3054 634 3121 per
660 3031 851 3122 quotidem
873 3054 931 3096 sua
949 3053 1085 3098 munera
1108 3048 1214 3097 sacrat

333 3137 396 3201 Per
415 3161 472 3204 sua
495 3136 623 3223 verba,
645 3162 702 3206 suo
723 3140 880 3223 flamine,
902 3157 1046 3228 cumque
1066 3161 1174 3207 cruce.

265 3239 404 3329 Spiritus
426 3259 458 3308 et
480 3259 629 3326 sanctus,
653 3266 720 3334 quo
741 3245 903 3333 (1)natus
924 3267 1025 3311 carne
1046 3247 1191 3335 parentis

334 3345 472 3428 Extitit‚
495 3347 521 3412 is
544 3348 650 3413 Iesum
672 3371 809 3415 munera
830 3363 939 3414 nostra
961 3347 1051 3416 sacit.

190 3448 241 3511 35.
266 3447 333 3516 Scd
356 3448 419 3515 hoc
441 3474 516 3516 vera
539 3448 620 3516 fides
641 3453 768 3535 cernit,
791 3475 855 3519 uon
876 3454 983 3522 carnia
1005 3449 1156 3536 ocellus,

332 3554 378 3619 Ut
400 3555 515 3621 Petrus
534 3555 698 3623 hominem
722 3556 849 3625 viderat
871 3582 941 3627 esse
958 3562 1075 3628 Deum.

266 3659 325 3744 Qui
351 3660 416 3725 iam
438 3684 503 3726 non
528 3663 668 3728 moritur
693 3661 821 3731 devicta
847 3681 952 3731 morte
974 3688 1172 3756 resurgens,

334 3766 398 3830 Pro
419 3768 510 3834 nobis
530 3769 648 3835 iterum
671 3770 734 3836 vita
757 3769 840 3836 salus
862 3772 996 3859 patitur.

351 3979 390 4050 (t)
410 3981 507 4050 Nempe
524 4000 579 4054 qteo
597 3995 733 4045 operante.
