3382 5206
988 252 1032 397 l

1313 640 1350 689 01

526 670 1202 840 SANCT1.ALDHELM1
1290 622 1309 688 ⁵

678 974 736 1039 DE
761 972 1043 1043 SEPTENARIO

421 1139 482 1207 ET
508 1140 566 1207 DE
591 1142 647 1209 RE
670 1141 982 1216 GRAMMATIeA
1012 1146 1073 1217 Ac
1102 1149 1308 1221 METRICA

828 1314 890 1368 Au

598 1472 874 1561 ACIRCIUM
903 1475 1122 1561 REGEM.

346 1680 488 1748 Domino
514 1681 788 1770 praestantissimo
815 1701 848 1751 et
876 1707 955 1773 prae
984 1690 1098 1755 ceteris
1130 1685 1291 1782 regalium
1318 1689 1370 1756 di-

414 1792 574 1882 gnitatum
594 1790 751 1882 gradibus
786 1790 1024 1882 glorificandos
1057 1797 1205 1890 mihique
1235 1799 1369 1866 iamdu-

413 1894 491 1959 dum
513 1895 666 1984 apiritalis
693 1896 875 1968 clientellae
905 1901 1025 1967 eatenis
1050 1925 1173 1970 conexo
1199 1953 1210 1988 ‚
1244 1902 1365 1970 illustri

409 2000 542 2067 Acircio
557 2001 605 2088 (i)
620 2000 820 2092 aquilonaris
846 2003 974 2093 imperii
996 2025 1123 2096 sceptra
1146 2007 1367 2099 gubernanti,

407 2104 538 2171 illustris
554 2105 670 2196 regalis
684 2108 776 2197 regni
795 2109 954 2198 regimina
978 2108 1203 2200 dispensanti,
1228 2109 1365 2181 Aldlrel-

407 2237 478 2278 mus
500 2214 681 2284 catholicae
709 2214 907 2285 vernaculus
932 2216 1086 2287 ecclesiae
1112 2221 1366 2291 immarcessibi-

406 2318 471 2387 lem
497 2323 717 2412 sempiternae
739 2323 900 2412 sospitatis
921 2319 1070 2394 salutem.

340 2568 404 2706 N
409 2663 449 2705 ou
476 2639 631 2729 ambigo,
654 2638 911 2706 reuerentissime
925 2637 996 2722 fili,
1018 2639 1075 2706 sed
1092 2639 1274 2729 profundae
1298 2667 1366 2714 cre-

339 2742 485 2810 dulitatis
501 2741 593 2810 frena
617 2743 763 2810 relaxans
784 2741 942 2826 conlido,
963 2744 1051 2836 qaod
1075 2745 1214 2834 provida
1239 2752 1365 2839 sagaci-

334 2850 408 2917 tatis
431 2868 560 2917 vcstrae
578 2848 770 2940 praecordia
790 2850 1066 2932 reminiscantur,
1090 2875 1147 2919 nos
1160 2869 1234 2920 ante
1247 2852 1298 2922 bis
1312 2855 1363 2920 bi-

334 2984 375 3025 na
395 2957 574 3025 lustrorum
591 2957 758 3023 volumina
772 2954 999 3025 inextricabile
1018 2956 1235 3047 conglutinati
1258 2956 1363 3028 foede

333 3067 377 3131 ris
402 3066 522 3156 pignus
544 3067 728 3155 pepigisse,
755 3080 788 3131 et
812 3061 966 3151 spiritalis
993 3061 1175 3130 sodalitatis
1200 3066 1358 3151 vinculo,

333 3174 469 3239 devotae
502 3171 642 3237 caritatis
668 3170 885 3237 contubernia
916 3168 1093 3259 copulasse·
1112 3171 1200 3237 Nam
1229 3170 1360 3262 pridem

331 3297 476 3367 tempore
498 3275 681 3364 pubertatis
700 3291 829 3341 nostrae
849 3296 924 3339 cum
943 3272 1140 3363 septiformis
1161 3274 1359 3365 spiritalium

330 3386 562 3452 charismatum
583 3380 806 3451 munificentia
828 3397 931 3448 restra
945 3379 1044 3447 solers
1066 3380 1186 3450 indolis
1200 3382 1262 3450 sub
1284 3408 1360 3450 ma-

332 3517 374 3556 uu
399 3488 574 3557 venerandi
610 3486 773 3577 pontilicis
802 3504 998 3571 ornaretur,
1028 3506 1201 3577 paternum
1223 3491 1360 3556 memini

330 3619 522 3663 monumen
544 3592 721 3682 adeptum,
745 3608 842 3683 teque
867 3584 1038 3681 adoptivae
1061 3591 1229 3683 dignitatis
1257 3618 1359 3660 voca-

326 3700 405 3767 bula
422 3724 496 3769 cam
511 3698 659 3768 caelestis
677 3699 802 3791 gratiae
816 3698 1042 3788 praerogativa
1056 3698 1206 3762 sortitum
1223 3728 1232 3764 ε
1257 3723 1357 3789 quem

410 3922 454 3993 (ι)
473 3927 613 3975 Aca'rcr'um
633 3923 752 3990 intelligo
769 3920 923 3992 Alfi-idum.
940 3921 1038 3990 lleapse
1051 3920 1122 3971 enim
1141 3917 1266 3971 Aliridus
1279 3922 1291 3986 (
1301 3918 1341 3972 si-

338 4030 369 4061 ve
388 4010 538 4078 alcredus)
556 4030 600 4065 rex
617 4022 674 4063 erat
690 4009 972 4064 Nortbumbcrlandiue
988 4027 1030 4061 aa·
1048 4004 1124 4063 685·
1137 4004 1196 4081 705.
1213 4025 1282 4078 quac
1301 4019 1344 4062 est

328 4096 467 4153 Arduum
483 4100 567 4155 nostri
579 4111 658 4154 actas.
673 4100 732 4153 Art.
742 4099 775 4152 de
786 4101 890 4154 verifica
900 4098 936 4151 les
948 4097 1022 4151 dates
1035 4097 1083 4150 Ed·
1098 4097 1119 4149 l.
1128 4116 1157 4170 p.
1172 4094 1233 4173 '1¹⁶9
1253 4097 1303 4151 col.
1319 4115 1340 4151 r·
