3382 5206
596 616 824 670 oatnuartca
847 618 893 668 rr
916 619 1080 668 uruntur.
1265 599 1330 693 539
1371 686 1372 690 ¹

336 739 373 789 ut
396 730 490 813 poeta
519 755 557 772 ·-
585 720 677 811 virgo
699 718 806 785 Maria
825 718 887 784 tibi
910 718 1026 809 Syrtus
1046 742 1129 787 nora
1155 718 1275 811 templa
1301 719 1354 786 di-

338 829 409 893 cavi
434 860 476 876 -
501 823 589 918 quod
608 840 655 893 est
680 825 804 915 primae
827 822 1068 914 coniugationis.
1092 820 1151 892 Ast
1175 849 1252 894 vero
1280 824 1354 894 dico

339 930 420 999 dicis
442 928 524 998 dicit
550 931 684 1014 tertiae,
709 928 767 997 ubi
787 925 969 1019 penultima
990 927 1186 1018 producitur
1212 968 1248 981 --
1277 930 1357 1000 dioi-

337 1038 378 1101 tis
403 1033 554 1125 agricolis
572 1033 744 1125 nautisque
764 1032 876 1100 venire
895 1029 1067 1125 fragosam.
1092 1069 1127 1082 -·
1148 1036 1251 1103 Paros
1277 1060 1356 1119 aro,

337 1162 461 1229 crepo,
488 1162 593 1221 sono,
620 1155 722 1220 tono,
746 1159 856 1219 noro,
882 1137 978 1220 cibo,
1002 1137 1108 1222 cubo,
1132 1136 1222 1230 ligo,
1249 1141 1356 1223 mico,

338 1267 440 1325 creo,
464 1266 562 1327 meo,
589 1243 668 1326 beo,
693 1242 788 1334 rigo,
814 1239 898 1322 lito,
927 1238 1025 1324 labo,
1051 1240 1151 1327 loco,
1173 1265 1277 1335 rogo,
1304 1245 1358 1309 iu-

335 1371 401 1437 go,
428 1347 525 1442 sugo,
551 1347 645 1429 labo,
659 1371 736 1412 nam
760 1344 869 1413 differt
890 1369 908 1411 a
933 1344 1009 1412 labo
1028 1345 1118 1439 quod
1140 1362 1187 1414 est
1206 1364 1305 1428 nator
1326 1366 1357 1416 et

335 1455 408 1524 lavo
435 1458 578 1523 activum
598 1470 664 1538 cst,
688 1452 765 1520 labo
777 1460 956 1532 ‘neutrum
976 1469 1069 1538 roto,
1090 1455 1167 1545 pio,
1191 1453 1248 1524 hio
1267 1457 1358 1522 cuius

335 1561 613 1653 frequentativum
639 1557 692 1627 vel
716 1559 902 1627 iterativum
930 1576 977 1626 est
1000 1559 1089 1630 hieto
1112 1562 1215 1631 hietas
1233 1561 1356 1639 hietat3

337 1684 370 1734 et
389 1667 614 1735 inchoativum
639 1664 728 1732 hisco
753 1665 851 1732 hircis
876 1664 995 1743 hiscitr
1018 1664 1135 1735 domo,
1163 1685 1264 1749 nato,
1288 1690 1359 1758 gra·

337 1796 397 1858 vo,
425 1773 552 1864 probo,
570 1774 671 1864 iugo,
694 1769 785 1861 gelo,
802 1771 889 1840 unde
908 1789 955 1840 est
975 1771 1187 1864 congelasco,
1215 1772 1289 1841 volo
1306 1796 1359 1839 vc

336 1874 370 1946 lo
392 1893 460 1942 tam
483 1874 620 1944 volantis
641 1899 739 1966 quam
766 1874 903 1943 volentis
925 1900 1096 1966 personam
1117 1876 1357 1961 demonstrans,

338 1981 380 2046 ad
393 1980 625 2073 pyrrhichium
639 1980 804 2069 pertinere
823 1977 1027 2060 declaratum
1043 1998 1080 2047 ut
1094 2018 1130 2032 ·-
1141 1980 1278 2049 volitans
1294 2004 1357 2071 per

336 2107 483 2178 tempora
507 2085 656 2155 mundus.
681 2121 719 2136 -
742 2086 825 2152 Item
850 2121 885 2135 -·
907 2103 941 2155 et
965 2084 1060 2176 plura
1087 2086 1247 2156 volentem
1270 2087 1357 2153 dice·

334 2217 371 2261 re
398 2192 549 2261 deseruit.
576 2192 688 2282 Capos
711 2189 814 2274 cado,
840 2190 966 2276 fremo,
991 2214 1110 2283 gemo,
1136 2190 1228 2277 sero,
1254 2215 1357 2284 gero,

336 2319 431 2368 tero·
457 2322 554 2383 sero,
580 2299 670 2380 sino,
699 2320 783 2388 ago,
811 2315 917 2379 meto,
941 2314 1035 2386 pcto,
1058 2314 1154 2388 tego,
1183 2298 1279 2367 colos
1299 2298 1357 2363 bi-

334 2405 402 2488 bo,
422 2428 522 2494 rego,
547 2403 639 2494 lego,
657 2402 775 2487 traho,
791 2402 852 2486 fio,
874 2406 962 2471 scios
985 2402 1073 2471 unde
1091 2406 1207 2470 excire.
1226 2407 1355 2487 Vomo,

336 2510 434 2600 pluo,
448 2534 552 2601 spuo,
567 2528 599 2576 et
624 2533 770 2594 monuo,
794 2509 893 2593 iuro,
909 2531 1007 2593 meo,
1031 2532 1126 2591 creo,
1148 2510 1233 2591 beo,
1250 2534 1353 2600 queo,

336 2616 422 2698 fluo,
445 2613 520 2681 luos
544 2636 626 2698 ruo,
653 2615 754 2697 strio,
781 2611 920 2704 loquor,
942 2632 1084 2703 precor,
1104 2636 1248 2704 aequor,
1272 2638 1357 2704 que-

335 2744 415 2804 ror,
444 2742 539 2789 reor,
565 2719 681 2804 srnor,
705 2742 826 2787 moror·
849 2719 964 2789 Verba
990 2716 1109 2784 similia
1137 2718 1295 2787 defectiva
1323 2721 1355 2785 in

332 2824 420 2890 hanc
438 2823 585 2914 regulam
604 2823 819 2914 copulantur,
843 2821 998 2907 utlibet,
1019 2821 1151 2914 placet,
1177 2823 1283 2913 piget,
1297 2846 1355 2913 pu-

335 2929 413 2997 dets
436 2932 550 3014 iuvat,
574 2929 694 3013 decet,
715 2929 845 3021 liquet,
872 2926 961 2996 licet.

377 3048 411 3100 Δ.
427 3035 515 3124 Ergo
528 3033 696 3123 praedicta
715 3033 814 3101 verba
829 3030 982 3099 confusae
997 3031 1229 3122 coniugationis
1246 3056 1354 3122 ,quae

336 3141 369 3206 in
381 3162 421 3206 ιο·
436 3139 578 3207 litteram
590 3139 823 3208 terminantur,
837 3160 968 3226 semper
980 3135 1023 3200 ad
1034 3136 1265 3227 pyrrhichium
1280 3159 1354 3225 per-

332 3241 506 3315 tinebunt?
521 3245 567 3310 M.
583 3246 715 3331 Quoties
738 3241 845 3310 finalis
866 3242 992 3334 syllaba
1010 3241 1210 3332 corripitur,
1234 3240 1349 3332 procul

332 3349 432 3416 dnbio
448 3349 661 3441 pyrrhichius
675 3367 869 3441 generatura
887 3368 922 3417 ut
937 3386 955 3398 -
968 3346 1054 3414 malo
1069 3372 1198 3416 manere
1215 3350 1306 3441 niger
1318 3351 1350 3431 ⁴⁸,
1374 3366 1386 3394 ·
1424 3376 1433 3409 ι·
1462 3384 1489 3416 r.

331 3456 438 3520 minus
453 3454 566 3521 ultima
583 3454 645 3520 sata
660 3455 809 3522 verebor.
825 3490 865 3504 --
878 3456 924 3522 Ut
937 3490 976 3504 -·
992 3478 1050 3522 nec
1069 3476 1146 3546 gero
1164 3477 1281 3545 magna
1304 3455 1354 3520 ai·

331 3559 419 3643 mul,
433 3559 489 3628 sed
504 3585 646 3651 congero
661 3558 763 3627 multa
777 3561 925 3629 vicissim.
943 3597 981 3612 -
997 3560 1040 3626 Et
1052 3560 1169 3626 iterum
1183 3592 1205 3609 ··
1217 3558 1293 3627 nolo
1305 3582 1353 3627 se·

329 3665 467 3755 pulchra
484 3669 566 3755 pati,
584 3669 655 3733 acio
669 3692 722 3735 me
734 3667 946 3760 submergere
969 3684 1090 3735 terrae.
1106 3666 1190 3734 -Si
1208 3688 1286 3732 vcro
1301 3688 1353 3732 ea·

330 3770 404 3837 ‹lem
428 3769 554 3860 syllaba
571 3770 785 3860 producitur,
799 3772 928 3837 iambus
944 3770 1122 3838 certissime
1141 3784 1352 3860 procreatur,

328 3894 364 3943 ut
384 3876 608 3966 Vergilius-
629 3901 864 3968 ascraeumque
887 3901 968 3944 cano
991 3900 1126 3945 romana
1149 3900 1208 3966 per
1230 3873 1351 3965 oppida

327 4003 470 4049 carmen.
484 4018 502 4030 -
515 3979 694 4050 Scanditur
717 3985 803 4051 enim
821 4005 953 4067 ascrae,
969 4006 1127 4074 umqueca
1141 4031 1151 4067 ,
1165 4004 1267 4066 noro,
1286 4005 1355 4049 ma·

327 4108 428 4175 nuper
443 4133 453 4169 ,
476 4085 616 4176 oppida,
638 4110 782 4156 carmen.
810 4125 827 4137 -
842 4100 876 4151 Δ·
892 4088 1004 4157 Potest
1019 4110 1061 4155 ne
1076 4085 1287 4179 pyrrhichius
1298 4102 1354 4152 aut
