3382 5206
359 515 404 588 16
733 528 883 592 arrarum
908 546 929 590 ι.

328 650 398 723 dici
414 648 559 726 ablativo
575 651 618 722 ab
636 650 702 724 bac
721 653 789 725 arti
807 653 862 729 vel
880 651 1104 750 monti;licet
1123 672 1160 728 et
1180 655 1247 730 boc
1267 654 1343 756 qui·

324 769 404 842 dam
426 768 684 868 corruptissime
704 768 863 847 dixerint.
884 770 930 846 Et
956 773 1113 875 genetivo
1133 772 1262 875 plurali
1286 773 1340 847 sic

321 889 514 964 dicendum
531 947 541 978 ‚
562 890 761 982 montium,
781 892 935 983 artium,
954 894 1107 994 partium
1123 951 1133 984 ,
1148 893 1338 983 mortium,

319 1009 549 1108 prudentium
565 1065 574 1101 ,
589 1011 821 1111 sapientium,
836 1014 1043 1112 ingentium
1053 1012 1176 1089 Tertia
1194 1014 1339 1088 additur

320 1128 439 1226 regula
459 1130 503 1201 ob
522 1152 629 1229 quam
647 1130 814 1205 ablativus
834 1158 933 1207 casus
952 1132 990 1205 in
1007 1161 1074 1222 c,
1100 1149 1137 1206 et
1156 1132 1339 1232 genetivus

322 1277 421 1323 casus
440 1249 751 1341 indum-liniatur,
766 1279 850 1325 cum
870 1253 1007 1350 generis
1024 1251 1186 1326 feminini
1204 1277 1337 1326 nomen

271 1384 278 1392 '
323 1366 410 1439 ine·
423 1386 620 1469 correptam
638 1368 784 1443 ablativo
806 1398 887 1444 casu
906 1370 1128 1465 desinuerit3
1147 1387 1188 1444 ut
1206 1370 1249 1442 ab
1269 1369 1337 1444 bac

321 1485 418 1558 clade
437 1543 446 1574 ,
465 1487 509 1559 ab
527 1487 594 1560 hac
615 1488 777 1577 civitate,
799 1488 841 1562 ab
860 1490 926 1563 hac
947 1489 1055 1577 urbe,
1076 1490 1119 1562 ab
1137 1491 1203 1563 bac
1224 1490 1336 1577 fame,
1430 1518 1432 1523 ⁴

320 1608 363 1679 ab
383 1610 448 1682 hac
469 1608 558 1682 mole
580 1668 589 1699 ‚
609 1612 652 1683 ab
675 1612 740 1684 hac
767 1613 909 1711 quietes
929 1630 965 1685 et
990 1612 1192 1710 genetivum
1222 1610 1336 1713 plura·

320 1728 391 1802 lem
417 1729 453 1801 in
474 1731 569 1804 ium·
588 1732 736 1806 mittunt
763 1790 773 1820 ‚
805 1751 847 1806 ut
876 1732 1029 1806 cladium
1057 1790 1080 1834 ,ι
1100 1731 1298 1806 civitatium
1325 1788 1336 1819 ‚

321 1847 509 1924 virtutium
531 1909 542 1939 ‚
562 1851 706 1925 urbium
728 1908 738 1941 ‚
758 1853 934 1942 lamium,
955 1852 1127 1941 molium,
1147 1851 1335 1952 quietium

323 1967 420 2042 Haec
440 1969 482 2044 de
503 1972 669 2066 genetivo.

408 2089 463 2162 13.
492 2087 602 2163 Nunc
622 2089 761 2163 dativus
782 2118 881 2165 casus
900 2091 987 2192 quid
1007 2090 1169 2165 ostendat
1190 2146 1200 2179 ,
1220 2116 1263 2164 ex
1282 2117 1337 2163 eo-

219 2262 222 2267 ·
323 2232 405 2280 rum
425 2207 645 2308 sequendum
660 2226 717 2303 ¹est
743 2209 872 2306 regulis
892 2226 929 2282 et
947 2210 1062 2283 verbis
1083 2207 1184 2309 ,qui
1202 2207 1246 2281 de
1267 2206 1337 2282 sin·

324 2328 415 2424 gulis
434 2329 565 2404 artium
585 2330 783 2405 rationibus
800 2331 894 2404 lente
908 2333 953 2432 (a)
967 2350 1002 2405 et
1019 2330 1158 2406 assidue
1179 2329 1337 2404 sicutdi·

322 2446 490 2521 dicerunt
509 2449 556 2521 ita
576 2468 612 2523 et
631 2449 863 2525 tradiderunt.
882 2446 1263 2548 Dativus‚inquiunt‚
1283 2475 1337 2523 ca·

322 2595 380 2641 sus
399 2569 653 2643 remaculatim
669 2571 814 2645 verbum
832 2569 993 2644 neutrale
1011 2569 1227 2643 demonstrat
1245 2598 1254 2646 ε
1274 2568 1336 2643 sed

322 2705 437 2763 tamen
457 2715 529 2761 non
550 2717 612 2788 per
631 2689 747 2762 omnia
766 2690 873 2762 verba·
887 2716 955 2762 nec
982 2715 1083 2763 casus
1105 2690 1192 2763 haec
1212 2674 1333 2786 regula

325 2810 490 2884 servanda
510 2827 595 2900 cst,
624 2811 653 2883 si
680 2809 888 2911 specialibus
914 2811 1129 2884 inventubus
1149 2809 1227 2911 (b),
1255 2836 1338 2882 con·

322 2930 575 3005 suetudinibus
605 2988 614 3018 ‚
649 2931 912 3030 rationibusque
939 2931 1044 3004 servit
1073 2987 1083 3018 ‚
1115 2957 1157 3004 ac
1184 2929 1215 3004 si
1238 2929 1336 3004 dicas

322 3050 444 3150 placeo
465 3051 556 3141 tibi,
576 3051 746 3152 displiceo
768 3051 858 3138 tibi,
880 3050 1013 3148 gaudeo
1032 3049 1120 3139 tibi,
1141 3066 1177 3122 et
1197 3047 1334 3124 similia.

321 3167 472 3242 Dativus
492 3197 593 3243 casus
614 3170 651 3242 in
673 3171 704 3242 ·i·
725 3195 861 3269 semper
880 3168 962 3242 acui
979 3168 1108 3258 debet,
1128 3186 1276 3269 excepto
1297 3166 1336 3240 il-

319 3288 353 3359 lo
375 3317 458 3363 casu
478 3290 540 3389 qui
560 3306 729 3391 quattuor
748 3289 883 3388 syllabis
903 3305 1112 3362 numeratur
1134 3344 1144 3377 ,
1165 3288 1214 3360 ita
1233 3287 1334 3362 dum·

320 3426 411 3483 taxat
433 3427 474 3484 ut
500 3410 536 3482 in
563 3411 776 3485 nominativo
801 3427 873 3482 tres
900 3408 1044 3506 syllabae
1070 3409 1144 3481 sint
1167 3408 1333 3507 positae,

321 3547 362 3602 ut
379 3548 564 3628 potestas,
594 3532 747 3618 civitas,
774 3531 916 3630 pictas,
945 3528 1110 3602 claritas.
1144 3525 1186 3599 si
1214 3544 1335 3600 autem
1380 3618 1383 3624 Ι

320 3649 562 3747 dissyllabatus
589 3650 699 3724 luerit
727 3647 963 3721 nominativus
992 3672 1090 3718 casus
1116 3645 1333 3742 singularis,

324 3784 536 3874 aspiraque
565 3768 697 3866 syllaba
727 3765 843 3839 brevis
875 3765 1021 3852 luerit,
1054 3762 1193 3836 dativus
1230 3790 1334 3836 casus

322 3887 512 3989 posteriori
538 3904 688 3962 acuetur
715 3885 872 3984 syllaba,
902 3903 943 3957 ut
969 3883 1042 3980 igni
1065 3884 1075 3972 ζ
1102 3882 1215 3983 pani,
1243 3881 1334 3956 navi.

404 4034 441 4099 (a)
458 4037 513 4086 coa.
530 4035 593 4095 tege.
626 4030 665 4096 (o)
681 4037 717 4082 n·
732 4014 802 4078 20ss
1146 4025 1147 4028 ’
