3382 5206
384 545 456 636 114
744 566 888 612 retrone
917 567 968 612 tn.

345 676 534 750 fundere:
554 674 596 747 de
618 702 686 773 qua
708 702 818 773 pauca
846 701 916 773 pon
942 673 1051 773 pigito
1078 698 1238 770 promere
1267 699 1379 744 exem·
1418 722 1422 727 -

358 794 423 898 pla.
443 792 600 894 Lapidus
625 793 771 899 quidam
793 794 839 894 (a)
855 794 892 865 in
904 792 989 865 Asia
1007 791 1144 865 minore
1156 807 1273 864 orator
1284 819 1379 890 prae·

358 941 459 1005 rene,
481 912 590 987 multa
611 913 885 1013 reprehensione
905 910 1010 1008 digna
1032 908 1259 1009 conscripsit3
1280 925 1322 981 ut
1341 908 1380 980 il·

315 1052 323 1077 ‘
354 1031 443 1108 lud:
464 1031 515 1106 eol
534 1032 572 1104 in
593 1058 723 1104 occasu
744 1029 889 1103 metitur
907 1028 1023 1104 maria.
1043 1025 1151 1101 Nulla
1169 1027 1229 1100 hic
1254 1027 1378 1100 veritas

355 1170 442 1248 est3
468 1151 561 1226 nulli
586 1151 682 1224 enim
712 1166 877 1247 naturam
906 1149 1012 1221 maris
1034 1148 1241 1249 profundam
1261 1146 1378 1219 metiri

355 1270 521 1376 possibile
539 1289 600 1346 est.
622 1268 715 1366 Ergo
734 1268 891 1343 dicatur:
910 1266 960 1340 eol
981 1267 1017 1339 in
1037 1295 1164 1341 occasu
1185 1267 1289 1363 tingit
1323 1268 1373 1368 (h)

354 1418 470 1482 mare,
490 1418 561 1492 quo
587 1388 842 1491 quodammodo
871 1387 1070 1461 transitorie
1099 1388 1233 1475 tincto,
1263 1415 1374 1487 usqne

313 1526 331 1564 N
354 1510 397 1584 ad
423 1507 533 1583 Seres
554 1511 601 1607 (c)
624 1508 789 1581 festinato
809 1506 1057 1606 proficiscens,
1077 1521 1148 1577 tota
1169 1504 1236 1577 illis
1255 1505 1377 1577 arden·

356 1631 490 1707 tissima
508 1630 622 1726 fulget
641 1645 755 1702 nocte.
781 1625 939 1728 Lapidus
966 1626 1089 1700 itidem
1115 1625 1223 1701 dicit:
1246 1643 1375 1699 ventus

354 1755 478 1828 robora
496 1751 690 1824 labefactat.

433 1874 466 1949 8.
494 1870 656 1946 Gramma
670 1887 722 1943 est
732 1868 874 1958 littera,
895 1866 1368 1967 grammaticalitteratio(1)

354 1995 462 2069 totius
480 1991 647 2066 lectionis
659 1990 832 2066 scmitula.
844 1986 979 2063 Littera
990 1989 1242 2088 interpretatur
1256 1988 1375 2085 legite·

352 2133 409 2199 ra,
429 2110 525 2211 quod
547 2125 599 2185 est
617 2107 758 2206 legendi
778 2107 998 2181 itinerarium
1012 2108 1076 2207 (2).
1090 2105 1264 2205 Oportere
1278 2106 1374 2178 enim

352 2221 396 2296 de
415 2227 680 2326 opportunitate
707 2225 908 2321 derivatur3
928 2226 1027 2325 loqui
1047 2224 1084 2296 in
1106 2224 1291 2296 morosiore
1307 2223 1376 2296 elo·

351 2346 502 2442 quentia
522 2362 575 2418 est
593 2345 713 2419 dicere
735 2346 967 2446 simpliciter,
994 2344 1301 2444 communiterque
1328 2345 1371 2417 ad

352 2488 457 2536 omne
477 2463 616 2537 dictum
636 2464 799 2538 refertur.
832 2463 932 2537 lnter
960 2463 1038 2537 volo
1069 2479 1104 2536 et
1133 2463 1256 2562 cupi03
1288 2462 1373 2535 velle

351 2584 449 2656 enim
468 2612 510 2656 ex
528 2583 677 2683 quadam
697 2585 793 2657 suavi
813 2612 853 2657 ac
881 2585 1037 2681 legitima
1066 2583 1245 2656 voluntate
1273 2583 1373 2656 intel-

278 2748 281 2754 ι
349 2697 504 2797 legitur3
527 2701 649 2800 cupire
677 2701 728 2800 (d)
756 2716 874 2774 autem
895 2700 1141 2773 immoderatae
1164 2699 1369 2799 cupiditatis

351 2835 414 2892 eet
426 2817 626 2893 Dialectica
644 2821 692 2921 (e)
706 2821 750 2893 ob
762 2821 829 2892 hoc
840 2820 999 2910 dicitur,
1019 2819 1101 2920 quia
1113 2819 1261 2919 plurima
1280 2849 1370 2920 quae

352 2957 437 3013 eunt
457 2940 682 3038 grammatica
693 2942 731 3040 (l)
751 2941 894 3041 profert.
918 2939 1107 3014 Certamen
1121 2968 1162 3013 ex
1179 2958 1276 3014 certo
1288 2941 1367 3014 loco

350 3058 495 3138 dicitur.
515 3060 617 3135 Inter
635 3061 756 3161 plebes
776 3079 812 3135 et
832 3062 1004 3164 populus:
1022 3062 1143 3162 plebes
1164 3063 1259 3135 enim
1278 3091 1368 3162 quae

430 3258 470 3324 (ι)
485 3261 541 3308 cod.
558 3277 579 3320 q:
589 3262 662 3304 ctam.
695 3256 736 3320 (la)
753 3265 854 3307 Dicerem
865 3269 941 3314 terruit
951 3266 995 3307 uiri
1007 3272 1142 3322 aequentur
1158 3270 1229 3308 tincto
1262 3260 1301 3326 (c)
1311 3263 1367 3310 eod·

351 3351 501 3398 petreum-es
532 3336 573 3401 (d)
590 3347 626 3386 lte
645 3341 697 3388 cod.
729 3340 766 3406 (e)
784 3343 839 3386 Cod.
856 3340 940 3385 Betsa.
961 3344 1003 3388 sed
1018 3342 1140 3404 legendum
1165 3361 1214 3389 erre
1235 3345 1364 3388 <tutorem

352 3424 448 3475 appetet
464 3417 531 3461 infre.
565 3415 598 3478 (l)
614 3406 674 3464 cod:
686 3433 800 3475 gramme.

428 3572 474 3639 (ι)
494 3571 536 3624 Sic
555 3572 715 3626 Gainlredus
741 3575 926 3641 grammaticus
955 3575 982 3628 in
1007 3576 1065 3631 cod.
1084 3589 1137 3633 vat.
1158 3597 1183 3648 p·
1212 3574 1263 3632 3..
1283 3576 1359 3631 ruins

356 3673 408 3727 ope
425 3657 562 3710 emendavi
577 3669 697 3712 nostrum
716 3660 745 3713 in
762 3661 858 3715 codice
876 3672 1031 3735 corruptum
1048 3663 1100 3717 aio:
1120 3684 1241 3738 graormo
1252 3675 1291 3718 est
1308 3667 1359 3718 lit·

358 3754 503 3799 temtum
519 3746 693 3815 pervidetio.

431 3830 476 3901 (π)
495 3831 571 3885 llunc
585 3833 687 3890 locum,
707 3833 873 3887 dissimulem
886 3835 996 3903 Virgilii
1010 3837 1133 3894 nomine,
1151 3851 1260 3908 urnrpat
1272 3839 1358 3892 Gein-

356 3918 446 3974 nodus
464 3920 649 3988 grammaticus
670 3919 697 3974 in
722 3921 782 3974 cod.
801 3933 856 3975 vat.
875 3942 901 3994 p.
920 3920 946 3979 3·
965 3925 1070 3976 littera
1088 3925 1196 3978 dicitur·
1214 3930 1298 3998 quasi
1317 3931 1360 3978 te-

355 4009 448 4079 gitera
463 4043 470 4065 .
488 4025 518 4061 eo
537 4006 615 4081 quod
627 4008 779 4081 legentibus
800 4009 855 4061 iter·
877 4004 917 4061 ad
933 4009 1081 4084 legendum
1096 4015 1218 4082 praebet
