3382 5206
664 548 709 596 an
735 547 909 598 innocuus
935 550 1009 599 tur.
1254 530 1323 624 409

320 642 448 721 'Oscula
479 672 547 720 tum
574 652 680 722 libans
709 657 846 747 genibus
864 655 1053 746 praedulcia
1080 661 1166 750 regis

325 763 424 844 Dux,
446 779 543 851 atque
565 761 623 830 has
644 762 764 831 celeres
791 762 945 852 produxit
966 779 1097 851 pectore
1118 789 1237 833 voces:

328 870 392 935 Rex
415 869 474 933 tibi
504 867 645 936 debetur
672 894 789 937 munus
814 893 873 958 per
894 887 1012 935 cuncta
1031 850 1166 952 delatis,

329 973 387 1039 Ast
408 998 467 1065 cgo
493 976 658 1042 servitium
684 976 777 1042 vobis
803 999 862 1064 per
892 973 1021 1042 saecula
1048 974 1147 1043 solvo.

327 1078 383 1145 Sic
407 1078 522 1165 latus,
548 1084 632 1173 regis
654 1106 730 1148 cum
757 1080 841 1148 dono
865 1079 907 1145 ad
926 1098 1029 1149 castra
1051 1083 1183 1149 recessit
1207 1087 1265 1164 (ι).

553 1293 595 1357 ll.
617 1314 661 1358 no
682 1312 848 1361 renotuit
870 1312 1130 1361 turrmronrn.

335 1429 390 1566 Ο
416 1500 500 1565 Deus
526 1501 729 1588 omnipotens
758 1523 918 1566 convexae
939 1499 1090 1567 conditor
1110 1502 1194 1566 arcis

333 1608 516 1671 Terrarum
545 1622 578 1671 et
605 1609 703 1673 maris
727 1623 760 1672 ct
786 1630 869 1697 quae
896 1622 1002 1673 tantus
1025 1607 1171 1672 continet
1200 1607 1310 1688 orbis,

332 1712 466 1799 Suscipe
486 1729 559 1776 vota
585 1727 658 1778 tuac
676 1711 807 1801 plebis,
835 1711 969 1803 dignarc
992 1728 1122 1802 rogatus

335 1817 480 1882 Caesaris
508 1815 616 1881 eximii
638 1814 750 1883 Karoli
777 1814 911 1882 firmare
937 1815 1097 1900 salutem,

335 1922 538 2013 Multiplices
561 1924 662 1989 vitam
682 1921 880 2012 protendens
910 1932 1020 1989 rector
1040 1924 1076 1988 in
1101 1949 1224 2007 annos,

335 2030 478 2117 lmpcrio
507 2051 666 2095 occanum
694 2029 886 2117 consignans
910 2026 1025 2094 ordine
1051 2046 1197 2113 metam,

335 2133 489 2199 Hostibus
509 2133 670 2220 oppressis
695 2130 823 2197 firmata
845 2155 924 2220 pace
947 2133 1111 2219 perenni,

335 2237 470 2325 Optime
498 2235 587 2327 quod
615 2236 768 2324 princeps
795 2234 943 2300 sedatum
969 2237 1031 2302 rite
1057 2236 1243 2326 gubernet,

336 2341 564 2410 Permulcente
591 2366 647 2406 sua
678 2339 789 2406 divino
815 2364 948 2410 munere
978 2341 1100 2407 dextra·

337 2451 429 2516 Unus
446 2451 481 2513 in
503 2448 653 2515 aetherea
678 2447 850 2514 altitonans
879 2450 935 2537 qui
961 2447 1124 2537 praesidet
1146 2447 1247 2527 aula;

338 2556 500 2622 Convenit
524 2571 557 2620 et
575 2552 679 2620 solum
703 2556 796 2620 terris
816 2576 953 2641 regnare
972 2555 1032 2622 sub
1053 2554 1137 2638 illo,

337 2661 400 2745 Qui
418 2662 535 2726 merito
557 2661 682 2725 cunctis
703 2677 867 2746 praestans
895 2660 1089 2728 mortalibus
1112 2678 1203 2728 esset.

339 2765 513 2833 Discedens
533 2764 641 2829 variae
657 2780 762 2830 sectae
780 2812 789 2846 ,
807 2763 951 2831 discedat
971 2780 1003 2831 et
1025 2786 1118 2830 error

338 2870 499 2961 Antiquos
522 2869 688 2960 quondam
711 2867 796 2933 male
817 2893 928 2935 suasus
949 2870 990 2935 ab
1015 2893 1071 2937 ore
1093 2867 1251 2959 maligni,

339 2980 458 3046 Sancta
480 2977 562 3044 fides
582 2979 708 3061 niteat,
730 2978 924 3043 comitanter
949 2977 1109 3067 gressibus
1132 2975 1204 3042 altis

340 3084 425 3148 Cum
448 3082 561 3149 Karoli
585 3084 694 3171 magni
719 3099 755 3146 ut
777 3099 902 3147 vastum
927 3081 1103 3171 perlustret
1119 3096 1152 3148 et
1169 3082 1313 3163 orbem,

248 3218 251 3223 ⁴
338 3188 479 3274 lmperio
500 3186 655 3276 dictoque
679 3184 774 3252 simul
797 3186 926 3252 domitis
946 3187 1065 3251 virtute
1086 3187 1249 3275 superbis.

340 3294 389 3361 Ae
415 3309 488 3381 post
511 3295 699 3360 innumeros
726 3310 834 3381 captos
855 3317 892 3360 es
911 3292 1003 3360 hoste
1022 3292 1203 3381 triumphos

340 3401 427 3466 Cum
454 3400 578 3464 victore
604 3422 661 3465 suo
683 3401 798 3464 victrix
824 3397 961 3467 laetetur
979 3416 1011 3467 et
1036 3400 1113 3487 ipsa.

338 3507 413 3570 Post
440 3520 527 3569 tanta
550 3505 584 3569 in
606 3505 702 3569 terris
721 3519 790 3591 post
815 3520 862 3569 tot
882 3503 1034 3570 sublimia
1057 3503 1142 3570 sacta

337 3613 439 3679 Pleno
458 3630 528 3677 tum
552 3610 684 3677 demum
703 3609 865 3698 completo
892 3613 1045 3702 temporis
1069 3636 1146 3680 aevo

426 3794 472 3862 (t)
494 3795 531 3846 Dc
552 3793 693 3864 impetrata
711 3794 788 3847 venia
808 3793 927 3863 loquitur
953 3800 1054 3865 poeta.
1078 3811 1158 3864 quatu
1178 3811 1256 3865 saepe
1275 3792 1365 3847 indul·

342 3884 379 3935 sit
392 3881 504 3934 Karolus
519 3898 587 3933 anno
601 3880 703 3933 scilicet
717 3878 778 3955 781·
792 3890 819 3931 et
831 3877 890 3954 782.
909 3876 967 3954 786
984 3878 1044 3956 787.
1063 3880 1133 3932 Vide
1148 3881 1254 3935 annales
1268 3879 1366 3949 lauris·

344 3988 430 4025 senscs
449 3969 521 4040 apud
541 3969 575 4019 cl.
596 3968 726 4021 Pertziom
747 3985 851 4021 monum
870 3965 965 4022 histor·
986 3970 1074 4025 Germ.
1094 3968 1128 4020 Τ.
1151 3971 1172 4020 l.
