<?xml version="1.0" encoding="UTF-8"?>
<!DOCTYPE html PUBLIC "-//W3C//DTD XHTML 1.0 Transitional//EN"
    "http://www.w3.org/TR/xhtml1/DTD/xhtml1-transitional.dtd">
<html xmlns="http://www.w3.org/1999/xhtml" xml:lang="en" lang="en">
 <head>
  <title>
</title>
<meta http-equiv="Content-Type" content="text/html;charset=utf-8" />
  <meta name='ocr-system' content='tesseract 3.04.00' />
  <meta name='ocr-capabilities' content='ocr_page ocr_carea ocr_par ocr_line ocrx_word'/>
</head>
<body>
  <div class='ocr_page' id='page_1' title='image "./classicorumauct00vatigoog_0089.png"; bbox 0 0 3382 5206; ppageno 0'>
   <div class='ocr_carea' id='block_1_1' title="bbox 352 565 1059 687">
    <p class='ocr_par' dir='ltr' id='par_1_1' title="bbox 352 565 1059 687">
     <span class='ocr_line' id='line_1_1' title="bbox 352 565 1059 687; baseline 0 -29"><span class='ocrx_word' id='word_1_1' title='bbox 352 565 403 659; x_wconf 78' lang='lat'><strong>28</strong></span> <span class='ocrx_word' id='word_1_2' title='bbox 731 610 880 669; x_wconf 65' lang='lat' dir='ltr'><strong>annom</strong></span> <span class='ocrx_word' id='word_1_3' title='bbox 906 612 950 662; x_wconf 86' lang='lat' dir='ltr'><strong>m·</strong></span> <span class='ocrx_word' id='word_1_4' title='bbox 1053 670 1059 687; x_wconf 44' lang='grc' dir='ltr'><strong><em>Ι</em></strong></span> 
     </span>
    </p>
   </div>
   <div class='ocr_carea' id='block_1_2' title="bbox 273 716 1408 3443">
    <p class='ocr_par' dir='ltr' id='par_1_2' title="bbox 273 716 1408 3443">
     <span class='ocr_line' id='line_1_2' title="bbox 325 716 1344 821; baseline 0.005 -31"><span class='ocrx_word' id='word_1_5' title='bbox 325 717 580 819; x_wconf 81' lang='lat' dir='ltr'><strong>approbemus,</strong></span> <span class='ocrx_word' id='word_1_6' title='bbox 600 716 761 794; x_wconf 77' lang='lat' dir='ltr'><strong>Donatus</strong></span> <span class='ocrx_word' id='word_1_7' title='bbox 778 720 815 792; x_wconf 91' lang='lat' dir='ltr'><strong>in</strong></span> <span class='ocrx_word' id='word_1_8' title='bbox 834 720 988 821; x_wconf 90' lang='lat' dir='ltr'><strong>quodam</strong></span> <span class='ocrx_word' id='word_1_9' title='bbox 1008 721 1161 794; x_wconf 83' lang='lat' dir='ltr'><strong>carmine</strong></span> <span class='ocrx_word' id='word_1_10' title='bbox 1182 721 1229 795; x_wconf 92' lang='lat' dir='ltr'><strong>ita</strong></span> <span class='ocrx_word' id='word_1_11' title='bbox 1249 744 1344 796; x_wconf 87' lang='lat' dir='ltr'><strong>com·</strong></span> 
     </span>
     <span class='ocr_line' id='line_1_3' title="bbox 325 836 1345 936; baseline 0.004 -26"><span class='ocrx_word' id='word_1_12' title='bbox 325 837 443 936; x_wconf 87' lang='lat' dir='ltr'><strong>posuit</strong></span> <span class='ocrx_word' id='word_1_13' title='bbox 467 836 612 914; x_wconf 85' lang='lat' dir='ltr'><strong>dicens:</strong></span> <span class='ocrx_word' id='word_1_14' title='bbox 631 850 656 883; x_wconf 88' lang='lat'><strong>“</strong></span> <span class='ocrx_word' id='word_1_15' title='bbox 679 855 813 912; x_wconf 88' lang='lat' dir='ltr'><strong>nostras</strong></span> <span class='ocrx_word' id='word_1_16' title='bbox 841 841 955 914; x_wconf 91' lang='lat' dir='ltr'><strong>omnis</strong></span> <span class='ocrx_word' id='word_1_17' title='bbox 979 840 1109 914; x_wconf 85' lang='lat' dir='ltr'><strong>lamilia</strong></span> <span class='ocrx_word' id='word_1_18' title='bbox 1131 891 1141 932; x_wconf 74' lang='lat'><strong>,</strong></span> <span class='ocrx_word' id='word_1_19' title='bbox 1167 858 1345 916; x_wconf 70' lang='lat' dir='ltr'><strong>nostrates</strong></span> 
     </span>
     <span class='ocr_line' id='line_1_4' title="bbox 325 956 1345 1061; baseline 0.006 -35"><span class='ocrx_word' id='word_1_20' title='bbox 325 982 468 1055; x_wconf 91' lang='lat' dir='ltr'><strong>quoque</strong></span> <span class='ocrx_word' id='word_1_21' title='bbox 488 982 617 1055; x_wconf 89' lang='lat' dir='ltr'><strong>pecora</strong></span> <span class='ocrx_word' id='word_1_22' title='bbox 638 956 783 1030; x_wconf 76' lang='lat' dir='ltr'><strong>evadant</strong></span> <span class='ocrx_word' id='word_1_23' title='bbox 803 957 1022 1032; x_wconf 87' lang='lat' dir='ltr'><strong>imminentia</strong></span> <span class='ocrx_word' id='word_1_24' title='bbox 1046 960 1227 1034; x_wconf 89' lang='lat' dir='ltr'><strong>hostilium</strong></span> <span class='ocrx_word' id='word_1_25' title='bbox 1253 961 1345 1061; x_wconf 91' lang='lat' dir='ltr'><strong>peri·</strong></span> 
     </span>
     <span class='ocr_line' id='line_1_5' title="bbox 329 1073 1344 1179; baseline 0.003 -32"><span class='ocrx_word' id='word_1_26' title='bbox 329 1074 409 1148; x_wconf 85' lang='lat' dir='ltr'><strong>cula</strong></span> <span class='ocrx_word' id='word_1_27' title='bbox 445 1130 491 1164; x_wconf 86' lang='lat'><strong>‚,.</strong></span> <span class='ocrx_word' id='word_1_28' title='bbox 526 1073 704 1149; x_wconf 87' lang='lat' dir='ltr'><strong>Gabritius</strong></span> <span class='ocrx_word' id='word_1_29' title='bbox 732 1103 876 1175; x_wconf 90' lang='lat' dir='ltr'><strong>quoque</strong></span> <span class='ocrx_word' id='word_1_30' title='bbox 908 1090 932 1123; x_wconf 78' lang='lat'><strong>‘⁶</strong></span> <span class='ocrx_word' id='word_1_31' title='bbox 965 1093 1169 1167; x_wconf 82' lang='lat' dir='ltr'><strong>nostrates,</strong></span> <span class='ocrx_word' id='word_1_32' title='bbox 1194 1077 1344 1179; x_wconf 85' lang='lat' dir='ltr'><strong>inquit,</strong></span> 
     </span>
     <span class='ocr_line' id='line_1_6' title="bbox 325 1191 1344 1293; baseline 0.005 -29"><span class='ocrx_word' id='word_1_33' title='bbox 325 1191 475 1266; x_wconf 88' lang='lat' dir='ltr'><strong>salutate</strong></span> <span class='ocrx_word' id='word_1_34' title='bbox 505 1192 629 1266; x_wconf 82' lang='lat' dir='ltr'><strong>fratres</strong></span> <span class='ocrx_word' id='word_1_35' title='bbox 652 1221 664 1289; x_wconf 85' lang='lat'>3</span> <span class='ocrx_word' id='word_1_36' title='bbox 691 1193 772 1293; x_wconf 83' lang='lat' dir='ltr'><strong>quia</strong></span> <span class='ocrx_word' id='word_1_37' title='bbox 798 1195 848 1293; x_wconf 71' lang='lat' dir='ltr'><strong>(a)</strong></span> <span class='ocrx_word' id='word_1_38' title='bbox 877 1212 913 1268; x_wconf 90' lang='lat' dir='ltr'><strong>et</strong></span> <span class='ocrx_word' id='word_1_39' title='bbox 941 1211 1117 1270; x_wconf 83' lang='lat' dir='ltr'><strong>nostrates</strong></span> <span class='ocrx_word' id='word_1_40' title='bbox 1147 1222 1208 1285; x_wconf 84' lang='lat' dir='ltr'><strong>vos</strong></span> <span class='ocrx_word' id='word_1_41' title='bbox 1239 1196 1344 1269; x_wconf 92' lang='lat' dir='ltr'><strong>undi-</strong></span> 
     </span>
     <span class='ocr_line' id='line_1_7' title="bbox 326 1308 1344 1413; baseline 0.002 -29"><span class='ocrx_word' id='word_1_42' title='bbox 326 1338 398 1411; x_wconf 92' lang='lat' dir='ltr'><strong>que</strong></span> <span class='ocrx_word' id='word_1_43' title='bbox 424 1309 574 1384; x_wconf 88' lang='lat' dir='ltr'><strong>salutant</strong></span> <span class='ocrx_word' id='word_1_44' title='bbox 603 1367 639 1401; x_wconf 85' lang='lat'><strong>,‚.</strong></span> <span class='ocrx_word' id='word_1_45' title='bbox 665 1308 859 1398; x_wconf 71' lang='lat' dir='ltr'><strong>Terentius</strong></span> <span class='ocrx_word' id='word_1_46' title='bbox 888 1334 1032 1412; x_wconf 88' lang='lat' dir='ltr'><strong>quoque</strong></span> <span class='ocrx_word' id='word_1_47' title='bbox 1058 1313 1097 1387; x_wconf 92' lang='lat' dir='ltr'><strong>in</strong></span> <span class='ocrx_word' id='word_1_48' title='bbox 1125 1329 1249 1413; x_wconf 90' lang='lat' dir='ltr'><strong>quarto</strong></span> <span class='ocrx_word' id='word_1_49' title='bbox 1277 1312 1344 1386; x_wconf 90' lang='lat' dir='ltr'><strong>dis·</strong></span> 
     </span>
     <span class='ocr_line' id='line_1_8' title="bbox 325 1429 1345 1532; baseline 0.003 -31"><span class='ocrx_word' id='word_1_50' title='bbox 325 1429 542 1529; x_wconf 90' lang='lat' dir='ltr'><strong>positionum</strong></span> <span class='ocrx_word' id='word_1_51' title='bbox 565 1429 871 1527; x_wconf 84' lang='lat' dir='ltr'><strong>grammaticarum</strong></span> <span class='ocrx_word' id='word_1_52' title='bbox 892 1431 979 1504; x_wconf 89' lang='lat' dir='ltr'><strong>libro</strong></span> <span class='ocrx_word' id='word_1_53' title='bbox 1002 1431 1071 1505; x_wconf 83' lang='lat' dir='ltr'><strong>tale</strong></span> <span class='ocrx_word' id='word_1_54' title='bbox 1096 1430 1345 1532; x_wconf 85' lang='lat' dir='ltr'><strong>prohoemium</strong></span> 
     </span>
     <span class='ocr_line' id='line_1_9' title="bbox 328 1548 1345 1651; baseline -0.001 -30"><span class='ocrx_word' id='word_1_55' title='bbox 328 1548 469 1625; x_wconf 85' lang='lat' dir='ltr'><strong>edidit:</strong></span> <span class='ocrx_word' id='word_1_56' title='bbox 502 1562 527 1594; x_wconf 85' lang='lat'><strong>“</strong></span> <span class='ocrx_word' id='word_1_57' title='bbox 562 1549 660 1623; x_wconf 89' lang='lat' dir='ltr'><strong>cuias</strong></span> <span class='ocrx_word' id='word_1_58' title='bbox 694 1577 809 1647; x_wconf 84' lang='lat' dir='ltr'><strong>gens,</strong></span> <span class='ocrx_word' id='word_1_59' title='bbox 838 1567 874 1624; x_wconf 89' lang='lat' dir='ltr'><strong>et</strong></span> <span class='ocrx_word' id='word_1_60' title='bbox 902 1551 1034 1625; x_wconf 86' lang='lat' dir='ltr'><strong>cuiates</strong></span> <span class='ocrx_word' id='word_1_61' title='bbox 1062 1550 1186 1651; x_wconf 90' lang='lat' dir='ltr'><strong>populi</strong></span> <span class='ocrx_word' id='word_1_62' title='bbox 1214 1549 1345 1623; x_wconf 89' lang='lat' dir='ltr'><strong>litteris</strong></span> 
     </span>
     <span class='ocr_line' id='line_1_10' title="bbox 328 1667 1344 1770; baseline 0 -29"><span class='ocrx_word' id='word_1_63' title='bbox 328 1683 401 1741; x_wconf 88' lang='lat' dir='ltr'><strong>tam</strong></span> <span class='ocrx_word' id='word_1_64' title='bbox 427 1686 589 1769; x_wconf 89' lang='lat' dir='ltr'><strong>prompte</strong></span> <span class='ocrx_word' id='word_1_65' title='bbox 622 1668 735 1742; x_wconf 91' lang='lat' dir='ltr'><strong>dediti</strong></span> <span class='ocrx_word' id='word_1_66' title='bbox 763 1668 849 1768; x_wconf 84' lang='lat' dir='ltr'><strong>(b),</strong></span> <span class='ocrx_word' id='word_1_67' title='bbox 880 1696 986 1770; x_wconf 85' lang='lat' dir='ltr'><strong>quarn</strong></span> <span class='ocrx_word' id='word_1_68' title='bbox 1015 1667 1160 1758; x_wconf 81' lang='lat' dir='ltr'><strong>Tusci,</strong></span> <span class='ocrx_word' id='word_1_69' title='bbox 1191 1695 1344 1769; x_wconf 89' lang='lat' dir='ltr'><strong>quorum</strong></span> 
     </span>
     <span class='ocr_line' id='line_1_11' title="bbox 325 1788 1344 1891; baseline 0.001 -31"><span class='ocrx_word' id='word_1_70' title='bbox 325 1806 450 1867; x_wconf 81' lang='lat' dir='ltr'><strong>natura</strong></span> <span class='ocrx_word' id='word_1_71' title='bbox 476 1790 590 1863; x_wconf 80' lang='lat' dir='ltr'><strong>fertur</strong></span> <span class='ocrx_word' id='word_1_72' title='bbox 618 1790 661 1862; x_wconf 90' lang='lat' dir='ltr'><strong>ab</strong></span> <span class='ocrx_word' id='word_1_73' title='bbox 692 1789 861 1864; x_wconf 76' lang='lat' dir='ltr'><strong>infantiae</strong></span> <span class='ocrx_word' id='word_1_74' title='bbox 883 1791 984 1864; x_wconf 90' lang='lat' dir='ltr'><strong>anuis</strong></span> <span class='ocrx_word' id='word_1_75' title='bbox 1008 1790 1199 1891; x_wconf 88' lang='lat' dir='ltr'><strong>sapientiae</strong></span> <span class='ocrx_word' id='word_1_76' title='bbox 1226 1788 1344 1863; x_wconf 79' lang='lat' dir='ltr'><strong>stude</strong></span> 
     </span>
     <span class='ocr_line' id='line_1_12' title="bbox 329 1905 1345 2008; baseline 0 -30"><span class='ocrx_word' id='word_1_77' title='bbox 329 1935 369 1980; x_wconf 92' lang='lat' dir='ltr'><strong>re</strong></span> <span class='ocrx_word' id='word_1_78' title='bbox 395 1906 491 1995; x_wconf 87' lang='lat' dir='ltr'><strong>soli,</strong></span> <span class='ocrx_word' id='word_1_79' title='bbox 523 1924 559 1980; x_wconf 88' lang='lat' dir='ltr'><strong>et</strong></span> <span class='ocrx_word' id='word_1_80' title='bbox 584 1905 674 1981; x_wconf 77' lang='lat' dir='ltr'><strong>nihil</strong></span> <span class='ocrx_word' id='word_1_81' title='bbox 698 1907 794 1980; x_wconf 88' lang='lat' dir='ltr'><strong>aliud</strong></span> <span class='ocrx_word' id='word_1_82' title='bbox 825 1933 939 1981; x_wconf 87' lang='lat' dir='ltr'><strong>amare</strong></span> <span class='ocrx_word' id='word_1_83' title='bbox 966 1934 1072 2008; x_wconf 90' lang='lat' dir='ltr'><strong>quam</strong></span> <span class='ocrx_word' id='word_1_84' title='bbox 1100 1933 1238 2007; x_wconf 84' lang='lat' dir='ltr'><strong>semper</strong></span> <span class='ocrx_word' id='word_1_85' title='bbox 1270 1906 1345 2007; x_wconf 93' lang='lat' dir='ltr'><strong>phi·</strong></span> 
     </span>
     <span class='ocr_line' id='line_1_13' title="bbox 326 2023 1186 2128; baseline 0.005 -33"><span class='ocrx_word' id='word_1_86' title='bbox 326 2023 537 2125; x_wconf 76' lang='lat' dir='ltr'><strong>losophare?</strong></span> <span class='ocrx_word' id='word_1_87' title='bbox 559 2082 584 2114; x_wconf 85' lang='lat'><strong>‚‚</strong></span> <span class='ocrx_word' id='word_1_88' title='bbox 1185 2125 1186 2128; x_wconf 8' lang='grc' dir='ltr'><strong>Ἴ</strong></span> 
     </span>
     <span class='ocr_line' id='line_1_14' title="bbox 273 2143 1343 2249; baseline 0 -33"><span class='ocrx_word' id='word_1_89' title='bbox 273 2244 275 2249; x_wconf 16' lang='grc' dir='ltr'><strong><em>Δ</em></strong></span> <span class='ocrx_word' id='word_1_90' title='bbox 404 2171 438 2245; x_wconf 85' lang='lat'><strong>9.</strong></span> <span class='ocrx_word' id='word_1_91' title='bbox 460 2143 554 2217; x_wconf 88' lang='lat' dir='ltr'><strong>Sunt</strong></span> <span class='ocrx_word' id='word_1_92' title='bbox 574 2145 780 2245; x_wconf 86' lang='lat' dir='ltr'><strong>pronomina</strong></span> <span class='ocrx_word' id='word_1_93' title='bbox 793 2173 886 2245; x_wconf 89' lang='lat' dir='ltr'><strong>quae</strong></span> <span class='ocrx_word' id='word_1_94' title='bbox 896 2162 1055 2246; x_wconf 89' lang='lat' dir='ltr'><strong>prompta</strong></span> <span class='ocrx_word' id='word_1_95' title='bbox 1076 2162 1112 2218; x_wconf 93' lang='lat' dir='ltr'><strong>et</strong></span> <span class='ocrx_word' id='word_1_96' title='bbox 1131 2144 1272 2242; x_wconf 86' lang='lat' dir='ltr'><strong>cognita</strong></span> <span class='ocrx_word' id='word_1_97' title='bbox 1292 2171 1343 2216; x_wconf 70' lang='lat' dir='ltr'><strong>es«</strong></span> 
     </span>
     <span class='ocr_line' id='line_1_15' title="bbox 324 2261 1340 2361; baseline 0 -27"><span class='ocrx_word' id='word_1_98' title='bbox 324 2289 362 2335; x_wconf 85' lang='lat' dir='ltr'><strong>se</strong></span> <span class='ocrx_word' id='word_1_99' title='bbox 380 2261 566 2353; x_wconf 83' lang='lat' dir='ltr'><strong>videntur,</strong></span> <span class='ocrx_word' id='word_1_100' title='bbox 584 2262 645 2336; x_wconf 88' lang='lat' dir='ltr'><strong>sed</strong></span> <span class='ocrx_word' id='word_1_101' title='bbox 665 2264 702 2336; x_wconf 92' lang='lat' dir='ltr'><strong>in</strong></span> <span class='ocrx_word' id='word_1_102' title='bbox 721 2263 799 2336; x_wconf 90' lang='lat' dir='ltr'><strong>aliis</strong></span> <span class='ocrx_word' id='word_1_103' title='bbox 817 2263 954 2338; x_wconf 84' lang='lat' dir='ltr'><strong>casibus</strong></span> <span class='ocrx_word' id='word_1_104' title='bbox 972 2262 1125 2337; x_wconf 88' lang='lat' dir='ltr'><strong>deficere</strong></span> <span class='ocrx_word' id='word_1_105' title='bbox 1145 2279 1340 2361; x_wconf 89' lang='lat' dir='ltr'><strong>putantur,</strong></span> 
     </span>
     <span class='ocr_line' id='line_1_16' title="bbox 326 2381 1346 2481; baseline -0.001 -27"><span class='ocrx_word' id='word_1_106' title='bbox 326 2398 367 2455; x_wconf 91' lang='lat' dir='ltr'><strong>ut</strong></span> <span class='ocrx_word' id='word_1_107' title='bbox 386 2382 503 2472; x_wconf 84' lang='lat' dir='ltr'><strong>solus,</strong></span> <span class='ocrx_word' id='word_1_108' title='bbox 524 2399 639 2473; x_wconf 86' lang='lat' dir='ltr'><strong>totus,</strong></span> <span class='ocrx_word' id='word_1_109' title='bbox 658 2383 744 2456; x_wconf 86' lang='lat' dir='ltr'><strong>alter</strong></span> <span class='ocrx_word' id='word_1_110' title='bbox 762 2382 916 2456; x_wconf 89' lang='lat' dir='ltr'><strong>alterius.</strong></span> <span class='ocrx_word' id='word_1_111' title='bbox 929 2381 1003 2454; x_wconf 86' lang='lat' dir='ltr'><strong>Sed</strong></span> <span class='ocrx_word' id='word_1_112' title='bbox 1024 2382 1054 2454; x_wconf 92' lang='lat' dir='ltr'><strong>si</strong></span> <span class='ocrx_word' id='word_1_113' title='bbox 1076 2382 1157 2481; x_wconf 90' lang='lat' dir='ltr'><strong>quis</strong></span> <span class='ocrx_word' id='word_1_114' title='bbox 1177 2409 1215 2454; x_wconf 89' lang='lat' dir='ltr'><strong>se</strong></span> <span class='ocrx_word' id='word_1_115' title='bbox 1234 2382 1346 2455; x_wconf 91' lang='lat' dir='ltr'><strong>omni-</strong></span> 
     </span>
     <span class='ocr_line' id='line_1_17' title="bbox 322 2482 1343 2591; baseline 0 -17"><span class='ocrx_word' id='word_1_116' title='bbox 322 2501 392 2575; x_wconf 89' lang='lat' dir='ltr'><strong>bus</strong></span> <span class='ocrx_word' id='word_1_117' title='bbox 410 2501 594 2576; x_wconf 86' lang='lat' dir='ltr'><strong>latinitatis</strong></span> <span class='ocrx_word' id='word_1_118' title='bbox 612 2482 827 2585; x_wconf 88' lang='lat' dir='ltr'><strong>lectionibus</strong></span> <span class='ocrx_word' id='word_1_119' title='bbox 852 2502 1014 2577; x_wconf 86' lang='lat' dir='ltr'><strong>intendat</strong></span> <span class='ocrx_word' id='word_1_120' title='bbox 1042 2502 1263 2591; x_wconf 65' lang='lat' dir='ltr'><strong>‚manifeste</strong></span> <span class='ocrx_word' id='word_1_121' title='bbox 1291 2503 1343 2574; x_wconf 91' lang='lat' dir='ltr'><strong>in·</strong></span> 
     </span>
     <span class='ocr_line' id='line_1_18' title="bbox 325 2619 1408 2720; baseline -0.001 -27"><span class='ocrx_word' id='word_1_122' title='bbox 325 2620 446 2695; x_wconf 77' lang='lat' dir='ltr'><strong>veniet</strong></span> <span class='ocrx_word' id='word_1_123' title='bbox 465 2647 586 2694; x_wconf 89' lang='lat' dir='ltr'><strong>omnes</strong></span> <span class='ocrx_word' id='word_1_124' title='bbox 608 2648 709 2695; x_wconf 87' lang='lat' dir='ltr'><strong>casus</strong></span> <span class='ocrx_word' id='word_1_125' title='bbox 727 2622 852 2694; x_wconf 91' lang='lat' dir='ltr'><strong>horum</strong></span> <span class='ocrx_word' id='word_1_126' title='bbox 875 2620 1125 2720; x_wconf 86' lang='lat' dir='ltr'><strong>pronominum</strong></span> <span class='ocrx_word' id='word_1_127' title='bbox 1155 2620 1208 2694; x_wconf 88' lang='lat' dir='ltr'><strong>sie</strong></span> <span class='ocrx_word' id='word_1_128' title='bbox 1232 2619 1343 2693; x_wconf 86' lang='lat' dir='ltr'><strong>decli·</strong></span> <span class='ocrx_word' id='word_1_129' title='bbox 1402 2642 1408 2652; x_wconf 90' lang='lat'><strong>·</strong></span> 
     </span>
     <span class='ocr_line' id='line_1_19' title="bbox 324 2739 1342 2840; baseline 0 -29"><span class='ocrx_word' id='word_1_130' title='bbox 324 2739 401 2813; x_wconf 89' lang='lat' dir='ltr'><strong>nari</strong></span> <span class='ocrx_word' id='word_1_131' title='bbox 423 2798 433 2830; x_wconf 89' lang='lat'>‚</span> <span class='ocrx_word' id='word_1_132' title='bbox 452 2757 494 2813; x_wconf 91' lang='lat' dir='ltr'><strong>ut</strong></span> <span class='ocrx_word' id='word_1_133' title='bbox 515 2739 607 2814; x_wconf 86' lang='lat' dir='ltr'><strong>solus</strong></span> <span class='ocrx_word' id='word_1_134' title='bbox 626 2741 735 2814; x_wconf 89' lang='lat' dir='ltr'><strong>solius</strong></span> <span class='ocrx_word' id='word_1_135' title='bbox 754 2741 819 2814; x_wconf 89' lang='lat' dir='ltr'><strong>soli</strong></span> <span class='ocrx_word' id='word_1_136' title='bbox 837 2740 951 2814; x_wconf 88' lang='lat' dir='ltr'><strong>solum</strong></span> <span class='ocrx_word' id='word_1_137' title='bbox 970 2768 990 2813; x_wconf 87' lang='lat' dir='ltr'><strong>a</strong></span> <span class='ocrx_word' id='word_1_138' title='bbox 1011 2739 1082 2813; x_wconf 92' lang='lat' dir='ltr'><strong>solo</strong></span> <span class='ocrx_word' id='word_1_139' title='bbox 1102 2770 1112 2816; x_wconf 73' lang='grc' dir='ltr'><strong>ε</strong></span> <span class='ocrx_word' id='word_1_140' title='bbox 1141 2757 1178 2813; x_wconf 89' lang='lat' dir='ltr'><strong>et</strong></span> <span class='ocrx_word' id='word_1_141' title='bbox 1202 2739 1342 2840; x_wconf 88' lang='lat' dir='ltr'><strong>plurali-</strong></span> 
     </span>
     <span class='ocr_line' id='line_1_20' title="bbox 324 2858 1340 2960; baseline 0 -29"><span class='ocrx_word' id='word_1_142' title='bbox 324 2875 379 2931; x_wconf 89' lang='lat' dir='ltr'><strong>ter</strong></span> <span class='ocrx_word' id='word_1_143' title='bbox 399 2859 462 2932; x_wconf 91' lang='lat' dir='ltr'><strong>soli</strong></span> <span class='ocrx_word' id='word_1_144' title='bbox 482 2859 637 2934; x_wconf 88' lang='lat' dir='ltr'><strong>solorum</strong></span> <span class='ocrx_word' id='word_1_145' title='bbox 657 2860 738 2933; x_wconf 89' lang='lat' dir='ltr'><strong>solis</strong></span> <span class='ocrx_word' id='word_1_146' title='bbox 758 2861 846 2934; x_wconf 88' lang='lat' dir='ltr'><strong>solos</strong></span> <span class='ocrx_word' id='word_1_147' title='bbox 864 2888 884 2933; x_wconf 90' lang='lat' dir='ltr'><strong>a</strong></span> <span class='ocrx_word' id='word_1_148' title='bbox 905 2861 995 2934; x_wconf 87' lang='lat' dir='ltr'><strong>solis.</strong></span> <span class='ocrx_word' id='word_1_149' title='bbox 1015 2858 1240 2960; x_wconf 86' lang='lat' dir='ltr'><strong>Quamquam</strong></span> <span class='ocrx_word' id='word_1_150' title='bbox 1255 2885 1340 2931; x_wconf 90' lang='lat' dir='ltr'><strong>non-</strong></span> 
     </span>
     <span class='ocr_line' id='line_1_21' title="bbox 325 2979 1340 3081; baseline -0.001 -29"><span class='ocrx_word' id='word_1_151' title='bbox 325 2980 414 3053; x_wconf 89' lang='lat' dir='ltr'><strong>nulli</strong></span> <span class='ocrx_word' id='word_1_152' title='bbox 429 2981 631 3077; x_wconf 83' lang='lat' dir='ltr'><strong>genetivum</strong></span> <span class='ocrx_word' id='word_1_153' title='bbox 644 3008 767 3054; x_wconf 89' lang='lat' dir='ltr'><strong>easum</strong></span> <span class='ocrx_word' id='word_1_154' title='bbox 785 2980 927 3081; x_wconf 87' lang='lat' dir='ltr'><strong>pluralis</strong></span> <span class='ocrx_word' id='word_1_155' title='bbox 945 2979 1086 3054; x_wconf 90' lang='lat' dir='ltr'><strong>numeri</strong></span> <span class='ocrx_word' id='word_1_156' title='bbox 1106 2979 1143 3051; x_wconf 96' lang='lat' dir='ltr'><strong>in</strong></span> <span class='ocrx_word' id='word_1_157' title='bbox 1164 2980 1340 3079; x_wconf 86' lang='lat' dir='ltr'><strong>pronomi-</strong></span> 
     </span>
     <span class='ocr_line' id='line_1_22' title="bbox 324 3098 1339 3201; baseline -0.002 -30"><span class='ocrx_word' id='word_1_158' title='bbox 324 3100 432 3173; x_wconf 92' lang='lat' dir='ltr'><strong>nibus</strong></span> <span class='ocrx_word' id='word_1_159' title='bbox 443 3128 515 3174; x_wconf 91' lang='lat' dir='ltr'><strong>non</strong></span> <span class='ocrx_word' id='word_1_160' title='bbox 527 3100 723 3201; x_wconf 87' lang='lat' dir='ltr'><strong>recipiant,</strong></span> <span class='ocrx_word' id='word_1_161' title='bbox 737 3100 891 3175; x_wconf 87' lang='lat' dir='ltr'><strong>solorum</strong></span> <span class='ocrx_word' id='word_1_162' title='bbox 898 3117 1053 3175; x_wconf 89' lang='lat' dir='ltr'><strong>totorum</strong></span> <span class='ocrx_word' id='word_1_163' title='bbox 1063 3098 1255 3172; x_wconf 87' lang='lat' dir='ltr'><strong>alterorum</strong></span> <span class='ocrx_word' id='word_1_164' title='bbox 1268 3101 1339 3199; x_wconf 82' lang='lat'><strong>(1);</strong></span> 
     </span>
     <span class='ocr_line' id='line_1_23' title="bbox 320 3219 1336 3321; baseline 0 -31"><span class='ocrx_word' id='word_1_165' title='bbox 320 3238 564 3296; x_wconf 89' lang='lat' dir='ltr'><strong>verumtamen</strong></span> <span class='ocrx_word' id='word_1_166' title='bbox 589 3222 707 3321; x_wconf 83' lang='lat' dir='ltr'><strong>legere</strong></span> <span class='ocrx_word' id='word_1_167' title='bbox 736 3245 794 3295; x_wconf 91' lang='lat' dir='ltr'><strong>me</strong></span> <span class='ocrx_word' id='word_1_168' title='bbox 822 3249 892 3295; x_wconf 92' lang='lat' dir='ltr'><strong>nee</strong></span> <span class='ocrx_word' id='word_1_169' title='bbox 922 3248 1000 3293; x_wconf 90' lang='lat' dir='ltr'><strong>raro</strong></span> <span class='ocrx_word' id='word_1_170' title='bbox 1023 3248 1093 3294; x_wconf 89' lang='lat' dir='ltr'><strong>nce</strong></span> <span class='ocrx_word' id='word_1_171' title='bbox 1123 3219 1161 3292; x_wconf 92' lang='lat' dir='ltr'><strong>in</strong></span> <span class='ocrx_word' id='word_1_172' title='bbox 1188 3220 1336 3293; x_wconf 89' lang='lat' dir='ltr'><strong>incertis</strong></span> 
     </span>
     <span class='ocr_line' id='line_1_24' title="bbox 318 3328 1334 3443; baseline -0.003 -29"><span class='ocrx_word' id='word_1_173' title='bbox 318 3328 520 3417; x_wconf 87' lang='lat' dir='ltr'><strong>auctoribus</strong></span> <span class='ocrx_word' id='word_1_174' title='bbox 538 3343 686 3416; x_wconf 91' lang='lat' dir='ltr'><strong>memini</strong></span> <span class='ocrx_word' id='word_1_175' title='bbox 708 3400 718 3431; x_wconf 88' lang='lat'>‚</span> <span class='ocrx_word' id='word_1_176' title='bbox 737 3344 801 3415; x_wconf 90' lang='lat' dir='ltr'><strong>hos</strong></span> <span class='ocrx_word' id='word_1_177' title='bbox 822 3369 923 3416; x_wconf 86' lang='lat' dir='ltr'><strong>casus</strong></span> <span class='ocrx_word' id='word_1_178' title='bbox 941 3341 1024 3416; x_wconf 88' lang='lat' dir='ltr'><strong>trite</strong></span> <span class='ocrx_word' id='word_1_179' title='bbox 1045 3359 1081 3415; x_wconf 84' lang='lat' dir='ltr'><strong>et</strong></span> <span class='ocrx_word' id='word_1_180' title='bbox 1099 3341 1202 3443; x_wconf 91' lang='lat' dir='ltr'><strong>plane</strong></span> <span class='ocrx_word' id='word_1_181' title='bbox 1226 3340 1334 3414; x_wconf 90' lang='lat' dir='ltr'><strong>deeli-</strong></span> 
     </span>
    </p>
   </div>
   <div class='ocr_carea' id='block_1_3' title="bbox 402 3505 960 3577">
    <p class='ocr_par' dir='ltr' id='par_1_3' title="bbox 402 3505 960 3577">
     <span class='ocr_line' id='line_1_25' title="bbox 402 3505 960 3577; baseline 0 -27"><span class='ocrx_word' id='word_1_182' title='bbox 402 3506 441 3573; x_wconf 83' lang='lat' dir='ltr'><strong>(a)</strong></span> <span class='ocrx_word' id='word_1_183' title='bbox 459 3507 515 3552; x_wconf 82' lang='lat' dir='ltr'><strong>cod.</strong></span> <span class='ocrx_word' id='word_1_184' title='bbox 531 3507 599 3567; x_wconf 79' lang='lat' dir='ltr'><strong>qm‘d·</strong></span> <span class='ocrx_word' id='word_1_185' title='bbox 632 3505 673 3573; x_wconf 89' lang='lat' dir='ltr'><strong>(b)</strong></span> <span class='ocrx_word' id='word_1_186' title='bbox 691 3506 747 3552; x_wconf 75' lang='lat' dir='ltr'><strong>uad.</strong></span> <span class='ocrx_word' id='word_1_187' title='bbox 764 3506 864 3552; x_wconf 72' lang='lat' dir='ltr'><strong>dedatis·</strong></span> <span class='ocrx_word' id='word_1_188' title='bbox 956 3568 960 3577; x_wconf 43' lang='grc' dir='ltr'>Ι</span> 
     </span>
    </p>
   </div>
   <div class='ocr_carea' id='block_1_4' title="bbox 297 3627 1329 4142">
    <p class='ocr_par' dir='ltr' id='par_1_4' title="bbox 297 3627 1329 4142">
     <span class='ocr_line' id='line_1_26' title="bbox 373 3627 1329 3705; baseline -0.004 -18"><span class='ocrx_word' id='word_1_189' title='bbox 373 3631 449 3705; x_wconf 39' lang='grc' dir='ltr'><strong>[(ι)</strong></span> <span class='ocrx_word' id='word_1_190' title='bbox 470 3630 630 3685; x_wconf 80' lang='lat' dir='ltr'><strong>Gainlrcdus</strong></span> <span class='ocrx_word' id='word_1_191' title='bbox 649 3632 834 3699; x_wconf 80' lang='lat' dir='ltr'><strong>grammaticus</strong></span> <span class='ocrx_word' id='word_1_192' title='bbox 859 3631 886 3684; x_wconf 89' lang='lat' dir='ltr'><strong>in</strong></span> <span class='ocrx_word' id='word_1_193' title='bbox 910 3632 1002 3687; x_wconf 86' lang='lat' dir='ltr'><strong>codice</strong></span> <span class='ocrx_word' id='word_1_194' title='bbox 1024 3633 1148 3685; x_wconf 82' lang='lat' dir='ltr'><strong>vaticano</strong></span> <span class='ocrx_word' id='word_1_195' title='bbox 1166 3651 1195 3702; x_wconf 86' lang='lat' dir='ltr'><strong>p.</strong></span> <span class='ocrx_word' id='word_1_196' title='bbox 1220 3627 1261 3684; x_wconf 80' lang='lat'><strong>13.</strong></span> <span class='ocrx_word' id='word_1_197' title='bbox 1280 3632 1329 3683; x_wconf 82' lang='lat' dir='ltr'><strong>sic.</strong></span> 
     </span>
     <span class='ocr_line' id='line_1_27' title="bbox 297 3718 1326 3793; baseline -0.004 -19"><span class='ocrx_word' id='word_1_198' title='bbox 297 3718 302 3725; x_wconf 72' lang='grc'><em>“</em></span> <span class='ocrx_word' id='word_1_199' title='bbox 331 3722 412 3774; x_wconf 80' lang='lat' dir='ltr'><strong>Solus</strong></span> <span class='ocrx_word' id='word_1_200' title='bbox 430 3731 458 3770; x_wconf 82' lang='lat' dir='ltr'><strong>et</strong></span> <span class='ocrx_word' id='word_1_201' title='bbox 478 3731 555 3771; x_wconf 79' lang='lat' dir='ltr'><strong>totus</strong></span> <span class='ocrx_word' id='word_1_202' title='bbox 573 3739 687 3773; x_wconf 78' lang='lat' dir='ltr'><strong>nurrero</strong></span> <span class='ocrx_word' id='word_1_203' title='bbox 707 3723 841 3792; x_wconf 77' lang='lat' dir='ltr'><strong>plurali,</strong></span> <span class='ocrx_word' id='word_1_204' title='bbox 865 3722 985 3793; x_wconf 73' lang='lat' dir='ltr'><strong>Virgilio</strong></span> <span class='ocrx_word' id='word_1_205' title='bbox 1010 3733 1150 3777; x_wconf 80' lang='lat' dir='ltr'><strong>testante.</strong></span> <span class='ocrx_word' id='word_1_206' title='bbox 1176 3721 1326 3791; x_wconf 66' lang='lat' dir='ltr'><strong>deficiunt.</strong></span> 
     </span>
     <span class='ocr_line' id='line_1_28' title="bbox 330 3805 1328 3872; baseline -0.002 -13"><span class='ocrx_word' id='word_1_207' title='bbox 330 3805 386 3860; x_wconf 82' lang='lat' dir='ltr'><strong>Sed</strong></span> <span class='ocrx_word' id='word_1_208' title='bbox 400 3809 431 3857; x_wconf 80' lang='lat' dir='ltr'><strong>irs</strong></span> <span class='ocrx_word' id='word_1_209' title='bbox 448 3808 625 3872; x_wconf 78' lang='lat' dir='ltr'><strong>Quintiliano</strong></span> <span class='ocrx_word' id='word_1_210' title='bbox 639 3810 757 3861; x_wconf 82' lang='lat' dir='ltr'><strong>solorum</strong></span> <span class='ocrx_word' id='word_1_211' title='bbox 770 3821 798 3860; x_wconf 83' lang='lat' dir='ltr'><strong>et</strong></span> <span class='ocrx_word' id='word_1_212' title='bbox 812 3820 930 3860; x_wconf 83' lang='lat' dir='ltr'><strong>totorum</strong></span> <span class='ocrx_word' id='word_1_213' title='bbox 943 3810 1095 3860; x_wconf 79' lang='lat' dir='ltr'><strong>invenitur·</strong></span> <span class='ocrx_word' id='word_1_214' title='bbox 1115 3811 1164 3859; x_wconf 78' lang='lat' dir='ltr'><strong>Ait</strong></span> <span class='ocrx_word' id='word_1_215' title='bbox 1177 3810 1248 3858; x_wconf 83' lang='lat' dir='ltr'><strong>errim</strong></span> <span class='ocrx_word' id='word_1_216' title='bbox 1268 3811 1328 3859; x_wconf 79' lang='lat' dir='ltr'><strong>ita:</strong></span> 
     </span>
     <span class='ocr_line' id='line_1_29' title="bbox 331 3886 1328 3968; baseline 0 -24"><span class='ocrx_word' id='word_1_217' title='bbox 331 3894 455 3945; x_wconf 78' lang='lat' dir='ltr'><strong>solorum</strong></span> <span class='ocrx_word' id='word_1_218' title='bbox 472 3893 679 3946; x_wconf 78' lang='lat' dir='ltr'><strong>industriorum</strong></span> <span class='ocrx_word' id='word_1_219' title='bbox 699 3897 764 3968; x_wconf 80' lang='lat' dir='ltr'><strong>quis</strong></span> <span class='ocrx_word' id='word_1_220' title='bbox 781 3896 912 3948; x_wconf 79' lang='lat' dir='ltr'><strong>narrabit</strong></span> <span class='ocrx_word' id='word_1_221' title='bbox 930 3896 1002 3947; x_wconf 81' lang='lat' dir='ltr'><strong>bella</strong></span> <span class='ocrx_word' id='word_1_222' title='bbox 1022 3890 1166 3946; x_wconf 72' lang='lat' dir='ltr'><strong>surorum?</strong></span> <span class='ocrx_word' id='word_1_223' title='bbox 1179 3886 1244 3945; x_wconf 77' lang='lat' dir='ltr'><strong>Item</strong></span> <span class='ocrx_word' id='word_1_224' title='bbox 1257 3914 1264 3945; x_wconf 76' lang='grc' dir='ltr'><strong><em>ε</em></strong></span> <span class='ocrx_word' id='word_1_225' title='bbox 1275 3897 1328 3965; x_wconf 74' lang='lat' dir='ltr'><strong>qui</strong></span> 
     </span>
     <span class='ocr_line' id='line_1_30' title="bbox 331 3981 1328 4054; baseline 0.002 -22"><span class='ocrx_word' id='word_1_226' title='bbox 331 3993 413 4037; x_wconf 80' lang='lat' dir='ltr'><strong>erat.</strong></span> <span class='ocrx_word' id='word_1_227' title='bbox 432 3982 542 4054; x_wconf 64' lang='lat' dir='ltr'><strong>inqiut,</strong></span> <span class='ocrx_word' id='word_1_228' title='bbox 561 3986 748 4054; x_wconf 77' lang='lat' dir='ltr'><strong>compararim</strong></span> <span class='ocrx_word' id='word_1_229' title='bbox 767 3983 875 4037; x_wconf 76' lang='lat' dir='ltr'><strong>dierum</strong></span> <span class='ocrx_word' id='word_1_230' title='bbox 888 3995 915 4034; x_wconf 82' lang='lat' dir='ltr'><strong>et</strong></span> <span class='ocrx_word' id='word_1_231' title='bbox 936 3994 1054 4035; x_wconf 82' lang='lat' dir='ltr'><strong>totorum</strong></span> <span class='ocrx_word' id='word_1_232' title='bbox 1073 3985 1214 4036; x_wconf 78' lang='lat' dir='ltr'><strong>mensium·</strong></span> <span class='ocrx_word' id='word_1_233' title='bbox 1232 3981 1328 4035; x_wconf 69' lang='lat' dir='ltr'><strong>nistera</strong></span> 
     </span>
     <span class='ocr_line' id='line_1_31' title="bbox 333 4069 1025 4142; baseline -0.009 -18"><span class='ocrx_word' id='word_1_234' title='bbox 333 4080 421 4125; x_wconf 77' lang='lat' dir='ltr'><strong>tamen</strong></span> <span class='ocrx_word' id='word_1_235' title='bbox 439 4069 606 4141; x_wconf 76' lang='lat' dir='ltr'><strong>aliquantum</strong></span> <span class='ocrx_word' id='word_1_236' title='bbox 625 4069 786 4126; x_wconf 77' lang='lat' dir='ltr'><strong>Geinlradus</strong></span> <span class='ocrx_word' id='word_1_237' title='bbox 806 4086 821 4123; x_wconf 80' lang='grc' dir='ltr'>ι</span> <span class='ocrx_word' id='word_1_238' title='bbox 840 4070 931 4126; x_wconf 84' lang='lat' dir='ltr'><strong>codiee</strong></span> <span class='ocrx_word' id='word_1_239' title='bbox 949 4086 1025 4142; x_wconf 80' lang='lat' dir='ltr'><strong>ucap.</strong></span> 
     </span>
    </p>
   </div>
   <div class='ocr_carea' id='block_1_5' title="bbox 0 0 1696 5206">
    <p class='ocr_par' dir='ltr' id='par_1_5' title="bbox 0 0 1696 5206">
     <span class='ocr_line' id='line_1_32' title="bbox 0 0 1696 5206; baseline 0 0"><span class='ocrx_word' id='word_1_240' title='bbox 0 0 1696 5206; x_wconf 95' lang='lat' dir='ltr'><strong> </strong></span> 
     </span>
    </p>
   </div>
  </div>
 </body>
</html>
