3382 5206
594 598 658 666 560
894 619 921 667 a.
948 616 1127 670 aruncum
1149 618 1194 671 or
1218 622 1261 672 ar
1324 586 1332 599 ’

570 740 711 810 quorum
733 718 901 810 primitiva
922 736 998 786 sunt
1019 719 1138 810 paulus.
1153 757 1164 791 ,
1182 721 1300 814 palus,
1323 720 1430 789 talus,
1456 737 1601 808 tantus,

569 822 684 892 culter.
707 834 743 891 Δ.
760 825 810 892 Da
824 823 1001 894 uerborum
1024 824 1167 916 regulas,
1191 850 1276 918 quae
1291 823 1531 917 palimbacchii
1556 826 1602 896 le·

570 929 667 1023 gibus
689 928 813 1020 pariter
837 927 1123 1002 adminiculentur.
1147 931 1194 998 M·
1219 928 1421 1000 Conclamo,
1446 929 1599 1024 desqua-

570 1060 649 1121 mo,
671 1034 842 1104 reclamo,
866 1037 998 1106 ieiuno,
1021 1034 1165 1122 insulto,
1188 1035 1320 1122 exulto,
1344 1037 1510 1105 obsecro,
1536 1037 1599 1103 ad·

570 1141 668 1226 iuro,
692 1139 861 1225 conrado,
891 1142 1049 1210 corioro,
1076 1142 1236 1232 periuro,
1260 1158 1298 1207 ut
1320 1178 1354 1191 ··
1378 1157 1410 1207 et
1429 1143 1598 1208 coniurati

571 1249 707 1317 veniunt
730 1246 773 1313 ad
796 1246 926 1316 classica
949 1251 1050 1316 venti.
1069 1286 1104 1299 ··
1119 1246 1348 1332 Commendo,
1372 1244 1517 1314 desudo,
1545 1247 1599 1316 de

573 1350 698 1422 londo,
729 1353 890 1422 extendo,
919 1355 1079 1446 inpingo,
1111 1353 1294 1445 depromo,
1322 1351 1452 1420 exantlo
1480 1352 1519 1418 id
1551 1373 1598 1420 est

576 1459 754 1540 erbauri03
778 1485 854 1529 nam
868 1478 939 1530 rota
954 1462 1042 1553 putei
1059 1459 1266 1531 exhaustoria
1286 1458 1409 1526 anthlia
1435 1476 1597 1536 vocatur,

572 1583 757 1634 consterno,
781 1589 939 1658 emungo,
962 1566 1117 1656 invergo,
1134 1563 1305 1632 desterno,
1327 1581 1501 1648 convecto,
1516 1588 1599 1631 con·

570 1668 681 1761 pello,
706 1669 870 1739 detrudo,
895 1693 1087 1762 conpungo,
1118 1667 1305 1737 contundo,
1336 1668 1518 1760 impendo,
1543 1670 1598 1735 ul·

571 1779 702 1861 ciscor,
728 1781 927 1866 percontor,
955 1770 1179 1865 contemplor,
1214 1775 1360 1841 irascor,
1392 1770 1600 1863 perfungor,

574 1883 781 1972 amplector,
803 1883 998 1949 nanciscor,
1022 1877 1198 1970 indignor,
1220 1877 1391 1946 infirmor,
1415 1896 1596 1946 comentor.

573 1989 621 2053 lta
644 1986 830 2053 inchoativa
852 1982 1044 2077 squalesco,
1068 1983 1218 2075 algesco,
1242 1981 1422 2068 haeresco,
1445 1981 1600 2050 frondes-

575 2116 637 2176 co,
670 2091 837 2183 lulgcaco,
861 2094 1017 2182 ignesco,
1041 2108 1214 2183 turgesco,
1238 2115 1392 2160 raresco,
1426 2109 1597 2157 torresco,

574 2217 746 2288 torpesco,
771 2220 932 2265 canesco,
965 2197 1124 2281 floresco,
1150 2194 1293 2264 lentesco
1324 2193 1411 2288 quod
1440 2191 1599 2266 Valerius

572 2332 591 2372 a
614 2308 721 2397 prima
742 2305 971 2397 coniugatione
992 2323 1101 2373 ortum
1124 2322 1276 2374 testatur,
1300 2303 1389 2397 quod
1410 2301 1502 2372 lento
1528 2302 1599 2370 len-

572 2430 620 2479 tas
642 2409 774 2478 lentat,
794 2407 881 2501 quod
904 2433 980 2477 raro
1004 2410 1189 2500 contingit,
1211 2426 1246 2477 ut
1269 2432 1416 2478 amasco,
1440 2406 1598 2476 lavasco,

574 2515 710 2608 gelasco.

615 2622 681 2691 Sed
710 2620 795 2687 haec
818 2620 859 2686 de
881 2621 987 2710 prima
1016 2635 1048 2684 et
1071 2622 1166 2687 tertia
1199 2622 1422 2711 coniugatione
1448 2621 1600 2709 particu-

575 2728 669 2797 latim
693 2727 970 2818 deprompsimus,
994 2725 1264 2818 quandoquidem
1287 2726 1327 2795 de
1350 2727 1492 2794 secunda
1517 2753 1599 2793 cou-

571 2837 736 2928 iugatione
760 2834 794 2900 in
825 2833 932 2922 prima
958 2855 1098 2922 persona
1130 2832 1301 2899 indicativi
1330 2832 1420 2900 modi
1443 2834 1600 2900 antibac-

575 2942 668 3009 chius
699 2937 789 3005 haud
822 2935 916 3005 facile
948 2939 1108 3028 repperiri
1138 2932 1258 3027 potest,
1292 2939 1440 3029 quamvis
1472 2939 1506 3002 in
1536 2963 1592 3006 ce·

572 3052 648 3120 teris
670 3045 843 3114 modorum
868 3060 901 3109 et
924 3062 1107 3137 temporum
1130 3043 1404 3112 declinationibus
1430 3044 1596 3113 adscisca-

572 3175 636 3224 tur.
661 3153 748 3220 Nam
771 3177 790 3217 a
813 3150 923 3219 verbi,
946 3169 1083 3243 quartae
1105 3152 1359 3243 coniugationis,
1381 3155 1518 3243 quaein
1538 3152 1599 3218 da-

572 3260 661 3354 ctylo
684 3256 835 3347 superius
857 3258 1045 3325 nexuimus,
1062 3252 1323 3347 palimbacchius
1346 3257 1506 3323 infinitivo
1532 3282 1600 3326 mo-

575 3366 617 3434 do
639 3362 801 3432 oriundus
824 3378 931 3442 extat;
955 3380 991 3430 ut
1013 3364 1144 3454 sopire,
1166 3365 1314 3449 sancire,
1337 3366 1468 3447 accire,
1490 3364 1598 3430 bulli-

571 3495 628 3555 re,
650 3468 808 3551 hinnire,
831 3465 975 3535 farcire,
997 3466 1144 3536 sarcire,
1167 3467 1325 3537 haurire,
1349 3469 1488 3560 gestire,
1513 3473 1600 3558 sepi·

571 3602 633 3661 rc,
656 3574 807 3655 ambire,
830 3589 862 3638 et
886 3590 1004 3641 cetera.
1030 3575 1208 3664 Participia
1232 3600 1365 3667 quoque
1389 3572 1490 3642 futuri
1515 3592 1599 3641 tenr-

571 3684 659 3774 poris
682 3677 841 3770 praedicti
854 3675 957 3766 *pedis
981 3676 1174 3748 famulatum
1197 3682 1331 3749 minime
1351 3680 1545 3770 repudiant,
1562 3701 1600 3747 ut

573 3804 744 3868 recturus,
766 3805 956 3867 mersurus,
987 3802 1202 3875 sumpturus,
1225 3788 1403 3853 missurus,
1425 3783 1600 3867 lecturus,

570 3907 720 3972 acturus,
736 3889 869 3955 visurus.
894 3885 948 3955 Sic
972 3905 1004 3954 et
1026 3891 1152 3978 passiva
1173 3889 1425 3983 significatione,
1450 3907 1486 3954 ut
1509 3917 1600 3956 mer-

564 3992 719 4090 gendus,
743 3989 941 4062 currendus,
966 3992 1167 4061 mittendum*
1176 3991 1221 4060 At
1246 4018 1324 4066 vero
1347 3994 1529 4086 regendus,
1546 3995 1597 4061 le·

572 4099 714 4195 gendos,
740 4095 910 4191 agendus,
935 4097 1117 4191 vivendus,
1138 4098 1376 4196 amphibracho
1401 4104 1601 4193 mancipan-

1401 4270 1493 4318 hux*
