3382 5206
351 551 421 643 Μ
685 580 843 630 ctrmmt
877 583 983 632 vemt

645 792 687 860 V.
711 811 755 859 At>
778 817 1016 865 mmsremmr·

329 923 423 1104 Qui
448 1024 484 1065 ex
511 996 593 1065 duro
618 997 730 1066 latices
758 1003 848 1067 iussit
874 1001 1057 1091 producere
1082 1029 1181 1092 sexo,

390 1102 453 1168 Hic
480 1103 590 1171 iubeat
616 1127 737 1194 purum
760 1103 899 1174 sundere
921 1132 1014 1198 saepe
1040 1134 1178 1181 merum.

690 1317 749 1386 vt·
773 1339 831 1386 vm
855 1336 969 1389 ottus·

327 1462 466 1596 Haec,
494 1550 595 1618 rogo,
622 1552 722 1618 parva
751 1529 864 1600 domus
892 1531 1018 1600 caelesti
1047 1558 1127 1624 pace
1153 1563 1275 1606 serena

389 1632 439 1703 Sit
465 1656 562 1722 super
590 1651 622 1701 et
647 1634 777 1702 firmam
805 1637 1004 1706 consolidata
1028 1657 1166 1730 petram·

321 1742 384 1807 Hie
413 1743 454 1807 uit
479 1765 581 1830 purus
604 1765 695 1809 amor
716 1742 866 1812 christi,
894 1771 963 1835 spes
989 1765 1077 1815 reeta
1104 1748 1276 1844 fidesque,

390 1846 536 1915 Assiduis
565 1849 646 1914 votis
671 1849 741 1917 laus
768 1868 856 1920 tonet
879 1851 965 1919 alma
987 1856 1056 1923 Dei·

623 2062 697 2130 Vli-
726 2083 869 2131 mtrmm
899 2086 1031 2134 vorum·

324 2201 398 2340 Sit
421 2273 481 2339 tibi
504 2296 629 2339 summa
651 2269 735 2340 salus
756 2296 883 2362 semper
904 2277 971 2342 eine
987 2274 1051 2343 fine
1064 2277 1180 2359 beatu
1213 2313 1219 2322 ·

217 2424 220 2429 ›
320 2381 390 2447 Hoc
412 2397 502 2468 optat
525 2379 647 2446 Martia
671 2395 862 2470 vestraeque
883 2380 994 2447 salutis
1017 2401 1159 2470 amator,

319 2485 474 2554 Adsiduis
496 2487 675 2552 Dominum
690 2485 905 2575 precibusque
928 2488 1111 2575 poposcerit
1126 2489 1274 2574 almum3

319 2592 549 2683 Aeternaeque
572 2589 667 2657 timul
692 2588 791 2657 faeiat
812 2610 845 2659 te
868 2617 996 2660 sumere
1017 2593 1171 2682 palmam.

319 2701 457 2766 Pectore
482 2722 557 2763 nam
580 2720 661 2786 puro
684 2698 862 2764 Dominum
882 2716 1014 2787 portare
1037 2722 1223 2787 memento,

320 2806 366 2873 Ut
387 2803 481 2870 illum
507 2801 612 2869 valeas
636 2820 795 2868 rectorem
817 2828 946 2891 semper
968 2805 1102 2872 habere.

318 2908 369 2976 Sit
391 2909 451 2973 tibi
477 2909 542 2973 vita
565 2905 650 2972 salus
675 2905 826 2973 Christus
848 2927 880 2974 et
901 2907 1005 2998 gloria
1026 2935 1170 3000 semper:

318 3015 465 3086 solventi
490 3015 597 3081 veniet
623 3013 797 3080 criminum
815 3013 931 3081 solutio
958 3016 1111 3104 Christi(
1134 3016 1158 3104 )·

576 3225 666 3295 VIII·
693 3243 908 3295 ertrtrntutt
931 3248 1079 3299 virttis·

321 3372 441 3553 Quid
464 3440 525 3507 tibi
548 3463 634 3506 mors
659 3436 775 3504 seciam
794 3463 876 3529 quae
903 3438 985 3505 nutti
1004 3465 1136 3530 parcere
1165 3452 1270 3533 nosti,

384 3549 497 3616 Nescis
517 3545 701 3630 laetitiam,
731 3546 832 3612 nescis
858 3570 967 3615 amare
994 3547 1102 3621 iocos?

317 3663 376 3730 His
407 3680 464 3748 ego
489 3650 655 3745 praevalui
681 3653 738 3718 toti
755 3653 934 3721 notissimus
956 3656 1031 3720 urbi
1050 3654 1121 3747 (r);

392 3842 432 3915 (ι)
451 3840 569 3912 Respicit
588 3848 678 3892 auctor
697 3836 732 3888 ad
750 3834 830 3890 verba
849 3837 982 3891 dominica
1000 3839 1130 3894 dimittite
1141 3854 1167 3895 et
1175 3842 1342 3902 dimittemi-

318 3934 359 3985 ni·
377 3928 428 3982 Sed
448 3939 558 3981 metrum
579 3923 717 3991 insigniter
734 3923 827 3976 violet.

391 4015 430 4091 (α)
451 4013 516 4069 cod.
534 4023 585 4064 toto
605 4013 678 4063 urbi.
698 4010 768 4062 Num
787 4027 848 4077 ergo
864 4007 944 4063 orbi?
