3382 5206
347 529 397 635 98
732 555 875 600 rarronr
902 556 924 601 ι.

319 660 469 736 Etenim
487 662 712 761 quicumque
738 662 880 749 lrance,
905 690 1014 761 quam
1037 691 1104 734 nos
1123 662 1227 736 valde
1251 691 1346 734 cmu-

321 780 394 854 lem
412 783 462 882 (a)
486 797 683 881 putamus,
709 779 759 853 ita
784 780 989 855 defendunt
1012 781 1178 881 peritiam
1196 783 1348 882 pbiloso-

323 899 503 999 pho‘rum,
527 917 569 972 ut
589 900 843 973 auctoritatem
864 899 996 999 primae
1018 898 1268 974 Hebraeorum
1285 902 1348 973 mi·

325 1035 467 1108 nuent,
486 1035 522 1091 et
539 1018 671 1092 huicce
694 1017 854 1117 quamvis
876 1035 1021 1092 ornatae
1042 1018 1237 1092 recentiori
1253 1037 1347 1118 post·

324 1137 468 1227 serant,
497 1136 537 1211 in
565 1164 704 1210 cassum
732 1163 840 1210 omns
870 1164 978 1212 suum
1003 1137 1215 1238 expendunt
1241 1138 1348 1210 auda-

326 1273 407 1332 tum
426 1258 487 1358 (b).
512 1256 585 1330 Serl
605 1257 660 1330 bis
682 1256 965 1356 praetermissis,
986 1256 1030 1330 ad
1052 1256 1173 1356 ipsius,
1189 1257 1346 1330 latinita-

325 1377 373 1453 tis
393 1433 403 1466 ,
424 1377 585 1479 quamvis
601 1380 646 1477 (c)
662 1377 702 1450 in
723 1376 782 1449 illa
802 1375 974 1477 cupidinis
995 1393 1050 1449 est
1071 1376 1255 1449 minimum
1270 1377 1344 1478 (d),

322 1496 504 1572 rationem
524 1498 571 1596 (el
594 1515 829 1572 transeamus.

406 1642 440 1690 2.
466 1613 636 1688 Latinitas
656 1630 771 1689 autem
791 1671 802 1702 ,
821 1631 860 1689 ut
879 1613 1024 1716 quidam
1044 1629 1142 1688 retur
1162 1671 1171 1703 ,
1192 1643 1234 1687 ex
1254 1612 1345 1686 lrati-

325 1762 376 1810 no
396 1750 471 1808 orta
490 1749 571 1823 est,
597 1732 694 1833 quasi
711 1731 773 1831 qui
798 1730 906 1832 ipsius
925 1732 1064 1829 linguae
1083 1749 1206 1804 auctor
1227 1733 1345 1804 extite·

323 1853 372 1926 rit
386 1853 448 1953 (ι)
466 1846 622 1924 Latinus
640 1850 788 1951 quidam
801 1851 839 1950 (1)
860 1850 931 1923 fuit
943 1848 1119 1923 Annaeus
1137 1853 1183 1951 (g)
1207 1907 1216 1937 ,
1235 1878 1345 1950 quom
1423 1864 1426 1869 '

324 1969 647 2045 biseentenarium
663 1968 775 2044 luisse
788 1969 933 2064 serunt;
950 1969 1012 2042 scil
1025 1966 1109 2067 quia
1123 1968 1182 2040 hic
1199 1965 1277 2040 Beli
1292 1969 1339 2069 (11)

327 2087 517 2164 cuiusdam
532 2087 624 2186 regis
637 2085 861 2186 temporibus
872 2086 1000 2176 suerit,
1013 2103 1050 2161 et
1063 2086 1166 2182 longe
1181 2102 1264 2157 ante
1276 2085 1343 2156 lin·

326 2235 477 2307 guarum
496 2224 673 2281 retroacta
693 2205 820 2279 divisio
843 2204 912 2295 sit,
935 2233 1064 2304 negare
1087 2232 1274 2302 cogemur,
1297 2203 1344 2276 la·

326 2327 511 2403 tinitatem
522 2345 648 2427 utpote
662 2326 923 2427 antiquiorem,
946 2353 988 2401 ex
1000 2327 1078 2426 ipso
1097 2323 1228 2399 Latino
1242 2351 1343 2399 usur-

325 2476 427 2550 passe
456 2430 695 2524 vocabulum:
722 2446 785 2521 sed
815 2445 936 2546 potius
967 2462 1010 2522 ut
1031 2444 1178 2519 Aeneae
1211 2447 1263 2545 (2)
1301 2473 1343 2518 ao

327 2566 523 2643 maioribus
544 2566 661 2639 visum
682 2582 757 2654 est,
781 2592 824 2639 ex
847 2563 1040 2637 latitudine
1065 2563 1177 2663 ipsius
1196 2563 1340 2660 linguae

328 2703 472 2772 constat
493 2685 830 2766 fuisse‘ilerivatam
851 2683 1023 2786 Denique
1047 2710 1131 2758 cum
1149 2685 1341 2756 hebraeam

407 2869 444 2938 (ι)
462 2873 490 2919 td
509 2882 541 2917 en
562 2872 656 2915 irritam·
690 2868 782 2933 (1»)1τι
799 2873 849 2916 eod·
881 2869 916 2933 (ι)
935 2871 1077 2929 cumquest.
1112 2865 1152 2927 (t)
1168 2869 1337 2915 eruturum...

331 2946 369 3012 (e)
386 2949 442 2998 eod.
460 2961 587 2992 0Mi0l¹¹lm¹
620 2944 654 3008 (s)
673 2948 728 2995 Cocl.
745 2949 849 3007 isrir'iem·
884 2944 924 3011 (g)
944 2955 1002 2994 Μαι
1020 2940 1133 2993 Asinius?
1150 2963 1176 2989 an
1202 2950 1278 3004 potius
1294 2960 1338 2987 aii-

332 3022 422 3076 ttosria?
455 3025 570 3092 (burel.
588 3027 655 3069 belli.

792 3101 799 3139 l

410 3165 455 3231 (ι)
475 3163 551 3215 llonc
577 3164 683 3218 locum.
712 3164 824 3216 reticens
848 3163 956 3228 Virgilii
982 3180 1098 3215 nornen.
1128 3160 1248 3212 vindicat
1278 3158 1330 3212 sibi

341 3253 501 3308 Gainiredus
521 3253 705 3320 grammaticus
726 3254 753 3305 in
771 3253 831 3304 coil.
851 3263 906 3302 vat.
927 3270 952 3320 p.
971 3247 998 3306 5.
1019 3259 1044 3300 Α
1063 3254 1160 3302 Latiam
1180 3271 1262 3318 megi,
1282 3252 1333 3319 qni

339 3360 372 3393 ea
386 3343 460 3392 inter·
473 3358 494 3393 cr
505 3350 575 3391 teror
590 3349 714 3391 auctores
730 3349 799 3391 crito
815 3341 957 3394 reiciatur.
976 3340 1115 3393 latinitas.
1134 3341 1204 3387 sirnt
1218 3335 1332 3405 quidam

337 3428 452 3486 dicunt.
471 3446 566 3478 aionien
587 3430 697 3498 accepit.
717 3428 771 3479 Sed
790 3428 843 3478 alii
862 3427 1057 3477 rationabilius
1072 3427 1233 3476 latinitatem
1248 3445 1283 3474 at
1295 3427 1332 3489 ip·

339 3518 398 3568 εἰπε
412 3519 528 3587 linguae
544 3516 692 3566 latitudine
706 3517 868 3567 vocabulum
888 3516 1031 3582 sumpsisse
1042 3515 1160 3582 strunt:
1182 3530 1240 3562 rum
1260 3516 1331 3561 errim

336 3604 478 3659 hebraeam
499 3623 657 3681 graecanica
676 3607 707 3656 in
725 3596 840 3655 latinum
859 3605 986 3675 linguam
1006 3604 1158 3674 translit-re
1185 3604 1306 3652 volueris
1323 3635 1329 3653 .

333 3690 406 3744 banc
424 3693 547 3743 mutus
566 3693 670 3748 modis,
688 3691 831 3763 loquelis,
849 3691 1044 3745 orationibus.
1062 3689 1231 3759 {illabisque
1249 3688 1331 3737 latio·

337 3799 393 3833 rem
408 3783 542 3833 invenies.
563 3784 618 3834 nac
637 3783 729 3832 minus
746 3791 772 3831 et
788 3778 837 3831 boc
855 3777 1038 3835 intuendum,
1057 3776 1134 3850 quod
1151 3775 1217 3826 laer
1232 3777 1331 3825 latini-

338 3880 381 3923 tas
396 3879 506 3940 propter
522 3880 661 3922 oratorum
679 3870 880 3922 ornatissimum
900 3870 1014 3938 leporem
1033 3867 1119 3918 01·an
1137 3874 1330 3934 nuncupatur:

340 3953 416 4010 unde
434 3963 461 4005 et
476 3964 570 4021 parter
587 3955 720 4007 orationis
740 3953 945 4029 intellegendae
965 3961 1029 4006 aurit
1042 3959 1134 4020 parter
1152 3950 1313 4001 latinitatis·

415 4039 459 4116 (2)
478 4038 584 4096 Scilicet
600 4040 779 4110 grammatico.
