3382 5206
765 580 808 626 ux
827 574 937 629 nmo.
1279 558 1329 661 59

345 700 463 763 tantur
489 716 568 763 vero
599 715 720 762 sensus
745 717 807 787 per
832 689 892 761 has
922 691 1211 787 subfigurationes
1243 695 1355 795 dupli·
1430 751 1431 754 ,

340 833 419 882 cem
431 809 476 882 ob
492 835 633 883 causam
651 866 660 898 ‚
676 808 730 882 vel
742 825 885 908 propter
898 810 1170 884 destructionem
1187 812 1240 884 vel
1254 841 1352 912 pron

337 943 392 1000 ter
418 928 703 1002 aedificationem.
723 925 963 1001 Destruuntur
983 929 1126 1028 quidem
1152 957 1234 1002 cum
1259 931 1352 1004 dieas

338 1044 468 1148 dissipo
492 1048 547 1121 rel
572 1047 754 1142 discredo;
774 1047 860 1120 illud
881 1047 924 1121 ad
946 1048 1035 1146 sepis
1054 1033 1350 1146 destructionem

336 1166 407 1240 hoe
433 1169 476 1241 ad
503 1168 781 1242 incredulitatem
800 1168 951 1268 respicit.
971 1167 1213 1242 Aedificantur
1233 1187 1349 1245 autem

339 1314 421 1360 cum
441 1287 529 1361 dicis
550 1288 691 1390 eonsipo
715 1290 758 1387 (a)
778 1303 813 1360 et
834 1287 1028 1382 concred03
1049 1287 1143 1386 quod
1164 1289 1259 1360 enim
1279 1289 1348 1361 illie

335 1405 534 1479 destruxisti
551 1463 560 1494 ‚
576 1407 633 1479 hic
644 1407 853 1479 reaedificas.
876 1404 1151 1507 Componuntur
1161 1407 1266 1480 etiam
1277 1435 1350 1479 ver·

333 1527 379 1600 ba
402 1543 542 1626 propter
565 1543 756 1600 metrorum
783 1526 835 1600 uti
860 1527 1011 1600 diximus
1036 1527 1348 1626 compositionem

332 1647 426 1720 sicut
444 1648 482 1720 in
501 1674 600 1719 versu
621 1646 772 1746 quodam
792 1645 944 1720 Gracchi
966 1648 1014 1747 (b)
1037 1648 1181 1720 oratoris
1199 1646 1348 1744 legimus

335 1767 401 1839 hoc
429 1766 532 1840 modo
560 1767 708 1839 dicentis
737 1781 760 1811 ‘⁴
784 1767 873 1839 bella
899 1766 1080 1841 Gallorum
1106 1783 1179 1841 toto
1209 1794 1366 1852 conces,

329 1906 407 1961 sent
428 1891 480 1987 (ι)
501 1889 538 1961 in
559 1889 640 1962 orbe
656 1947 698 1979 „.
716 1888 785 1962 Hic
805 1889 900 1961 enim
914 1916 1015 1963 eum·
1034 1888 1184 1962 nihilad
1205 1916 1346 1961 sensum

335 2009 484 2097 addidit,
498 2027 639 2108 propter
659 2009 753 2110 quod
767 2037 904 2082 versum
923 2026 1061 2083 tantum
1081 2010 1238 2109 explevit.
1252 2007 1346 2083 Haec

333 2127 376 2200 de
403 2128 521 2225 figuris
541 2127 664 2200 dixisse
685 2127 863 2216 sufficiat,
891 2127 1094 2225 praesertim
1116 2154 1197 2199 cum
1216 2127 1253 2200 in
1275 2127 1345 2226 epi-

332 2265 506 2320 tomarum
526 2247 700 2346 praedicto
716 2276 817 2346 opere
832 2247 1034 2345 diligentius
1049 2246 1092 2318 de
1108 2248 1226 2344 figuris
1242 2276 1344 2349 quae·

242 2376 245 2381 ’
327 2365 407 2438 dam
432 2366 630 2442 dixerimus.

411 2487 470 2560 28.
496 2485 606 2560 Nunc
625 2487 669 2559 ad
689 2483 1014 2561 annurnerationem
1039 2488 1227 2561 veniamus.
1247 2483 1345 2559 Mul·

329 2604 358 2675 ti
383 2621 508 2703 putant
532 2604 742 2705 simplicium
774 2607 980 2707 scriptorum
1012 2607 1105 2678 hanc
1138 2630 1343 2678 annumera-

328 2721 459 2795 tionem
484 2716 668 2797 verborum
688 2724 835 2798 eandem
861 2713 933 2798 esse
959 2751 1068 2824 quam
1094 2740 1128 2796 et
1153 2749 1342 2796 numerum

327 2841 430 2914 verbo
450 2842 543 2914 inter
561 2860 692 2942 septem
713 2844 854 2917 usitatas
873 2845 1006 2942 speeies
1026 2843 1260 2917 accidentem:
1280 2841 1339 2913 sed

328 2987 391 3031 nos
415 2961 513 3033 hunc
539 2961 757 3036 intellectum
782 2963 975 3037 firmissime
1002 2963 1237 3051 destruimus,
1258 2962 1341 3061 quia

326 3107 492 3153 numerus
512 3081 655 3181 simplex
674 3083 787 3156 dualis
807 3100 883 3173 est,
906 3083 1086 3180 singularis
1105 3082 1285 3156 dumtaxat
1306 3099 1340 3156 et

326 3200 492 3299 pluralis3
513 3204 754 3277 annumeratio
779 3221 896 3277 autem
916 3232 1027 3304 usque
1055 3203 1097 3275 ad
1124 3203 1194 3277 duo
1219 3204 1341 3301 viginti

327 3323 457 3421 species
476 3324 651 3422 pervenit:
663 3325 756 3424 quod
777 3327 911 3398 lactum
932 3327 979 3397 ita
994 3325 1104 3397 nostri
1118 3324 1338 3422 intellegunt,

326 3443 408 3541 quia
433 3442 470 3514 in
496 3443 606 3541 prima
632 3441 871 3517 Hebraeorum
891 3444 1009 3543 lingua
1035 3444 1129 3516 idem
1155 3444 1339 3517 elemento-

326 3588 405 3632 rum
430 3561 715 3662 voluminumque
742 3592 910 3636 numerus
931 3564 1047 3636 editus
1068 3581 1147 3640 est:
1168 3565 1212 3636 ob
1233 3591 1338 3664 quam

402 3746 440 3806 (ι)
458 3754 488 3791 Λα
504 3744 630 3807 constipo?
678 3748 717 3809 (t.)
735 3750 788 3797 cod·
806 3755 898 3806 groeci·
914 3757 996 3797 contra
1014 3749 1076 3808 apud
1095 3752 1202 3792 Frontoo·
1221 3749 1256 3791 ed·
1276 3765 1333 3792 rom·

329 3838 352 3881 p·
373 3820 424 3867 118·
446 3824 522 3870 Gaius
540 3843 580 3886 pro
595 3833 687 3884 graius.

403 3966 445 4037 (t)
468 3969 630 4017 l'ottrersent
648 3969 821 4036 compositum
842 3986 929 4018 artem
944 3979 970 4018 ot
980 3981 1094 4018 cessauit.
1107 3967 1190 4036 Atqui
1201 3966 1327 4018 hexame-

333 4065 401 4105 trum
425 4055 566 4106 haberetur
585 4057 641 4106 sic:
663 4058 768 4106 Bellum
792 4058 933 4107 Gallorum
954 4069 1010 4107 toto
1030 4069 1165 4107 cortresset
1185 4058 1213 4105 io
1234 4059 1307 4107 orbe.

973 4138 977 4155 l
