3382 5206
591 566 766 613 ornemus
792 563 1036 613 montemnis.
1249 539 1317 636 393

672 778 731 842 111.
755 799 797 844 nn
823 799 999 847 virnennsr.

331 918 405 1056 At
429 987 522 1056 dolor
545 990 723 1054 immensus
746 1005 892 1075 penetrat
914 989 940 1054 si
963 984 1046 1055 sorte
1068 990 1260 1078 meningas,

327 1094 370 1160 Et
388 1094 480 1158 vitiat
499 1093 671 1160 cerebrum
693 1116 838 1183 grassans
860 1090 1033 1158 maledicta
1056 1092 1247 1182 phrenesis,

325 1202 443 1268 Gratus
464 1204 528 1267 erit
550 1200 663 1289 pulmo
684 1218 827 1288 sumptus
851 1199 890 1266 de
913 1201 1037 1268 viscere
1060 1202 1148 1267 cervi

328 1309 532 1396 Compositus
557 1305 713 1395 cephalo,
731 1331 787 1373 seu
808 1307 855 1372 vis
877 1323 971 1395 epota
993 1306 1169 1390 corandri,

327 1411 394 1478 Aut
417 1413 556 1501 raphani
578 1430 686 1478 cortex
708 1433 804 1477 saevo
825 1410 969 1478 mollitus
994 1428 1110 1482 acetoz

327 1518 480 1608 Sumptus
504 1544 579 1585 acer
596 1519 731 1586 nimium
749 1535 815 1601 est,
836 1517 894 1584 sed
915 1536 1003 1584 certe
1027 1542 1107 1584 cure
1128 1532 1262 1584 vetusta.

691 1729 971 1798 wam

329 1869 454 2004 Haud
477 1936 614 2004 dubium
639 1938 761 2007 celeres
782 1940 873 2005 vitiat
896 1937 1035 2028 languor
1056 1940 1137 2006 citus
1160 1936 1281 2019 orbes,

328 2043 371 2107 Et
390 2044 486 2108 variis
508 2043 638 2107 turbata
657 2043 760 2111 modis
783 2040 911 2108 fortuna
931 2060 1111 2133 perurget:

327 2149 443 2217 Laedit
465 2153 552 2216 enim
569 2202 578 2235 ,
597 2151 656 2217 sed
680 2167 772 2217 curat
792 2175 899 2216 amans
916 2176 991 2217 cum
1012 2170 1158 2240 tempore
1179 2167 1277 2216 certo.

328 2257 413 2345 Ergo
435 2281 493 2346 age
515 2257 721 2321 marrubium
745 2258 854 2321 statim
877 2258 1063 2344 componito
1085 2271 1236 2338 coctum,

327 2361 514 2428 Betonicam
538 2363 640 2427 nectis
661 2378 792 2445 certus,
811 2360 958 2427 sucidam
981 2384 1112 2450 quoque
1134 2359 1267 2425 lanam:

326 2465 434 2529 Omne
453 2464 575 2531 malum
591 2465 675 2533 tollit
695 2467 813 2550 citius,
835 2468 887 2555 pia
914 2465 1037 2531 lumina
1056 2464 1176 2532 reddit.

329 2569 364 2636 Si
389 2569 483 2637 dolor
509 2590 554 2639 cst
573 2571 674 2639 oculis
695 2573 815 2638 rubeus
842 2597 938 2664 quem
965 2573 1104 2639 concitat
1125 2570 1271 2657 humor,

329 2680 418 2743 Tum
437 2678 581 2744 verbena
600 2696 711 2767 potens
733 2678 799 2747 leui
820 2680 988 2768 potabitur
1010 2679 1108 2746 unda.

629 2894 670 2961 V.
695 2916 738 2962 nn
763 2911 903 2962 nicona
926 2914 1040 2962 ocum.

330 3032 388 3168 Si
409 3099 570 3165 maculam
590 3104 709 3171 retines
732 3103 861 3190 oculis,
886 3102 964 3170 dum
988 3103 1130 3171 volvitur
1147 3107 1260 3185 intro,

327 3212 486 3298 Conspice
516 3208 593 3274 dum
613 3213 719 3302 pergis
742 3213 881 3280 rubeum
900 3236 959 3301 per
981 3236 1058 3277 rura
1083 3212 1254 3294 limacem,

326 3316 430 3398 Quem
453 3312 940 3397 fundens(1)oculomedium
965 3319 1148 3407 componito
1171 3331 1288 3383 certus.

589 3528 649 3595 VI.
674 3550 717 3594 on
743 3546 870 3597 tucius
893 3551 1074 3598 currunrs.

330 3669 388 3805 Si
414 3762 490 3805 vero
514 3740 633 3829 angina
660 3755 771 3829 guttur
792 3739 969 3827 pervaserit
992 3736 1163 3829 amplum,

329 3843 378 3908 Ac
396 3843 480 3910 loliis
501 3842 636 3908 tumidis
656 3867 768 3910 arcens
792 3841 1001 3931 compleverit
1018 3842 1127 3928 illud,

413 3996 458 4063 (ι)
479 3995 519 4046 lta
540 4003 649 4063 uterquc
667 3994 727 4047 eod.
746 3994 793 4047 Sed
815 3994 901 4045 malim
909 3995 1038 4064 findens.
