3382 5206
361 585 431 678 264

330 718 414 770 sicuti
431 712 583 770 nominibus
602 724 630 768 ct
655 713 817 785 pronomini·

332 805 399 864 bnt.
417 804 557 874 singularis
578 831 595 844 -
611 804 742 856 scribens:
763 803 822 873 plu-

333 895 396 948 ralis
419 920 433 936 ν
452 893 618 948 scribentur
646 892 790 944 communis
808 918 822 930 -

333 996 446 1039 ruentes·
464 984 507 1036 Sic
532 994 559 1036 et
572 1000 618 1054 pcr
636 981 688 1034 alia
711 979 823 1052 partici-

333 1074 438 1145 piorum
466 1089 558 1140 genera
575 1070 604 1122 hi
618 1070 719 1123 numeri
734 1070 761 1122 in
775 1069 824 1121 do·

333 1160 477 1214 clinatione
500 1175 603 1212 necate
621 1169 662 1212 cst
687 1168 720 1212 ut
746 1173 822 1209 nuum

334 1248 446 1302 officium
465 1247 622 1318 compleant.

458 1441 498 1479 to.
517 1441 553 1479 D}
575 1440 686 1480 fluunt·

332 1549 455 1671 Figura
473 1600 623 1671 participiis
643 1599 761 1655 accidit.
787 1598 822 1649 si·

332 1694 388 1746 cuti
403 1703 430 1744 ct
447 1691 542 1743 ceteris
574 1688 696 1760 partibus
720 1687 821 1741 oratio·

332 1779 392 1834 niu.
411 1778 535 1848 simplex,
548 1790 574 1830 et
589 1776 743 1847 composita.
754 1775 820 1826 Sim-

332 1868 392 1937 plex
403 1868 485 1933 ligura
494 1866 694 1937 participiorum
703 1875 742 1916 est
754 1865 822 1915 uinc-

332 1966 395 2007 tus.:
415 1954 558 2023 composita
573 1956 653 2021 figura
670 1951 820 2022 participio·

330 2060 387 2093 rum
406 2053 446 2094 est
460 2040 602 2092 ·ind0etus·
614 2073 621 2089 ·
634 2040 708 2091 Nunc
723 2056 822 2109 compo·

330 2132 382 2182 sita
403 2132 484 2195 figura
503 2128 602 2199 quibus
625 2128 666 2180 vel
688 2138 755 2197 quot
769 2146 821 2179 mo-

330 2217 372 2269 dis
382 2219 443 2278 liat,
460 2217 486 2269 in
501 2216 604 2269 nominc
614 2216 664 2267 iam
674 2214 739 2267 satis
749 2226 818 2266 trac·

303 2342 308 2347 -
331 2305 452 2359 tacimus.

458 2501 496 2536 ll·
513 2498 546 2534 ott
561 2496 694 2534 nocturn.

327 2598 399 2711 Dc
418 2669 526 2709 acccutu
547 2654 766 2727 participiorum.
786 2655 817 2706 si·

328 2749 385 2811 cuti
404 2746 539 2799 nominum
559 2744 598 2797 rel
614 2743 817 2813 pronominum,

327 2831 355 2884 in
375 2831 527 2883 accentibus
550 2841 720 2902 conpetenter
746 2841 815 2880 trac-

329 2920 451 2972 tavimus.

273 3126 281 3133 -
367 3112 406 3150 ra·
421 3112 494 3161 onan
510 3109 668 3148 rrurrcrrra
682 3112 779 3159 omnus

400 3199 566 3237 rturrcums
587 3198 742 3238 arcturon.

324 3300 496 3427 participia
530 3357 666 3427 praeteriti
692 3358 816 3428 temporis

325 3456 352 3504 ct
370 3445 468 3503 loturi,
488 3446 589 3509 generis
600 3445 754 3499 masculini.
771 3463 816 3498 no·

323 3534 453 3591 minativo
466 3552 537 3590 casu.
553 3532 653 3584 numeri
663 3530 817 3598 singularis.

325 3621 354 3673 iu
374 3637 406 3673 u·
425 3619 513 3672 littera
535 3621 728 3675 terminantur,
747 3619 817 3671 lomi·

325 3707 385 3759 nini
405 3725 440 3756 σα·
460 3707 549 3759 littera
565 3707 742 3763 deliniuntur,
756 3725 816 3759 neu·

325 3793 360 3847 tri
385 3810 431 3844 ·m·
452 3795 539 3845 littera
564 3795 764 3847 concluduntur.
780 3794 815 3848 alt

324 3896 387 3933 vero
403 3880 546 3949 participia
572 3883 717 3951 praesentis
748 3893 814 3933 tem-

321 3966 413 4036 poris,
432 3968 596 4020 nominativo
623 3987 684 4021 casu
714 3972 814 4022 numeri

322 4056 477 4124 singularis.
497 4060 524 4109 iu
542 4076 573 4110 ιε·
590 4059 704 4113 litteram
717 4072 814 4113 exeunt

611 606 866 660 Gutnmtrrcut
895 606 1095 660 vtrrctuus

872 724 994 772 tantum.
1026 713 1126 766 scilicet
1154 716 1281 784 quoniam
1309 735 1364 771 om·

873 801 915 853 nin
948 803 1049 867 generis
1082 818 1140 854 esne
1169 805 1363 874 repperiuntur·

874 887 950 938 Nunc
972 888 1114 960 partieipia
1143 893 1279 961 praeteriti
1298 905 1364 947 tem·

874 975 966 1045 poris.
995 979 1097 1045 generis
1115 982 1273 1040 masculini.
1292 1001 1364 1052 quae

874 1062 990 1115 diximus
1000 1067 1162 1121 nominativo
1180 1085 1242 1120 casu
1261 1073 1363 1124 numeri

872 1149 1014 1216 singularia
1034 1170 1066 1207 u·
1085 1153 1174 1207 littera
1192 1157 1294 1210 scilicet
1312 1167 1363 1210 tor·

872 1240 984 1297 minori,
1012 1259 1044 1295 cx
1079 1243 1170 1296 eodem
1198 1247 1363 1301 nominativo

872 1346 933 1382 casu
961 1330 1062 1383 numcri
1084 1333 1225 1399 singularia
1253 1337 1363 1388 eandem

875 1433 907 1467 ·s·
927 1417 1061 1475 litteram,
1079 1437 1158 1488 quam
1177 1421 1278 1475 babent
1296 1424 1362 1476 ulti·

873 1522 958 1564 mam,
979 1505 1006 1558 in
1026 1525 1090 1560 uus·
1110 1508 1237 1578 syllabam
1250 1528 1363 1566 convor-

874 1604 951 1649 tunt.
969 1605 997 1647 et
1015 1594 1098 1648 loturi
1118 1600 1241 1669 temporis
1254 1602 1362 1669 partici-

872 1682 978 1752 piorum
996 1684 1186 1739 nominativum
1205 1705 1295 1741 casum
1310 1711 1362 1743 nu·

873 1770 936 1822 mori
966 1771 1106 1839 singularis
1132 1776 1173 1827 nui
1201 1779 1361 1836 ostendunt.

873 1866 902 1907 ut
931 1868 995 1926 puta
1030 1861 1145 1931 scriptus
1161 1891 1178 1903 -
1193 1864 1362 1935 scripturus.

873 1961 964 1997 caesus
982 1973 998 1985 ·
1018 1963 1160 2006 caesurus.
1184 1949 1360 2006 latus-latu-

874 2048 932 2086 rus.
946 2033 1080 2086 osculatus
1089 2064 1104 2075 -
1114 2028 1287 2092 osculaturus·
1300 2042 1361 2092 ltcm

870 2139 885 2173 e
904 2124 1035 2177 contrario
1058 2126 1159 2179 scilieet
1168 2128 1311 2201 participia
1326 2131 1362 2182 lu·

871 2209 925 2261 turi
947 2213 1070 2281 temporis
1088 2215 1190 2280 generis
1207 2218 1360 2275 masculini.

869 2315 938 2367 quae
955 2301 1119 2355 nominativo
1127 2319 1188 2355 casu
1199 2306 1300 2358 numeri
1311 2307 1360 2359 sin·

870 2385 967 2450 giilaris
987 2389 1015 2440 in
1027 2406 1092 2442 ons·
1107 2390 1234 2458 syllabam
1243 2405 1341 2448 exeunt
1352 2432 1359 2451 ‚

867 2475 976 2526 candem
1006 2494 1070 2529 nus·
1101 2476 1232 2545 syllabam
1265 2480 1295 2533 in
1328 2499 1358 2534 o·
1395 2525 1398 2534 .

869 2560 984 2613 litteram
1002 2575 1181 2623 convertunt,
1199 2575 1228 2618 ct
1246 2569 1359 2637 partici-

868 2650 970 2718 piorum
989 2650 1125 2720 praeteriti
1141 2655 1265 2723 temporis
1278 2654 1360 2708 nomi-

868 2737 987 2788 nativum
1006 2754 1093 2788 cosum
1107 2741 1207 2791 numeri
1218 2741 1360 2809 singularis

868 2823 969 2888 gcucris
988 2823 1029 2875 sui
1047 2826 1191 2878 ostendunt
1211 2863 1219 2883 ‚
1242 2840 1272 2881 ut
1295 2840 1361 2900 puta

868 2915 966 2963 risurus
975 2942 988 2952 -
997 2913 1063 2965 risus
1074 2951 1081 2972 ,
1092 2916 1300 2972 criminaturus·
1309 2919 1360 2971 cri·

868 3002 1000 3056 minatus.
1016 3001 1136 3054 tacturus
1148 3033 1162 3042 -
1173 3003 1270 3055 fuctus.

903 3088 1045 3158 l‘articipio
1060 3090 1197 3158 praeteriti
1219 3091 1361 3161 temporis,

868 3177 968 3241 genonis
992 3175 1129 3233 seminini,
1145 3195 1175 3229 ex
1196 3180 1361 3232 nominativo

868 3281 932 3314 cusu
949 3265 1048 3315 numeri
1066 3264 1208 3331 singularis
1227 3283 1264 3316 ·a·
1285 3266 1359 3320 litte·
1388 3328 1397 3347 s

868 3370 922 3403 ram
937 3370 1017 3420 quam
1025 3349 1124 3403 babent
1136 3351 1270 3409 ultimant,
1282 3352 1310 3406 in
1320 3373 1358 3406 ·u·

868 3451 1044 3497 convertunt.
1063 3452 1090 3492 et
1110 3458 1159 3492 ·ra.
1179 3439 1306 3508 syllabam
1316 3459 1358 3494 ac-

869 3528 990 3596 cipiunt.
1009 3528 1079 3580 uncle
1097 3527 1267 3599 participium
1287 3527 1358 3581 futu·

867 3616 889 3665 ri
905 3617 1027 3686 temporis
1038 3619 1137 3681 generis
1147 3619 1188 3670 sot
1198 3620 1357 3679 ostendunt.

867 3713 898 3753 ut
918 3716 1000 3773 puta,
1018 3704 1120 3756 docta·
1139 3705 1267 3763 doctum.
1297 3709 1358 3761 dic-

869 3802 918 3844 ta·
936 3793 1058 3849 dictura,
1082 3793 1155 3843 lata·
1175 3795 1272 3848 latura.
1292 3798 1358 3851 Item

867 3898 882 3932 e
904 3882 1035 3933 contrario
1047 3882 1147 3934 scilicet
1161 3885 1305 3957 partieipia
1319 3887 1358 3938 iu·

868 3968 921 4019 uui
939 3969 1061 4039 temporis
1073 4005 1080 4024 .
1092 3971 1190 4036 generis
1216 3970 1360 4033 feminini,

865 4079 896 4112 ex
918 4057 1080 4113 nominativo
1098 4075 1158 4111 casu
1180 4063 1281 4114 numeri
1300 4063 1358 4117 tiu-
