3382 5206
728 612 772 657 ΒΕ
800 610 954 659 notatus.

328 708 394 761 mari
410 708 553 777 singularis
571 712 611 765 ·il·
631 713 729 768 litteris
751 714 817 766 dell-

327 794 400 854 airi,
426 799 582 866 quaeritur.
609 819 662 871 qua
684 801 719 854 do
739 817 819 852 causa

326 883 400 954 pugil
418 885 563 938 eommunis
583 887 687 954 generis
698 904 753 940 esse
773 887 818 938 ‹li-

327 969 422 1025 uturni
448 973 498 1026 buo
517 975 552 1027 de
569 993 672 1031 causa,
693 975 819 1045 quoniam

325 1078 509 1132 quaerar-qna
537 1064 666 1117 vocabula
694 1064 819 1116 mascnli-

326 1165 361 1200 οι
376 1149 541 1203 nominativo
561 1169 624 1204 ousu
644 1151 746 1204 numeri
765 1151 820 1202 sin·

326 1235 580 1302 saluriam-littaris
599 1238 777 1293 deliniuntur.
791 1246 819 1288 et

326 1338 360 1376 ex
375 1341 424 1376 sua
441 1325 531 1396 spacia
545 1324 673 1380 vocabula
690 1325 816 1376 iaminiua

326 1409 412 1466 facero
428 1424 560 1484 possunt.
586 1413 652 1468 haec
672 1414 818 1468 coturnurris

328 1500 431 1569 qnaeris
443 1519 499 1553 esse
510 1503 726 1572 pronuntiantur.
753 1505 817 1557 Item

327 1586 356 1640 in
374 1587 424 1639 hac
438 1588 592 1658 supradicta
610 1589 692 1642 lorini
710 1589 819 1659 quaeri-

328 1683 393 1734 tur,
409 1676 433 1729 si
452 1677 518 1729 haee
531 1678 686 1747 supradicta
705 1693 819 1730 commu·

329 1762 372 1816 nis
387 1765 491 1831 generis
507 1765 613 1819 uomina
636 1783 670 1818 aa
689 1783 737 1817 sua
758 1782 820 1835 spe-

329 1849 370 1902 cie
385 1851 413 1905 in
434 1870 530 1920 genera
549 1864 641 1906 neutra
663 1864 819 1909 trameant.

330 1950 362 1993 ut
382 1939 473 1993 eadem
494 1958 588 2008 genera
613 1953 706 1995 neutra
731 1947 758 1994 iu
776 1960 821 2012 po

329 2027 411 2082 sitiro
428 2028 512 2095 gradu
536 2029 562 2082 in
586 2030 752 2084 nominativo
775 2047 820 2082 cs-

330 2131 363 2167 su
381 2116 484 2168 numeri
506 2116 667 2182 singularis.
685 2133 739 2186 qua
751 2113 820 2169 litte·

330 2219 360 2254 ra
376 2201 491 2256 debeant
511 2198 670 2256 terminari?
689 2221 723 2256 a·
743 2201 820 2255 scili-

331 2301 374 2345 eet
386 2327 394 2349 ι
405 2291 532 2361 quoniam
550 2310 734 2362 quaecumque
748 2310 821 2359 geue·

331 2379 369 2433 ris
389 2380 534 2433 communis
554 2380 661 2433 nomina
683 2381 711 2434 in
727 2381 819 2452 positi·

331 2485 365 2520 ro
382 2466 465 2535 gradu
479 2466 645 2523 nominativo
658 2486 720 2521 casu
735 2486 820 2523 numo

329 2552 354 2603 ri
365 2555 506 2622 singularis
521 2554 562 2606 ·il·
575 2555 673 2608 litteris
691 2555 820 2609 deliniun-

331 2651 393 2698 tur,
411 2642 435 2697 si
452 2661 483 2695 ex
503 2660 551 2695 sua
569 2644 656 2713 specie
675 2643 703 2695 in
725 2662 820 2711 genera

329 2711 424 2781 neutri
451 2740 612 2788 transeunt.
637 2731 701 2784 haec
728 2733 818 2785 eadem

331 2833 425 2884 genera
441 2829 535 2870 neutra
554 2819 582 2871 iu
601 2819 717 2889 positivo
736 2821 819 2888 gradu

329 2902 494 2957 nominativo
508 2922 570 2958 casu
589 2906 692 2959 numeri
706 2906 819 2975 singula·

331 2988 368 3041 ris
393 3007 428 3041 ·e·
458 2991 549 3044 littera
574 2993 759 3046 terminantur.
783 2995 820 3049 Ar

329 3094 392 3130 vero
400 3077 511 3148 pluralis
525 3080 570 3130 ·ia·
583 3079 678 3133 litteris
692 3080 819 3135 definiun-

331 3179 391 3227 tur,
409 3181 440 3222 nt
462 3181 526 3240 puta
539 3171 583 3222 liic
600 3182 627 3224 et
648 3172 712 3224 haec
727 3173 816 3243 pugil.

328 3250 380 3305 hoc
400 3255 506 3323 pugilo.
522 3266 550 3307 et
564 3255 629 3308 haec
639 3256 756 3326 pugilis,
776 3256 815 3309 la·

333 3358 390 3394 esre
403 3341 525 3396 debeant.

368 3430 446 3483 Nunc
463 3428 608 3484 etiam‘lroc
624 3431 816 3498 significamus.

332 3521 404 3591 quod
432 3522 483 3574 etsi
506 3539 540 3574 ex
568 3521 689 3574 omnibus
720 3524 818 3574 clarum

331 3619 522 3665 est.atra1nen
544 3627 576 3661 ne
598 3609 707 3662 obscuro
731 3628 819 3663 exum-

333 3697 377 3767 plo
390 3696 431 3750 usi
445 3714 501 3750 asse
511 3697 663 3752 videamur.
677 3698 749 3767 quod
768 3716 819 3769 pu-

334 3786 397 3853 giles
428 3785 467 3837 illi
496 3787 537 3838 vel
562 3785 605 3838 illo
630 3785 820 3855 appellentur,

332 3872 382 3926 lroc
399 3883 438 3927 est
451 3910 458 3931 ,
471 3873 520 3943 qui
536 3893 590 3928 non
607 3873 703 3931 exiles.
718 3874 764 3927 sed
777 3872 821 3927 bo

333 3979 368 4015 uo
385 3978 493 4034 corpore
512 3981 567 4017 esso
579 3964 735 4036 probantur.
756 3965 822 4018 Saue

331 4045 397 4104 haue
408 4050 564 4121 supradicta
584 4050 728 4106 eommunis
747 4067 823 4120 qene-

1260 587 1323 688 175

870 718 907 765 ris
925 713 1046 771 uomina.
1060 732 1129 784 quae
1145 713 1262 768 diximus
1278 714 1306 768 iu
1318 732 1364 768 str-

872 799 994 869 pradicto
1009 802 1093 869 gradu
1115 801 1278 856 nominativo
1302 819 1364 855 casu

871 890 970 942 numeri
992 890 1136 957 singularis
1150 889 1189 942 ·il·
1203 890 1301 943 litteris
1321 890 1367 944 de-

871 975 958 1031 finiri,
975 977 1150 1047 superlativus
1166 978 1263 1045 gradus
1282 977 1367 1032 tacere

871 1063 1069 1133 prohibentur:
1091 1065 1212 1123 scilicet.
1237 1066 1364 1136 quonium

871 1149 936 1204 huso
955 1151 1047 1204 eadem
1070 1152 1239 1222 supradiotae
1267 1152 1365 1207 loturae

870 1236 977 1291 uomina
997 1237 1028 1291 iu
1042 1238 1205 1310 superlativo
1223 1239 1306 1309 gradu
1326 1259 1365 1295 so·

870 1345 934 1380 num
954 1327 1049 1400 pedum
1070 1329 1097 1382 in
1116 1328 1206 1382 metris
1231 1330 1272 1384 ral
1295 1342 1365 1385 rtru-

872 1413 955 1467 cturis
991 1413 1117 1467 exhibere
1158 1433 1210 1468 nou
1242 1431 1363 1486 possunt.

871 1500 947 1553 Nunc
955 1501 1036 1553 etiam
1044 1501 1094 1554 hoc
1108 1518 1241 1554 monemus
1252 1538 1260 1559 ,
1271 1504 1299 1557 iu
1314 1505 1364 1558 lrac

871 1590 954 1641 lorum
983 1589 1084 1656 generis
1115 1597 1280 1648 communis,
1309 1612 1364 1662 qua

871 1677 989 1731 diximus
1016 1696 1044 1731 ιιι
1070 1680 1189 1751 positivo
1213 1681 1296 1748 gradu
1318 1702 1366 1736 no·

871 1763 1000 1818 minativo
1017 1781 1080 1816 casu
1103 1766 1204 1818 numeri
1221 1767 1364 1834 singularis

873 1851 980 1903 uomina
993 1851 1033 1904 ·il-
1048 1851 1145 1905 littaris
1157 1852 1279 1911 definiri.
1293 1855 1366 1924 quod

872 1954 904 1992 ex
923 1955 955 1990 ea
975 1936 1058 1992 forma
1082 1939 1140 2010 plus
1166 1958 1247 2010 qnam
1262 1952 1361 2009 septem

873 2025 979 2078 nomina
993 2042 1046 2079 nou
1063 2025 1170 2097 possint
1185 2027 1311 2081 exhiberi·
1328 2028 1365 2083 De

871 2111 953 2166 forma
971 2115 1072 2178 generis
1085 2117 1246 2170 communis.
1265 2115 1361 2184 quain

872 2202 987 2273 positivo
1010 2202 1093 2270 gradu
1112 2198 1276 2258 nominativo
1299 2221 1362 2257 casu

871 2290 973 2345 numeri
986 2290 1127 2358 singularis
1146 2292 1251 2347 uomina
1265 2294 1304 2347 ·il·
1320 2293 1365 2348 tit·

872 2377 935 2431 teris
948 2377 1074 2436 definita,
1091 2381 1313 2449 quemadmodum
1330 2400 1363 2436 ex

870 2483 899 2520 se
917 2467 1109 2537 comparativus
1124 2468 1222 2535 gradus
1233 2487 1296 2527 ‚uec
1310 2489 1364 2524 non
1456 2521 1460 2527 .

871 2564 899 2607 et
918 2553 988 2606 intra
1006 2563 1136 2623 quantum
1157 2573 1292 2608 numerum
1309 2574 1364 2612 esso

871 2640 1071 2710 repperiantur,
1089 2651 1217 2712 quantum
1233 2643 1303 2697 ratio
1321 2663 1363 2716 po·

870 2727 978 2782 scobat.
1001 2729 1183 2781 tractavimus·

1056 2831 1092 2868 ur
1122 2833 1171 2869 us·

906 2901 1092 2972 Quaecumque
1123 2902 1229 2956 nomina
1258 2906 1361 2972 generis

870 2988 971 3040 scilicet
982 2990 1124 3042 communis
1136 2990 1162 3041 iu
1176 2989 1292 3061 positivo
1305 3010 1362 3060 gra-

872 3073 907 3126 du
921 3075 1083 3128 nominativo
1091 3093 1154 3129 casu
1165 3078 1266 3130 numeri
1275 3079 1363 3147 singu·

871 3165 935 3219 laris
953 3167 996 3218 ·is·
1020 3164 1117 3218 litteris
1136 3165 1316 3227 definiuntur,
1340 3170 1365 3223 si

871 3252 1064 3323 comparativus
1076 3252 1172 3320 gradus
1186 3271 1218 3306 ex
1234 3272 1262 3307 se
1275 3254 1361 3311 lacero

872 3352 1001 3412 possunt.
1027 3342 1092 3394 haec
1123 3341 1152 3395 ia
1177 3341 1268 3398 dativo
1298 3361 1360 3399 casu

871 3432 974 3486 numeri
992 3430 1134 3498 singularis
1164 3450 1211 3486 ·or·
1233 3433 1363 3502 syllabam

872 3518 1057 3590 accipiunt.et
1069 3519 1277 3588 comparativum
1297 3540 1359 3589 gra-

871 3607 934 3660 dum
948 3607 1048 3674 generis
1068 3606 1110 3657 sui
1129 3607 1289 3661 ostendunt:
1309 3608 1364 3661 soi-

872 3695 935 3747 licet
958 3694 1083 3764 quoniam
1102 3694 1265 3763 quicumque
1290 3713 1363 3750 eom-

873 3783 990 3855 paratiri
1018 3783 1115 3851 gradus
1135 3783 1297 3839 nominativo
1319 3804 1362 3840 ca-

873 3889 903 3924 su
922 3870 1024 3924 numeri
1043 3869 1184 3937 singularis
1207 3871 1266 3924 ·ior·
1288 3872 1363 3927 litte-

873 3957 1363 4015 mfflmfflmmuffl

873 4046 1006 4120 positione
1022 4043 1139 4103 formae.
1158 4064 1213 4118 qua
1229 4063 1263 4099 rx
1282 4064 1362 4116 grao-
