3382 5206
590 593 821 646 caauusrrcs
845 596 892 645 ar
915 595 1079 647 carrarca·
1261 570 1326 667 54¹⁵

330 721 395 790 qne
409 697 572 765 caricibus
583 714 697 763 contra
710 718 824 764 rerum
839 711 989 762 naturam
1002 713 1193 765 sustentasse
1204 714 1236 766 ct
1250 697 1350 766 aluis·

329 827 365 867 se
390 800 608 870 describiturs
633 822 709 865 cnm
725 798 890 865 humanae
906 799 947 866 sit
962 816 1098 867 naturae
1122 801 1239 868 caricis
1264 824 1350 895 quae

327 928 399 999 post
421 933 547 1001 grossos
571 924 793 974 maturescunt
817 909 957 992 nutriri,
989 908 1164 974 brutorum
1188 933 1266 976 vero
1289 911 1354 979 bo-

326 1014 481 1083 bulorum
503 1030 536 1080 et
559 1012 825 1104 tragelaphorum
848 1013 1012 1104 simulque
1036 1015 1161 1080 ibicum
1187 1016 1352 1082 caricibus

328 1120 463 1189 educari
492 1140 524 1190 et
553 1123 648 1187 vesci.
678 1120 849 1210 Simplex,
873 1119 1017 1210 duplex,
1041 1120 1183 1210 triplex,
1207 1146 1352 1208 vervex,

328 1227 461 1312 fornix,
483 1227 601 1310 radix,
624 1231 766 1309 matrix,
789 1225 898 1309 lodix,
923 1229 1059 1311 victrix,
1083 1228 1215 1311 natrix,
1239 1231 1353 1313 vivax,

328 1357 445 1416 verax,
467 1333 597 1423 pellar,
622 1333 727 1414 edax,
750 1331 867 1415 radix,
898 1333 1035 1398 mendax
1055 1382 1065 1417 ,
1089 1333 1244 1415 imbrex,
1267 1357 1351 1423 quae

247 1518 251 1535 Ι
328 1440 370 1503 ab
399 1439 547 1507 arcendis
569 1439 733 1504 imbribus
753 1437 893 1520 dicitur,
916 1462 1034 1527 auspex
1052 1437 1086 1502 id
1106 1439 1223 1528 estqui
1238 1441 1349 1504 avium

327 1549 461 1638 auguria
486 1547 653 1627 intendit,
672 1569 788 1634 asrceps
811 1568 888 1612 vero
912 1546 967 1636 qui
993 1546 1171 1634 aucupium
1194 1561 1320 1613 exercet
1340 1581 1351 1607 s

327 1652 489 1742 conplex,
513 1650 657 1741 duplex,
684 1648 826 1740 triplex,
849 1651 939 1727 elixa
969 1650 1066 1717 elices
1090 1651 1245 1718 dicuntur
1267 1649 1354 1718 sulci

327 1761 464 1825 maiores
487 1757 530 1823 ad
552 1755 721 1823 siccandos
746 1781 837 1848 agros
864 1757 977 1837 ducti3
1000 1758 1117 1840 celos,
1138 1775 1256 1842 atrox,
1278 1756 1353 1826 Pol·

328 1864 404 1949 lux,
428 1865 569 1947 coniux,
593 1862 682 1954 quod
707 1886 825 1928 nomen
849 1865 883 1929 in
906 1863 1104 1949 nominativo
1137 1880 1170 1930 et
1202 1865 1351 1932 vocativo

328 1993 402 2033 cunr
424 1967 648 2036 additamento
671 1994 712 2034 ·n·
736 1965 865 2035 litterae
888 1967 975 2036 libro
1000 1970 1068 2035 0V1.
1094 1968 1351 2036 denominare

328 2075 400 2142 colo
425 2074 634 2158 disseruisse,
656 2073 733 2143 licet
755 2077 791 2140 in
814 2075 955 2166 obliquis
978 2076 1105 2143 casibus
1132 2076 1262 2165 penitus
1292 2075 1354 2140 de-

328 2179 426 2245 ficiat.
454 2181 604 2249 Veniunt
625 2180 722 2245 etiam
745 2204 764 2243 s
793 2179 1025 2270 monosyllabis
1052 2203 1127 2246 cum
1146 2181 1180 2244 in
1205 2180 1356 2247 nomina·

330 2290 394 2353 tivo
414 2304 445 2352 et
468 2285 650 2365 accusativo
672 2283 794 2375 plurali
810 2288 1006 2368 flectuntur,
1027 2303 1063 2352 ut
1076 2287 1133 2354 flos
1153 2288 1354 2371 flores,mos

329 2418 460 2476 mores,
481 2416 535 2460 ros
556 2416 667 2475 rores,
695 2415 775 2481 pons
798 2409 932 2480 pontes,
958 2389 1028 2460 sons
1061 2390 1189 2476 sontes,
1213 2416 1269 2459 rex
1294 2417 1353 2459 ro-

329 2523 406 2592 gcs,
433 2495 484 2565 lex
508 2497 615 2589 leges,
642 2497 716 2563 lanx
736 2495 866 2580 lances,
891 2495 982 2587 glans
1007 2495 1141 2588 glandes
1155 2548 1165 2583 ,
1179 2496 1253 2587 plus
1276 2497 1355 2588 plu-

328 2629 399 2688 res,
420 2629 492 2670 mus
515 2628 646 2686 mures,
671 2627 743 2669 cors
771 2619 897 2686 cortes,
924 2626 978 2671 cos
1000 2621 1105 2688 cotes,
1131 2626 1200 2670 sors
1224 2620 1349 2687 sortes,

329 2709 386 2777 dos
411 2709 527 2794 dotes,
554 2733 605 2775 ars
634 2726 742 2793 artes,
765 2733 839 2798 pars
866 2725 1001 2798 partes,
1023 2707 1093 2775 calx
1117 2707 1224 2774 calces
1238 2732 1354 2793 ,merx

330 2838 475 2898 merces,
498 2812 546 2881 sol
571 2810 677 2897 soles,
693 2837 767 2879 cum
789 2812 832 2878 ad
860 2811 928 2880 dies
947 2813 1145 2901 pertinebit,
1172 2829 1209 2878 ut
1225 2848 1262 2862 ··
1275 2838 1355 2903 qna·

331 2922 482 3013 draginta
515 2918 565 2985 illi
593 2917 724 2986 fuerunt
748 2942 786 2986 ex
810 2918 927 2985 ordine
948 2917 1055 2997 soles;
1079 2953 1119 2969 ·-
1146 2940 1207 2984 vox
1230 2942 1354 3004 voces,

330 3053 391 3095 nox
406 3045 536 3095 noctes,
549 3024 589 3092 lis
605 3024 698 3107 lites,
714 3024 762 3092 dis
777 3024 859 3093 dites
873 3074 884 3108 ,
896 3022 957 3115 glis
974 3023 1072 3117 glires
1088 3073 1098 3109 ,
1111 3022 1185 3114 puls
1198 3021 1318 3113 pultes.

401 3145 435 3200 Δ.
463 3132 514 3198 Da
542 3131 808 3221 coniugaticnnm
835 3127 994 3220 exempla.
1018 3129 1066 3196 M.
1095 3131 1207 3196 Prima
1239 3146 1272 3196 et
1298 3153 1353 3196 se-

329 3238 444 3305 cunda
460 3240 653 3329 coniugatio.
680 3238 719 3302 ln
738 3235 882 3304 secunda
906 3260 1042 3326 persona
1072 3253 1105 3305 et
1133 3239 1231 3303 tertia
1256 3235 1354 3326 plura

329 3342 554 3426 concordant,
576 3360 613 3409 nt
639 3341 709 3409 libo
733 3340 818 3410 libus
839 3341 964 3426 libant,
989 3341 1066 3410 sedo
1095 3342 1187 3411 sedas
1213 3342 1355 3426 sedant,

326 3450 407 3516 sudo
431 3451 528 3518 sudas
556 3448 685 3519 sudant·
712 3450 797 3516 Item
825 3472 926 3515 caneo
952 3472 1048 3517 canes
1074 3466 1218 3533 canent,
1245 3447 1354 3538 polleo

328 3552 430 3640 polles
449 3553 599 3644 pollent,
622 3551 760 3620 frondeo
780 3550 911 3620 frondes
927 3550 1091 3620 frondent·
1109 3554 1149 3620 In
1163 3570 1282 3644 quarta
1304 3577 1358 3619 an-

329 3676 394 3724 tem
417 3658 642 3748 coniugationc
667 3655 811 3725 secunda
839 3673 966 3723 tantum
989 3679 1154 3746 persona,
1179 3673 1216 3721 ut
1238 3655 1355 3724 binnio

329 3763 459 3847 hinnis,
481 3764 583 3830 tinnio
604 3761 703 3828 tinnis
717 3810 728 3845 ,
741 3764 881 3852 grunnio
904 3764 1039 3851 grunnis
1055 3811 1066 3845 ,
1080 3758 1224 3853 grundio
1248 3784 1355 3851 grun-

329 3868 541 3952 dis,‚trinnio
564 3868 699 3952 trinnis,
717 3869 844 3957 grincio
867 3867 1001 3957 grincis·
1022 3867 1108 3936 Sunt
1131 3866 1240 3932 etiam·
1253 3867 1354 3934 verbs

328 3973 491 4041 secundas
517 3974 753 4066 coniugationis
768 4024 780 4058 ,
798 3997 883 4065 qnae
896 3972 1074 4042 indicativo
1093 3971 1191 4058 modo
1206 3948 1356 4062 teinpora

327 4082 505 4172 praeterito
525 4079 690 4173 perlecto,
711 4083 820 4173 prima
838 4103 978 4171 persons
991 4077 1194 4173 spondaeum
1206 4078 1356 4170 gignunt.
