3382 5206
493 577 722 633 cauuarrca
743 578 791 628 rr
809 576 980 631 marmus.
1165 559 1224 624 §aa

229 687 340 754 ..Et
363 681 514 752 Andreas
537 700 648 755 orator
667 714 689 735 ·
710 678 818 763 iilius,
839 680 971 772 inquit,
993 680 1062 769 ipse
1083 678 1248 748 hominu.

231 793 289 886 qui
311 795 397 860 Deus
419 809 469 861 est
489 789 642 858 hominis.
666 822 711 841 -
733 788 910 874 Propterea
931 808 1074 874 namque
1087 784 1146 853 has
1171 782 1250 851 duas

229 896 517 988 metaplasmorum
539 896 661 986 species
689 917 728 962 er
756 914 895 959 numero
917 889 1072 958 notun·
1096 891 1251 983 indagare

231 1024 265 1071 et
287 1000 569 1093 explanare-nisus
590 1023 685 1081 snm,
708 997 785 1088 quia
806 1019 866 1087 per
888 1018 988 1064 omne
1011 1018 1129 1086 corpus
1149 999 1251 1087 poe‘ti·

216 1130 343 1174 *corum
372 1104 536 1173 librorum
570 1105 646 1171 ratis
676 1100 868 1195 frequenter
890 1099 1120 1190 repperiuntur
1143 1103 1251 1168 inser·

227 1231 299 1293 taet
323 1230 356 1280 et
377 1211 440 1278 nisi
462 1213 567 1303 sagaci
590 1206 772 1277 subtilitate
793 1209 1021 1300 praecognitae
1047 1203 1190 1294 inerint,
1204 1207 1252 1275 di-

227 1342 319 1387 versa
342 1317 655 1408 impedimentorum
675 1312 847 1384 obstacula
869 1331 904 1383 et
926 1337 1075 1382 errorum
1106 1311 1249 1382 offendi-

228 1422 301 1512 cula
323 1422 577 1507 scandentibus,
590 1420 679 1491 reiut
701 1423 765 1490 iter
780 1420 1007 1511 carpentibus,
1025 1442 1185 1513 generare
1199 1442 1250 1488 to·

227 1526 308 1601 lent,
332 1526 462 1595 Idcirco
485 1525 628 1594 diversos
656 1549 765 1595 versus
785 1542 967 1593 metrorum
989 1522 1032 1590 ad
1057 1520 1250 1615 synaliphae

226 1631 473 1722 metaplasmum
489 1648 700 1721 congruentes
714 1629 904 1697 catervatim
921 1630 1156 1720 congessimus,
1171 1652 1250 1720 qua·

164 1799 168 1809 .
228 1755 320 1804 tenus
343 1738 392 1804 his
411 1738 612 1829 perspectis,
640 1734 768 1802 nullum
790 1733 947 1826 deinoeps
971 1732 1121 1825 explosae
1142 1730 1251 1803 conli-

227 1842 326 1909 sionis
350 1841 473 1909 chaos,
499 1857 533 1908 et
545 1840 747 1907 latebrosum
771 1837 954 1908 coulractae
967 1837 1158 1933 synaliphae
1185 1837 1249 1906 ha·

228 1945 380 2013 rathrum
404 1945 512 2013 lucem
534 1945 721 2014 scandentis
743 1944 941 2027 confundat,
955 1945 1125 2034 aciemque
1142 1942 1251 2035 legan-

227 2057 268 2119 tis
290 2049 463 2120 obtundat.

272 2159 376 2248 Igitur
404 2155 567 2246 tripertita
592 2155 721 2224 heroici
748 2156 927 2224 hexametri
955 2155 1191 2248 perpendicula
1214 2172 1251 2223 ut

226 2264 346 2330 certius
371 2261 520 2352 cognosci
541 2279 682 2353 queant,
703 2262 911 2352 strictimque
931 2261 1183 2353 summatimque
1196 2283 1247 2326 ex·
1392 2272 1395 2277 “

226 2365 341 2454 pedire
365 2369 532 2453 conabor,
547 2369 636 2452 pient
667 2368 772 2458 prisca
804 2385 963 2435 veterum·
975 2366 1150 2435 auctoritas
1175 2383 1248 2433 tra-

227 2473 350 2542 didisse
381 2492 595 2542 monstratur.
627 2471 753 2544 Videor
778 2475 891 2566 itaque
917 2471 1000 2540 mihi
1029 2472 1093 2540 hoc
1121 2468 1250 2563 planius

225 2594 257 2644 et
284 2579 427 2668 apertius
460 2602 554 2670 posse
582 2577 793 2671 patefacere,
818 2580 845 2647 si
871 2602 933 2670 per
956 2578 1249 2669 interrogationem

225 2702 258 2750 et
280 2685 523 2775 responsionem
553 2685 774 2778 pauxillulum
805 2687 981 2777 reciprocis
1008 2684 1134 2753 vicibus
1157 2682 1250 2753 stilus

225 2790 394 2877 vannus,
418 2789 696 2884 quemadmodum
718 2791 835 2858 heatus
859 2787 1060 2882 Augustinus
1084 2812 1143 2879 per
1164 2789 1248 2855 mni·

223 2915 255 2962 ta
279 2895 444 2966 librorum
465 2920 623 2989 corpora,
642 2896 707 2964 hoc
728 2911 778 2965 est
794 2894 1063 2989 soliloquiorum,
1091 2911 1126 2962 et
1151 2893 1192 2964 de
1211 2894 1249 2962 li·

223 3004 305 3072 hero
333 3004 489 3089 arbitrio,
516 3023 548 3074 et
571 3028 610 3075 eo
636 3028 735 3099 quem
763 3003 805 3073 de
826 3007 980 3096 magistro
1001 3003 1249 3096 praetitulavit»

223 3127 256 3176 at
284 3133 338 3176 sex
361 3107 457 3177 libris
482 3107 524 3177 de
546 3111 670 3180 musica
694 3109 808 3178 secisse
834 3111 1080 3200 conprobatur;
1111 3108 1160 3178 vel
1186 3110 1250 3178 lsi·

225 3213 324 3283 durus
349 3212 475 3282 dnobus
503 3215 724 3284 voluminibus
747 3240 833 3308 quae
855 3239 1036 3308 synonyma
1060 3214 1115 3284 vel
1135 3213 1248 3308 polyo-

224 3343 324 3408 nyma
352 3318 625 3410 praetitulantur:
649 3319 739 3413 quod
754 3345 856 3412 genus
878 3322 1023 3391 dictandi
1047 3323 1090 3389 ah
1112 3322 1248 3393 undeci-

225 3449 279 3490 ma
310 3425 583 3515 appellativorum
605 3428 776 3493 nominum
798 3427 905 3517 specie
934 3425 1127 3495 translatum
1158 3450 1246 3497 reor.

224 3532 295 3597 lloc
316 3529 429 3598 itidem
454 3529 591 3598 Iunilius
619 3529 763 3599 instituta
784 3530 905 3623 regalia
924 3531 966 3619 ⁸,
987 3555 1073 3623 qnae
1097 3547 1116 3597 a
1143 3531 1247 3602 Panlo
1298 3542 1354 3593 ⁸²·
1369 3560 1401 3590 ··

224 3660 318 3725 persa
337 3636 497 3728 Syrorum
519 3634 641 3702 scholia
654 3638 782 3704 naviter
799 3639 959 3706 instructu
979 3637 1158 3705 didicerat,
1177 3638 1247 3706 Pri·
1306 3621 1333 3649 '⁰

225 3743 324 3808 masio
349 3739 434 3809 sedis
458 3739 651 3831 apostolicae
675 3741 821 3831 pontifici
845 3743 1012 3824 scrihena3
1034 3767 1079 3811 ne
1112 3742 1250 3836 aliqua,

224 3849 357 3940 inquit,
381 3846 525 3916 conlusio
551 3874 611 3940 per
636 3850 897 3942 antiquariorum
922 3868 957 3919 ut
984 3850 1109 3920 adsolet
1130 3849 1249 3944 negle-

226 3954 369 4041 gentiam
404 3953 615 4044 proveniret,
640 3956 796 4047 magistro
822 3956 901 4040 ·M·,
924 3979 1077 4048 graecam
1104 3953 1249 4024 litteram

227 4056 399 4149 discipulis
421 4070 445 4121 Δ
466 4058 657 4148 praeposui,
675 4076 711 4127 ut
732 4061 913 4156 peregrinis
934 4059 1200 4147 characteribus,
1216 4075 1249 4142 pt
