3382 5206
349 610 403 703 44
725 629 874 683 rrrsrom
893 632 942 678 m.

320 740 453 815 tionem
465 738 749 815 modiindicativi
761 740 925 839 temporis
936 739 1122 839 praesentis
1142 737 1218 813 loco
1238 739 1346 837 serip-
1415 835 1419 842 Ι

325 875 379 931 tor
397 859 563 958 imposuit
574 916 583 948 ‚
594 858 734 934 dicens:
751 872 776 903 “
787 859 872 931 haee
892 858 1007 946 vobis,
1027 858 1152 947 amici,
1169 858 1269 958 quasi
1283 885 1343 956 po·

326 1033 351 1066 ‚‚
376 979 453 1079 puli
477 978 546 1052 mei
564 978 650 1051 filiis
674 978 858 1075 diligenter
883 977 1031 1051 emando
1056 994 1091 1050 et
1115 979 1343 1078 scripsero„

320 1095 446 1198 Neque
468 1098 563 1172 enim
587 1096 801 1173 eredendum
821 1115 872 1171 est
890 1099 1034 1172 doctum
1057 1098 1173 1172 virum
1194 1099 1342 1198 (aiunt)

321 1242 404 1290 cum
422 1218 651 1317 copulativam
669 1218 954 1292 coniunctionem
972 1219 1248 1318 interposuerit,
1268 1245 1342 1291 non

323 1335 394 1411 duo
413 1337 608 1437 praesentia·
623 1340 726 1412 verba
746 1339 945 1413 confecisse.
960 1337 1068 1412 Unde
1089 1340 1246 1412 etmulti
1268 1340 1313 1438 (a)
1333 1394 1342 1425 ,

323 1471 521 1529 nostrorum
532 1456 678 1530 maxime
691 1456 872 1531 Gallorum
886 1460 937 1558 (r)
949 1514 958 1546 ,
970 1457 1038 1530 hoc
1051 1458 1196 1530 verbum
1210 1458 1341 1557 primae

323 1576 574 1674 coniugationis
586 1606 658 1651 esse
671 1579 859 1677 opinantur
871 1635 881 1666 ‚
895 1595 936 1651 ut
948 1578 1068 1659 dicant
1085 1606 1184 1677 saepe
1199 1577 1343 1678 scripse·

322 1695 394 1768 ravi
413 1713 448 1768 et
467 1697 677 1797 scripseraho
699 1716 732 1771 et
753 1699 956 1798 scripserare
978 1755 987 1787 ‚
1008 1714 1043 1770 et
1063 1713 1185 1771 cetera.
1208 1695 1271 1771 Sic
1293 1714 1340 1770 et-

324 1814 392 1887 iarn
417 1815 455 1887 in
479 1817 688 1916 quibusdam
709 1817 891 1892 Gallorum
909 1834 1108 1891 nostrerum
1132 1817 1265 1916 scriptis
1289 1817 1341 1888 in-

323 1933 481 2008 venimus
502 1964 614 2010 canno
632 1995 642 2026 ‚
660 1964 742 2035 eum
761 1967 824 2013 nos
844 1968 931 2013 cano
951 1939 1100 2012 scribere
1121 1964 1341 2010 consuemus.

323 2047 485 2152 Denique
506 2051 664 2129 bientius
683 2057 825 2157 quidam
845 2057 1060 2158 epistolarem
1088 2084 1252 2129 exercens
1272 2082 1342 2128 ma·

322 2196 410 2243 num
428 2173 554 2248 talibus
574 2176 686 2249 utitur
714 2177 845 2253 initiis:
866 2191 891 2223 “
916 2175 1080 2250 cannenti
1107 2173 1249 2249 domino
1278 2171 1341 2246 Se-

322 2318 407 2365 reno
430 2293 491 2393 (h).
516 2351 540 2389 ν
564 2293 741 2369 Cannenti
760 2296 876 2396 posuit
894 2324 957 2395 pro
978 2295 1125 2369 canenti.

406 2435 461 2485 ro.
481 2410 682 2488 lnchoativa
700 2416 810 2488 forma
830 2432 881 2488 est
900 2443 988 2516 quae
1003 2414 1161 2486 inchoari
1176 2412 1338 2513 quidem,

321 2529 382 2601 sed
402 2558 473 2605 non
494 2534 591 2607 finiri
609 2535 756 2611 videtur.
766 2536 921 2633 Quidam
940 2563 1012 2608 non
1032 2535 1262 2608 inchoativam
1281 2533 1343 2606 sed

321 2645 527 2722 defectivam
545 2652 666 2727 volunt
685 2664 799 2727 vocari
815 2655 982 2742 formam,
994 2652 1088 2753 quod
1107 2652 1236 2725 scilicet
1253 2668 1339 2723 tem-

323 2767 464 2867 poribus
484 2763 646 2869 deficiat3
668 2774 762 2873 quod
774 2791 809 2847 et
820 2802 883 2871 ego
894 2801 1032 2873 quoque
1053 2799 1260 2871 magnopere
1281 2771 1338 2843 ad-

322 2889 474 2966 sentior.
497 2889 650 2987 Quidam
676 2912 792 2970 tamen
823 2895 913 2967 hanc
938 2894 1085 2965 formam
1109 2891 1338 2964 inchoativam

322 3033 398 3081 non
416 3009 460 3081 ob
480 3009 546 3082 hoe
566 3011 751 3084 dicendam
769 3028 917 3112 putant,
937 3010 1030 3111 quod
1052 3009 1262 3108 temporibus
1281 3010 1339 3081 de-

322 3125 415 3198 ficiat
435 3127 766 3225 declinandis3eum
780 3158 878 3230 saepe
900 3129 1072 3229 repperire
1093 3157 1129 3200 se
1149 3127 1267 3199 dicant
1284 3156 1338 3200 ca·

322 3242 414 3316 lesco
435 3245 526 3319 calui
548 3303 558 3336 ‚
579 3248 731 3321 fervesco
750 3249 861 3321 fervui
885 3305 894 3337 ,
920 3274 1093 3320 marcesco
1111 3247 1246 3319 morcui
1269 3303 1279 3336 ,
1299 3246 1339 3318 li·

325 3389 453 3461 quesco
474 3363 589 3464 liqui,
617 3395 770 3471 sarcesco
796 3367 910 3440 sarcui
935 3424 944 3455 ‚
970 3383 1104 3439 taeesco
1132 3365 1251 3460 tacui3
1276 3365 1336 3437 sed

285 3563 292 3578 ι
320 3484 433 3579 fluum
454 3486 641 3582 praesentis
660 3485 823 3584 temporis
842 3482 997 3558 litteralis
1016 3482 1339 3581 declinatioaprae·

320 3600 420 3672 terito
439 3601 633 3703 discrepare
654 3606 810 3678 videatur
824 3604 973 3694 ‚ideireo
986 3603 1214 3676 inchoativam
1225 3603 1336 3674 nomi-

321 3720 396 3791 nari
416 3719 540 3796 debere
567 3742 709 3798 censent
731 3728 789 3826 (c).
812 3723 953 3820 Quibus
974 3752 1015 3797 ex
1039 3722 1209 3795 maiorum
1235 3722 1338 3793 tradi·

320 3837 414 3911 tione
435 3839 595 3916 facillime
615 3843 899 3943 respondebimus
924 3871 998 3915 non
1023 3869 1095 3914 esse
1120 3841 1209 3913 hane
1236 3839 1338 3912 ratio·

398 3991 435 4053 (Ι)
453 3995 506 4041 Col.
524 3998 659 4042 multorum·
693 3994 732 4058 (b)
751 3998 806 4043 cod.
823 3997 925 4045 Serrano·
958 3993 995 4058 (e)
1013 3997 1070 4044 cod.
1087 4003 1208 4040 censerant.

399 4103 446 4172 (1)
466 4105 533 4172 Ergo
552 4106 697 4173 gallicanus
716 4108 803 4180 patria
822 4106 951 4178 Virgilius
970 4104 1030 4158 fuit·
