3382 5206
360 545 412 640 84
742 568 894 616 srrsross
919 569 948 616 v.

331 677 474 752 decet?
502 672 612 750 'l'une
641 675 687 750 ad
714 698 772 748 me
803 675 997 749 subridens
1025 675 1100 753 ait:
1125 702 1258 749 moneo
1284 692 1348 763 te,

331 782 409 887 fill,
436 825 483 871 ne
504 796 744 871 similitudine
764 796 884 898 aliqua
904 797 1114 873 seducaris:
1140 796 1246 870 multi
1275 813 1348 869 ete·

221 960 227 969 -
331 916 410 990 nim
424 943 501 990 non
519 915 773 1012 intellegentes
786 914 860 988 vim
875 914 1008 988 latinae
1025 913 1221 1003 orationis,
1241 914 1346 988 ducti

332 1033 601 1123 similitudine,
625 1049 746 1132 partes
770 1061 834 1133 pro
857 1032 1023 1132 partibus
1048 1049 1193 1132 ponunt
1212 1062 1223 1128 ς
1249 1033 1347 1106 sieut

333 1151 520 1242 ettillud,
547 1150 647 1253 qued
678 1178 784 1251 saepe
815 1151 934 1249 legere
966 1150 1123 1227 solemus
1152 1151 1349 1250 inpresen-

310 1273 477 1347 ‘tiarum
508 1270 778 1359 confundunt,
813 1270 1021 1345 nescientes
1053 1269 1143 1371 quid
1176 1269 1255 1359 sit,
1287 1269 1348 1343 de·

332 1407 442 1466 munt
461 1406 659 1464 extremam
676 1388 871 1488 syllabam,
891 1405 934 1462 ut
951 1406 1091 1487 ponant
1111 1387 1160 1460 in
1180 1416 1347 1487 praesen-

333 1508 419 1598 tia,
438 1507 617 1581 facientes
634 1506 830 1580 ablativum
854 1532 979 1579 essum
1008 1533 1092 1580 eum
1113 1507 1347 1605 praepositio·

333 1654 382 1702 ns
395 1684 405 1718 ,
418 1628 517 1728 quod
532 1626 682 1700 omnino
696 1625 917 1700 conveniens
929 1653 1006 1700 non
1019 1642 1083 1701 est.
1093 1625 1187 1699 Nam
1199 1626 1348 1725 inprae-

327 1746 668 1821 sentiarum-unum
687 1745 899 1821 adverbium
910 1746 998 1820 lacit
1010 1746 1279 1845 temporale,ut
1299 1746 1346 1819 sit

335 1866 441 1968 quasi
459 1866 682 1966 praesentim
701 1864 817 1939 simile
841 1867 907 1965 (ψ
927 1882 964 1940 et
983 1865 1022 1937 in
1033 1865 1223 1939 hoemodo
1243 1865 1349 1939 sedu-

336 2002 495 2075 cuntur,
511 1985 596 2087 quia
607 2001 740 2086 putant
753 1984 862 2081 gratis
878 1985 928 2085 (b)
943 1984 1099 2060 decens·
1114 1985 1348 2085 participium

336 2133 426 2182 esse.
451 2104 547 2181 Nam
564 2107 655 2180 haec
672 2107 807 2194 verba,
835 2133 928 2204 quae
952 2103 1156 2180 seeundum
1175 2132 1349 2205 personas

335 2222 542 2312 deliciunt,
562 2240 606 2299 ut
632 2223 760 2311 decet,
781 2239 951 2324 oportet,
971 2224 1117 2314 taedet,
1138 2241 1176 2297 et
1203 2241 1349 2314 cetera,

335 2340 526 2442 participia
549 2341 651 2415 nulla
675 2342 822 2415 habent.
843 2339 1126 2441 Superestergo
1146 2357 1189 2416 ut
1213 2342 1350 2416 decens

337 2460 526 2560 intellegas
550 2488 686 2535 nomen
707 2489 784 2535 esse
806 2460 1027 2534 adiectivum
1042 2517 1051 2548 ,
1069 2461 1251 2562 participii
1273 2463 1352 2564 qui·

338 2581 421 2655 dem
435 2581 571 2671 simile,
591 2581 687 2655 sicut
702 2597 739 2654 et
756 2581 984 2672 condecens,
1003 2582 1199 2671 indecens,
1221 2600 1257 2656 et
1273 2612 1352 2684 per·

338 2699 485 2774 decens.
506 2697 605 2772 Haec
623 2696 778 2772 Aeneas.
798 2697 938 2772 Verum
957 2700 1127 2801 quoniam
1143 2699 1189 2772 de
1207 2700 1352 2799 partici-

337 2819 397 2921 pio
426 2837 464 2893 et
489 2819 528 2891 in
554 2820 625 2893 hoe
652 2835 689 2892 et
714 2819 754 2891 in
781 2846 890 2919 supra
915 2835 1114 2892 memorato
1139 2848 1243 2918 saepe
1266 2848 1352 2919 opu-

331 2939 441 3015 sculo
468 2939 693 3014 sufficienter
724 2937 957 3012 edisseruisse
980 2966 1038 3012 me
1069 2938 1260 3029 arbitror,
1293 2967 1352 3047 op·

338 3076 541 3161 pertunum
566 3059 654 3134 huie
680 3058 851 3158 epistolae
877 3060 989 3133 finem
1015 3058 1117 3132 dabo.

557 3324 708 3373 Exstruit
732 3322 853 3387 QUlN'l'd
878 3327 920 3373 DE
946 3324 1137 3375 Ptltrtctt’m.
