3382 5206
595 625 824 679 cnanuarrca
850 629 897 676 rr
920 624 1085 675 uranica.
1267 605 1330 694 567

331 725 421 794 tandi
442 725 667 808 litandorum,
691 732 737 798 sic
760 727 1008 811 docendorum,
1031 724 1268 818 legendorum,
1292 750 1347 793 re·

329 834 534 922 gendarum,
562 837 791 928 gerendorum.
821 847 855 903 Δ.
883 831 1093 922 Antespastus
1119 856 1185 925 quo
1211 849 1350 902 accentu

330 937 524 1027 profertur?
547 943 593 1010 M.
618 941 787 1008 interdum
813 943 964 1007 acuitur,
989 956 1026 1007 ut
1049 938 1267 1029 tepescentis,
1291 954 1348 1005 ta-

328 1046 510 1114 bescentis,
532 1051 719 1115 acescentis.
746 1049 1002 1139 Nonnumquam
1023 1069 1101 1114 vero
1123 1046 1354 1113 circumflecti-

328 1166 404 1233 tur,
430 1169 466 1217 ut
490 1152 691 1242 paludatus,
717 1152 950 1241 palumbinus,
978 1148 1196 1221 columbinus.
1223 1150 1351 1216 Harum

329 1274 438 1323 atatem
464 1282 576 1325 rernm
599 1262 682 1326 ratio
710 1277 820 1325 utrum
845 1274 942 1326 acuto
967 1284 1009 1326 an
1032 1257 1243 1326 circumflexo
1269 1278 1353 1346 pro·

331 1365 518 1431 nuntietur,
536 1382 688 1431 accentus
704 1365 821 1454 positio
844 1362 898 1429 vel
917 1362 1127 1430 natnrn‘luce
1146 1360 1266 1428 clarius
1288 1380 1355 1426 ma·

331 1467 490 1536 nisestant.
514 1472 576 1537 Hic
594 1494 654 1559 pro
675 1495 780 1561 nequa
801 1468 968 1536 divisionis
983 1471 1091 1559 specie
1108 1483 1353 1559 sequestratur,

332 1570 409 1638 dum
432 1577 513 1643 arsis
535 1593 568 1641 et
590 1575 690 1643 thesis
712 1575 846 1666 paribus
867 1592 1050 1665 temporum
1070 1573 1199 1667 legibus
1218 1597 1353 1642 concor-

331 1678 436 1747 dant,
462 1681 565 1749 idest
590 1680 740 1771 ternis:ct
762 1682 873 1749 ternis.

701 1895 749 1959 Dc
772 1892 976 1959 choriambo.

395 2114 430 2167 Δ.
463 2101 682 2170 Choriambus
705 2104 792 2170 unde
823 2100 1019 2168 vocabulum
1041 2102 1173 2169 sortitus
1194 2096 1268 2174 est?
1298 2101 1350 2168 M.

327 2209 408 2293 Quia
424 2232 460 2274 ex
476 2208 596 2274 choreo
609 2227 642 2277 et
658 2208 769 2274 iambo
782 2206 900 2296 simpla
920 2206 1042 2297 pedum
1055 2224 1220 2276 structura
1240 2208 1275 2273 in
1294 2205 1354 2273 du·

328 2311 416 2402 plum
432 2317 612 2404 genrinatus
627 2330 772 2381 constat:
790 2313 927 2382 choreus
946 2315 1070 2406 quippe
1089 2314 1263 2381 trochaeus
1280 2334 1353 2404 cog·

327 2438 480 2485 nomento
500 2438 715 2510 rruacnpatur.
733 2433 766 2486 Δ.
784 2417 941 2509 Exempla
964 2419 1156 2487 choriambo
1174 2441 1354 2509 congruen-

329 2525 370 2587 tia
386 2547 469 2614 cong
480 2549 575 2591 frere,
587 2549 704 2614 quaeso
714 2574 724 2606 ,
734 2534 799 2590 n'on
813 2549 950 2592 recuses.
962 2525 1009 2592 M.
1019 2524 1253 2613 Omnipotens,
1266 2524 1349 2615 igni·

329 2648 470 2717 potens,
493 2632 725 2718 pinnipotens,
750 2633 979 2720 armipotens,
1006 2631 1212 2699 arcitenens,
1237 2653 1350 2695 mesa-

331 2736 417 2802 ries,
442 2735 598 2817 canities,
620 2736 814 2824 progenies,
834 2738 971 2804 esuries,
991 2733 1158 2824 planities,
1179 2732 1351 2812 luxuries;

329 2860 363 2907 ut
387 2845 421 2908 in
446 2846 604 2935 georgicis
629 2859 644 2894 ὲ
668 2843 830 2910 luxuriem
854 2862 997 2936 segetum
1018 2861 1129 2911 tenera
1150 2843 1295 2934 depascit
1317 2842 1354 2908 in

329 2947 457 3025 herba3
482 2985 517 3000 ·-·
541 2951 735 3036 temperies,
763 2949 941 3039 segnities,
965 2947 1137 3016 calvities,
1161 2947 1347 3039 ingluvies,

329 3052 491 3136 inluvies,
516 3056 701 3122 sinceritas,
729 3057 923 3143 posteritns;
943 3071 980 3121 ut
1002 3053 1086 3120 illud
1109 3090 1127 3104 ·
1150 3070 1182 3122 et
1203 3055 1245 3120 sit
1265 3054 1353 3143 prit-

328 3182 441 3224 corum
458 3163 565 3226 nescia
584 3164 774 3249 posteritas;
798 3198 816 3211 -
838 3161 1032 3229 crudelitas,
1050 3158 1227 3228 sedulitas,
1248 3161 1353 3229 ebrie·

328 3284 374 3330 tas
391 3317 400 3348 ,
419 3268 605 3335 sobrietas,
626 3268 841 3358 simplicitas,
866 3269 1065 3359 duplicitas,
1091 3268 1265 3358 impietas,
1289 3290 1351 3336 no-

329 3369 461 3437 bilitas,
487 3371 636 3438 ntilitas,
668 3372 852 3442 calliditas,
878 3377 1056 3463 asperitas,
1081 3373 1275 3464 virginitas.
1305 3370 1353 3438 Ut

327 3476 467 3562 Prosper
492 3475 526 3541 in
549 3476 837 3565 epigrammatibus
859 3515 877 3529 -
901 3504 962 3544 uec
987 3478 1095 3544 crucis
1117 3477 1278 3566 asperitas
1296 3500 1356 3566 po·

328 3580 389 3642 tuit
412 3596 535 3646 terrere
561 3579 733 3648 volentem.
757 3618 792 3631 ·-
816 3583 862 3648 Ea
884 3583 934 3649 lais
956 3606 1042 3673 quae
1066 3584 1183 3648 tertiae
1205 3580 1355 3648 declina·

326 3686 420 3750 tionis
433 3703 508 3751 sunt
525 3704 711 3775 pentaptota
726 3690 902 3756 certissime
917 3688 1015 3756 liunt=
1036 3712 1123 3780 quae
1135 3705 1245 3757 autem
1259 3690 1354 3780 quin·

327 3806 378 3853 tae
398 3787 539 3857 luerint,
560 3791 601 3856 ad
621 3809 828 3881 tetraptotam
848 3792 1025 3859 formulam
1043 3792 1248 3884 rediguntur.
1263 3794 1350 3863 Item

325 3897 457 3962 nomina
480 3895 627 3965 seminini
651 3902 777 3988 generis
800 3900 960 3990 singulari
981 3924 1118 3968 numero
1143 3893 1291 3967 carentia
1312 3899 1356 3967 ad

328 3999 554 4068 choriambum
581 4004 807 4092 pertinentia,
837 4021 873 4070 ut
894 4006 1052 4090 exuviae,
1083 4004 1244 4088 deliciae,
1265 4003 1348 4072 divi·

326 4105 413 4174 tiae,
440 4106 605 4193 inseriae,
627 4106 832 4194 blanditiae,
859 4108 1054 4200 primitiae,
1087 4107 1226 4180 insidiae
1246 4156 1259 4194 ,
1282 4133 1358 4181 exa.-
