3382 5206
621 509 685 579 ⁵62
922 533 949 578 s.
974 527 1153 580 suourtnu
1179 532 1223 581 ur
1248 531 1291 580 ar

590 628 727 715 ricula,
751 629 906 714 avicula,
927 628 1087 714 fidicula,
1112 628 1280 715 cuticula,
1305 627 1495 717 crucicula,
1524 632 1628 700 beni·

593 736 685 821 vola,
711 735 889 820 malivola,
909 736 1078 826 lapideus,
1096 736 1276 828 equuleus,
1300 738 1456 824 actilens,
1480 742 1631 825 itinera,

593 843 740 911 facinora
752 892 763 929 ,
777 842 963 934 pelagicus,
983 840 1159 931 puerulus,
1176 843 1357 933 manipulus
1382 844 1471 935 quod
1498 871 1625 915 nomen

595 953 630 1018 in
657 949 819 1044 dactylico
841 951 1029 1019 hexametro
1051 953 1214 1043 integrum
1234 976 1298 1018 non
1321 955 1489 1044 congruit,
1515 953 1625 1019 idcir—

593 1081 633 1126 co
660 1057 847 1148 saepissime
875 1081 893 1122 a
920 1057 1021 1146 po‘e'tis
1048 1080 1107 1146 per
1134 1081 1311 1148 syncopam
1338 1056 1458 1126 vocalis
1490 1085 1536 1124 ιιι·
1563 1083 1625 1125 ex-

592 1164 751 1256 ploditur.
777 1163 933 1234 Sedulius
958 1201 993 1214 ·-
1015 1181 1181 1254 portantes
1200 1182 1310 1233 nostro
1335 1163 1466 1233 Christo
1487 1172 1624 1234 venien-

593 1290 626 1341 te
653 1270 822 1363 maniplos
850 1307 889 1325 -·
916 1271 1079 1362 Vergilius
1108 1306 1141 1320 ··
1168 1295 1233 1338 non
1254 1295 1311 1337 ore
1334 1270 1438 1339 soluto
1464 1274 1622 1341 inmundi

594 1382 772 1448 meminere
798 1403 868 1446 sues
893 1380 1013 1448 iactare
1037 1375 1197 1467 maniplos
1212 1402 1222 1456 ς
1239 1415 1276 1428 --
1300 1378 1520 1469 geniculum,
1544 1381 1623 1447 lati-

593 1485 737 1556 bulum,
769 1483 966 1579 patibulum.
994 1485 1084 1555 Solet
1115 1487 1213 1553 etiam
1239 1486 1403 1552 interdum
1430 1489 1624 1576 proceleus-

595 1593 732 1659 maticus
753 1618 772 1657 a
791 1593 886 1660 tertia
910 1589 1129 1659 declinatione
1149 1615 1207 1679 per
1226 1590 1375 1683 obliquos
1393 1617 1484 1658 casus
1509 1593 1623 1660 dativo

595 1715 629 1766 ct
652 1698 796 1767 ablativo
822 1698 1000 1790 progigni,
1026 1715 1061 1763 ut
1090 1697 1301 1781 nemoribus,
1328 1699 1507 1788 operibus,
1537 1724 1623 1766 one-

593 1804 710 1889 ribus,
734 1804 910 1872 lateribuss
927 1802 1103 1870 comitibus
1117 1850 1128 1886 ,
1141 1803 1323 1893 segetibus,
1344 1804 1532 1887 cineribus,
1546 1830 1622 1870 sce-

593 1908 740 1994 leribus,
766 1909 964 1999 pecoribus,
990 1906 1177 1997 leporibus,
1201 1909 1395 2000 generibus,
1418 1910 1618 2000 gracilibus,

594 2013 773 2100 facilibus,
796 2014 963 2108 agilibus,
988 2016 1172 2084 teretibus,
1200 2017 1393 2099 veteribus,
1416 2019 1621 2107 proceribus.

575 2170 577 2175 ·
593 2121 722 2189 Genera
746 2122 926 2188 verborum
944 2122 1102 2189 concordi
1121 2121 1272 2214 suffragio
1285 2121 1556 2211 proceleumatici
1571 2147 1622 2190 re

593 2223 678 2316 gulis
703 2225 931 2294 obsecundare
955 2244 1164 2310 noscuntur,
1188 2244 1222 2293 ut
1245 2229 1423 2310 misereor,
1448 2227 1622 2315 opitulor,

593 2334 714 2401 arieto,
728 2333 888 2402 humilio,
907 2337 1040 2424 aperio,
1059 2336 1192 2421 operio,
1217 2333 1366 2423 reperio,
1387 2333 1521 2422 sepelio.
1542 2336 1621 2402 Un-

596 2437 637 2506 de
663 2442 804 2528 Prosper
830 2438 972 2531 elegiaco
996 2464 1093 2507 versu
1118 2463 1184 2506 non
1211 2438 1365 2506 desonam
1393 2437 1531 2526 protulit
1549 2438 1618 2528 syl-

594 2542 746 2609 labarum
769 2542 916 2634 regulam
939 2543 1050 2612 dicens
1074 2577 1112 2594 -
1133 2542 1236 2634 fitque
1258 2567 1358 2610 novus
1389 2545 1462 2608 vita.
1481 2542 1620 2610 --Suh·

594 2652 758 2717 iunctivus
785 2673 914 2740 quoque
948 2666 1095 2740 tempore
1124 2651 1298 2739 praeterito
1324 2647 1467 2740 perlecto
1498 2673 1621 2738 proce·

595 2751 769 2822 leumatico
800 2755 995 2844 suffragatur
1026 2780 1044 2819 a
1071 2753 1214 2821 secunda
1244 2753 1414 2820 dumtaxat
1441 2752 1492 2820 vel
1520 2757 1618 2820 tertia

595 2859 847 2949 coniugationes
874 2876 910 2923 ut
936 2857 1124 2943 docuerim,
1149 2859 1339 2943 timuerim,
1368 2859 1548 2948 viguerim,
1565 2861 1620 2925 ha-

596 2964 746 3033 buerim,
773 2965 973 3053 stupuerim.
987 2965 1032 3033 Ut
1053 2966 1190 3031 --sicca
1214 2965 1401 3055 peregrinas
1421 2982 1621 3052 stupuerunt

595 3091 758 3135 marmora
774 3068 898 3158 plantas
912 3105 930 3118 -
940 3067 1117 3137 Scauditut·
1140 3085 1280 3158 nastupu
1293 3105 1312 3117 -
1328 3066 1491 3158 dactylus;
1506 3087 1618 3157 patue-

546 3230 549 3235 .
595 3178 687 3262 rim,
709 3175 887 3262 latuerim,
909 3177 1077 3244 statuerim
1097 3198 1108 3252 ;
1133 3190 1168 3239 nt
1194 3211 1228 3225 --
1250 3199 1326 3242 nam
1341 3166 1459 3242 'statuit
1487 3178 1619 3265 genitor

595 3307 725 3359 rerum
750 3320 786 3334 -·
808 3283 997 3373 rapuerim,
1019 3281 1217 3363 tribuerim,
1241 3283 1434 3362 metuerim,
1458 3282 1620 3370 nequive-

594 3393 668 3455 rim.
693 3391 778 3458 Nam
803 3416 841 3456 ιε·
865 3391 898 3455 ἰιι
922 3387 1104 3479 penultimo
1132 3386 1331 3454 subiunctisi
1354 3385 1441 3451 modi
1469 3404 1620 3475 tempore

594 3495 740 3587 perfecto
765 3500 941 3587 praeterito
955 3520 1084 3585 semper
1106 3495 1300 3584 corripitur,
1320 3511 1355 3558 ut
1367 3494 1529 3558 Prisciani
1545 3518 1620 3559 auc-

594 3608 707 3670 toritas
732 3604 900 3694 approbat.
927 3618 959 3670 Δ.
984 3605 1033 3668 [la
1059 3600 1222 3667 divisionis
1245 3617 1275 3667 et
1300 3602 1484 3689 partitionis
1509 3598 1622 3690 quali-

594 3727 702 3785 tatem.
729 3713 775 3775 M·
793 3708 910 3801 Aequa
935 3708 1136 3774 discretionis
1163 3704 1301 3771 sot-mula
1327 3704 1621 3794 proceleumaticus

596 3818 849 3884 discriminatur.
875 3815 1002 3882 ldeirco
1022 3816 1101 3878 arsis
1122 3832 1151 3877 rt
1172 3811 1271 3877 thesis
1291 3836 1394 3901 aequa
1415 3809 1620 3900 syllabarum

594 3924 714 3986 trutina
741 3941 773 3988 et
797 3924 1026 4012 aequiperante
1045 3935 1230 4006 temporum
1256 3917 1367 4005 exagio
1388 3918 1514 4005 pariter
1538 3943 1623 4006 pou·

584 4026 810 4112 derabuutur,
838 4029 899 4095 hoc
922 4027 1064 4092 cstbino
1089 4042 1121 4092 et
1147 4025 1234 4091 bino.
1260 4037 1294 4089 rt.
1313 4026 1384 4109 Quo
1410 4014 1530 4112 tenore¹
1548 4049 1621 4115 pro-
