3382 5206
373 503 445 597 448
705 528 874 580 ronauurs
903 533 1006 583 scorr

348 627 504 721 Undique
531 632 714 699 turicremis
734 630 885 701 redolent
908 633 1023 702 altaria
1051 634 1146 706 funis

346 734 537 803 Hermonici
561 754 673 805 cantus
697 737 860 805 θιασωτῦν
872 739 923 833 (ι)
937 741 1042 810 sidere
1061 741 1210 832 pulsant,

345 839 461 907 Officio
487 859 598 909 vatum
618 844 667 934 (a)
693 847 892 914 sanctissime
917 871 1016 917 caena
1042 865 1188 939 paratur.
1390 870 1448 916 no.

718 1054 906 1126 CARMEN
928 1059 991 1126 XI.

462 1264 597 1335 Oblatio
619 1268 726 1357 operis
749 1266 932 1361 dionysiani
954 1268 1079 1338 Karolu
1100 1271 1170 1362 regi
1186 1271 1248 1361 (3).

343 1411 467 1549 Hanc
487 1479 591 1548 libam
607 1483 653 1570 (a)
675 1504 767 1549 sacro
788 1483 993 1551 Graecorum
1015 1500 1147 1551 nectare
1176 1483 1295 1553 farum

406 1585 547 1657 Aduena
568 1587 729 1656 lohannes
752 1588 867 1652 uetera
890 1612 963 1657 meo
987 1587 1120 1658 Karolo.

337 1696 478 1764 Maxime
501 1696 744 1783 Francigenum
769 1697 822 1762 oui
844 1698 935 1789 regia
957 1713 1128 1763 stemmata
1151 1696 1294 1791 fulgent,

403 1803 544 1871 Munera
566 1800 703 1872 vociferi
720 1801 772 1890 (b)
795 1807 859 1871 siut
879 1804 942 1870 tibi
964 1822 1057 1897 grata
1083 1807 1142 1874 tui.

335 1915 403 1984 Vos
427 1912 485 2004 qui
509 1907 670 1977 romuleas
692 1911 823 1978 nescitis
846 1927 1014 2000 tempnere
1036 1911 1192 1998 technas,
1387 1913 1419 1976 5.

403 2013 579 2084 Atticene
601 2018 709 2108 pigeat
731 2041 859 2084 sumere
881 2017 1059 2107 ψωθία.

334 2122 481 2209 Quorum
502 2124 529 2190 si
552 2121 714 2214 quaedum
736 2145 795 2210 per
817 2145 871 2188 me
891 2119 1035 2187 scintilla
1058 2117 1211 2204 relucet,

400 2227 523 2295 Usibus
546 2226 684 2294 ausoniis
707 2226 733 2293 si
756 2224 838 2291 libet
861 2226 1000 2314 accipite
1016 2229 1072 2304 (c).

332 2331 508 2401 Molestum
530 2335 558 2398 si
580 2356 647 2399 uon
669 2348 819 2399 nostrum
840 2332 969 2398 munire
992 2328 1163 2416 laborem,

399 2440 427 2506 F
429 2439 566 2505 irmetur
588 2436 686 2504 vestri
709 2435 854 2525 pondere
876 2433 1001 2503 iudicii.

331 2544 366 2614 Si
391 2545 472 2637 quid
495 2543 656 2611 nodosum
680 2542 841 2608 durumve
864 2559 997 2609 notatur
1019 2545 1055 2608 in
1077 2544 1165 2631 ipso,

397 2649 524 2716 Parcite
548 2645 755 2735 Cecropidis,
778 2646 876 2712 attica
898 2644 963 2714 tela
981 2645 1032 2731 (d)
1055 2672 1185 2737 sequor.

329 2756 376 2825 At
398 2759 424 2825 si
449 2754 621 2823 mendosus
644 2750 786 2820 declinat
808 2754 938 2820 tramite
961 2772 1069 2840 recto,

397 2861 557 2930 Mellifluo
580 2876 686 2928 vestro
709 2857 832 2927 lamine
852 2861 1015 2950 corrigite.

325 2966 422 3057 Quod
444 2970 471 3035 si
495 2965 703 3057 quorundam
724 2966 902 3034 mordebor
923 2966 968 3055 (c)
994 2965 1092 3033 deute
1115 2965 1244 3053 feroci,
1387 2973 1436 3038 15.

394 3076 466 3143 Hoc
484 3073 575 3150 leve3
600 3095 743 3162 namque
770 3094 841 3138 meo
872 3072 1010 3164 contigit
1033 3073 1249 3163 Hieronymo.

394 3222 433 3288 (ι)
450 3226 533 3272 Glorsr
548 3225 698 3270 oblationem.
731 3221 771 3288 (b)
788 3229 864 3270 Usrer.
881 3231 986 3284 vote'Jerr'·
1018 3224 1054 3289 (c)
1071 3225 1133 3271 ursle
1143 3230 1222 3270 Urser.
1232 3232 1347 3286 aspicite.

396 3305 435 3364 (d)
454 3309 513 3349 rimu
530 3294 702 3348 salniense.
736 3299 773 3363 (e)
790 3305 868 3346 Urser·
885 3301 1018 3346 mordetur·

398 3431 443 3504 (ι)
465 3430 560 3485 Glossa
578 3428 799 3481 dr'lauduntium.

394 3522 436 3591 (a)
455 3518 644 3573 secerdotum.
660 3526 690 3570 ut
710 3516 738 3569 in
748 3516 905 3570 christianis
922 3516 1142 3590 inscriptionibus
1153 3536 1168 3571 a
1179 3518 1324 3573 meeditis.

395 3601 443 3674 (3)
475 3604 530 3658 lloc
558 3603 719 3674 poematium
747 3621 821 3657 sumo
853 3622 886 3658 ex
914 3604 1018 3658 duobus
1045 3605 1177 3661 vaticanis
1206 3605 1349 3661 codicibus

322 3710 391 3748 saec.
411 3692 482 3744 Xlll.
502 3700 549 3743 eut
566 3690 645 3748 xlv,
666 3690 812 3761 inquibus
837 3702 879 3744 est
903 3693 1030 3746 lobannis
1056 3693 1129 3748 Secti
1154 3694 1351 3764 interpretatio

320 3797 428 3852 operum
446 3781 472 3831 S·
491 3778 613 3847 Dionysii
633 3779 807 3849 areopagitae·
827 3779 923 3832 Edidit
941 3779 992 3834 boe
1011 3779 1119 3849 quidem
1141 3798 1248 3832 carmen
1266 3780 1351 3836 Usse-

320 3869 375 3922 rius
397 3868 424 3921 in
442 3866 560 3939 epistulis
579 3866 725 3920 hibernicis
743 3886 769 3939 p·
788 3869 840 3933 dos
851 3868 897 3921 sed
912 3869 978 3921 mihi
993 3869 1164 3940 repetendum
1176 3866 1229 3924 luit
1243 3881 1300 3923 tum
1312 3872 1349 3925 ob

221 3938 253 3971 ’ν
319 3954 461 4012 varietates
476 3953 600 4024 aliquot,
623 3964 679 4009 turn
703 3963 732 4008 ut
752 3953 811 4009 aliis
829 3955 900 4011 Scuti
919 3955 1082 4010 carminibus
1098 3956 1198 4010 socium
1222 3957 1325 4010 dorem.
