3382 5206
359 559 425 634 156

323 699 422 744 ueteris
438 689 540 745 vocales
563 686 643 750 alias.
671 689 694 743 ai
714 688 744 744 ·i·
769 688 810 746 vel

330 795 369 830 ου·
385 778 490 834 litterae
500 779 529 832 in
538 777 640 848 syllaba
651 795 699 832 sus
712 795 817 849 praepo·

325 875 442 923 uantur.
457 866 511 921 vim
523 866 722 919 consonantium
734 863 814 916 habe

326 969 354 1005 xe
373 952 540 1007 iudicantur:
552 956 575 1007 si
593 971 655 1008 vero
675 951 814 1006 subiciun-

328 1047 373 1092 tur
383 1076 391 1098 .
403 1041 534 1094 vocalium
547 1040 604 1096 loco
616 1041 771 1109 iunguntur.

400 1231 443 1268 10·
462 1231 497 1269 Μ
517 1229 745 1273 dlsslvocdblbus·

327 1330 524 1445 semivocales
547 1388 749 1445 consonantium
767 1387 815 1439 lit·

326 1485 397 1528 teaae
414 1487 477 1531 sunt
501 1495 607 1531 numero
625 1488 734 1547 septem.
759 1474 814 1525 Hae

326 1563 472 1615 seeundum
490 1565 614 1618 musicam
629 1562 755 1616 rationem
768 1577 814 1631 per

327 1665 356 1700 se
366 1648 539 1720 proferuntur
550 1651 616 1708 ,laoc
625 1662 665 1704 est
678 1659 710 1702 ut
723 1648 756 1699 ad
771 1666 813 1701 vo·

327 1735 422 1789 cabula
432 1755 480 1790 sua
491 1739 589 1792 nullius
610 1736 731 1793 vocabuli
751 1751 815 1802 ege-

327 1830 374 1876 ant
390 1822 531 1882 societate,
546 1835 576 1879 ιιι
590 1823 610 1876 i·
619 1824 637 1875 1.
646 1842 681 1875 m.
691 1843 717 1876 n.
725 1842 746 1875 r.
754 1840 811 1876 s-x·

326 1906 362 1961 At
373 1926 434 1963 vero
444 1910 588 1963 secundum
600 1921 683 1963 metra
692 1909 776 1961 latina
787 1917 815 1961 et

326 2007 519 2049 structurarum
538 1999 665 2051 rationem
682 1996 816 2051 subiectae

322 2081 457 2138 vocalibus
470 2085 575 2138 nomina
586 2103 634 2139 sua
643 2086 774 2142 efficiunt.
785 2094 816 2138 ut

324 2169 359 2223 ef.
378 2170 410 2223 el·
427 2188 533 2224 emen.
548 2190 584 2225 er.
596 2190 632 2226 es·
644 2190 691 2231 ex.
708 2172 756 2225 sed
769 2189 815 2243 per

321 2274 350 2310 se
367 2257 495 2325 syllabam
511 2258 595 2312 lacere
613 2278 664 2313 non
685 2269 811 2330 possuntt

322 2348 424 2403 scilicet
444 2348 571 2418 quoniam
586 2349 752 2402 semivocales
769 2347 814 2399 lit-

323 2439 428 2493 teraesi
445 2439 512 2493 inter
529 2457 557 2492 se
574 2439 750 2494 misceantur.
768 2455 812 2490 so·

323 2543 386 2578 num
407 2526 524 2596 syllabae
541 2526 626 2580 iacere
642 2545 695 2579 non
718 2541 812 2595 reppe-

321 2615 445 2674 riuntur.
463 2627 492 2668 ut
502 2628 578 2687 puta·
587 2619 613 2670 ss.
625 2634 672 2670 ms.
680 2635 719 2669 rx·
730 2633 772 2668 nse
784 2624 812 2667 et

317 2703 384 2759 ideo
398 2715 428 2759 ut
446 2706 562 2761 diximus
581 2725 628 2781 per
651 2724 679 2760 se
703 2707 809 2760 semino

286 2791 291 2802 '
322 2792 391 2866 cales
409 2794 537 2862 syllabam
558 2795 643 2848 iacere
670 2813 722 2847 non
745 2810 809 2864 pos·

322 2890 393 2932 aunt.
422 2882 462 2935 Ex
488 2882 530 2936 his
553 2893 642 2936 autem
669 2882 696 2934 id
717 2892 808 2934 estex

323 2966 524 3021 semivocalibus
536 3003 545 3027 .
557 2988 593 3022 ·x·
611 2970 701 3022 littera
713 2969 810 3041 duplex

321 3056 354 3131 xin
371 3059 481 3118 metris,
508 3061 564 3115 sive
584 3062 744 3119 structuris.
769 3061 815 3113 iu·

323 3145 445 3204 dicatur,
460 3148 482 3200 si
499 3148 607 3218 quidem
625 3149 815 3217 geminstarum

322 3233 417 3287 barum
435 3238 639 3292 consonantium
649 3257 712 3292 sono
727 3239 817 3306 iunga-

324 3331 384 3380 tur.
401 3323 430 3375 id
449 3334 490 3376 est
513 3343 548 3393 gs.
567 3336 614 3378 aut
637 3343 693 3383 cs·,
709 3338 741 3379 ut
758 3344 818 3383 reat

322 3421 349 3463 et
362 3429 433 3479 roga,
445 3411 506 3482 pix,
520 3423 547 3465 ct
561 3413 626 3485 pios.
642 3413 719 3467 Nunc
734 3415 816 3467 etiam

322 3499 372 3556 hoc
394 3501 470 3554 iuxta
490 3502 594 3570 aliquos
618 3500 813 3572 reprehenden-

322 3587 385 3640 dum
411 3599 479 3644 est.
516 3587 588 3657 quod
619 3585 683 3640 huic
710 3587 812 3658 duplici

321 3675 454 3735 litterae.
484 3676 512 3728 id
543 3687 584 3730 est
602 3696 638 3729 ·x.
666 3676 701 3731 ad
726 3694 815 3730 exem·

320 3762 394 3835 plum
411 3763 559 3832 genetivum
575 3782 662 3818 casum
673 3764 814 3818 videantur

322 3849 441 3905 subicere
462 3889 470 3910 ,
496 3863 611 3923 utputa
638 3870 684 3906 rex
718 3853 787 3920 regis
808 3890 816 3913 .

321 3940 367 4012 pix
398 3941 483 4012 picis.
507 3941 579 4011 quod
602 3960 618 3993 a
650 3941 754 3995 ratione
776 3961 811 3994 ·x.

319 4029 424 4086 litterae
438 4067 445 4090 .
461 4048 531 4104 quae
554 4029 650 4102 duplex
666 4041 723 4090 est.
735 4031 811 4099 louge

601 572 857 635 utsunuaacu‘s
883 581 1083 633 vaaicauus

863 687 977 741 alienum
993 706 1050 744 esse
1065 686 1196 744 videatur.
1212 683 1350 738 namhoc

865 778 970 831 nomine
990 797 1043 832 non
1061 789 1103 833 est
1121 775 1205 830 simile
1218 774 1282 827 huic
1295 783 1353 827 tra·

865 867 949 920 ctatui
965 901 972 923 .
989 866 1062 936 quod
1079 877 1120 920 est
1138 865 1185 917 uix
1199 858 1290 916 nivis?

1008 1057 1047 1095 tt·
1062 1055 1098 1093 Μ
1117 1054 1214 1093 ΙΠΤΙΒ·

866 1156 990 1266 Mutae
1019 1213 1219 1267 consonantium
1248 1212 1353 1266 litterae

864 1311 928 1356 sunt
941 1321 1048 1356 numero
1062 1321 1165 1357 novem.
1176 1303 1232 1355 liae
1246 1319 1294 1355 nec
1304 1320 1351 1373 per

864 1408 893 1444 se
905 1392 1071 1462 proferuntur
1081 1427 1089 1450 ‚
1101 1410 1187 1461 neque
1201 1409 1247 1463 per
1259 1409 1286 1444 se
1299 1392 1351 1459 syl·

864 1474 952 1528 labam
971 1476 1055 1530 facere
1071 1487 1188 1549 possunt.
1204 1478 1254 1528 Per
1264 1476 1352 1528 sebae

864 1583 917 1617 non
939 1565 1125 1635 proieruutur,
1143 1567 1166 1618 si
1179 1565 1286 1637 quidem
1302 1583 1351 1618 vo·

864 1653 966 1706 ealibus
980 1653 1076 1708 litteris
1094 1652 1220 1706 subiectis
1243 1652 1281 1705 sio
1303 1667 1353 1704 no·

864 1741 936 1794 mina
947 1760 995 1794 sua
1008 1741 1140 1797 definiunt
1154 1778 1162 1798 .
1184 1752 1215 1795 ut
1230 1752 1295 1813 puta
1309 1740 1352 1793 be.

864 1848 902 1883 ee·
913 1831 954 1884 de·
971 1848 1009 1899 ge.
1025 1829 1068 1882 ha·
1083 1830 1128 1883 ka.
1139 1849 1182 1902 pe.
1197 1848 1243 1900 qu·
1255 1840 1290 1882 te·
1304 1830 1353 1882 Per

865 1935 895 1972 se
919 1929 1005 1970 autem
1029 1917 1158 1987 syllabam
1189 1916 1273 1968 iacere
1299 1934 1353 1969 uon

865 2017 975 2078 possunt
985 2041 993 2063 .
1003 2005 1126 2062 scilieet,
1150 2004 1277 2074 quoniam
1292 2021 1354 2054 mu·

864 2105 908 2148 tae
925 2094 1032 2148 litterae
1049 2094 1072 2147 si
1091 2094 1161 2147 inter
1175 2111 1202 2146 se
1224 2092 1355 2144 miscean-

865 2199 925 2243 tur.
945 2201 1036 2237 sonum
1057 2182 1173 2251 syllabae
1194 2181 1278 2233 iaoere
1301 2196 1354 2233 uon

864 2272 1064 2344 repperiuntur,
1081 2280 1111 2322 ut
1120 2281 1195 2341 puta.
1206 2269 1250 2322 bo.
1261 2273 1303 2339 dg.
1313 2267 1353 2321 ak.

863 2377 908 2430 pq·
930 2370 957 2412 et
981 2369 1066 2411 cetera
1085 2357 1159 2410 talia.
1184 2357 1259 2408 Nune
1278 2367 1306 2409 et
1325 2356 1354 2408 in

862 2447 904 2498 his
933 2444 1014 2498 mutis
1040 2460 1217 2515 supervacuae
1238 2442 1354 2511 quibus-

861 2537 921 2588 dam
947 2533 982 2585 ὰ.
1011 2544 1039 2586 et
1063 2552 1100 2603 ·q·
1120 2532 1229 2586 litterae
1252 2533 1355 2603 positae

860 2640 915 2677 esse
923 2622 1063 2678 videntur,
1076 2621 1148 2690 quod
1162 2620 1253 2672 dicant
1263 2637 1297 2670 ·e·
1308 2620 1354 2674 lit·

860 2720 943 2763 teram
951 2707 1093 2759 earundem
1106 2707 1191 2759 locum
1201 2724 1276 2778 posse
1286 2724 1356 2760 com-

859 2797 943 2868 plere.
953 2807 983 2848 ut
997 2806 1062 2866 puta
1072 2831 1078 2851 .
1088 2793 1220 2861 Carthago
1230 2813 1278 2866 pro
1289 2796 1355 2847 liar·

860 2887 950 2953 thago·
963 2884 1038 2937 Nunc
1057 2883 1108 2935 boc
1121 2880 1219 2935 vitium
1239 2883 1290 2936 etsi
1311 2883 1353 2937 ie·-

863 2973 971 3026 rendum
982 2981 1062 3042 puto.
1073 2980 1189 3022 attamen
1200 2989 1352 3042 proquam.

865 3062 926 3130 quis
945 3068 985 3111 est
998 3059 1045 3126 qui
1063 3057 1195 3110 sustineat
1217 3055 1357 3113 cuamlEt

868 3148 927 3201 ideo
948 3165 1000 3200 non
1015 3155 1084 3198 recte
1100 3145 1150 3196 hae
1167 3145 1272 3197 litterae
1292 3146 1356 3214 qui-

866 3237 978 3293 busdam
999 3250 1175 3306 supervacuae
1198 3235 1359 3288 constitutae

867 3342 923 3378 esse
937 3323 1071 3378 videntur.
1084 3324 1149 3375 item
1161 3339 1194 3374 ex
1205 3321 1286 3374 isdem
1301 3339 1357 3372 nau·

867 3414 902 3466 tis
911 3410 950 3463 ·h·
959 3410 1127 3480 aspirationis
1137 3420 1239 3465 uotam.
1250 3426 1303 3461 nou
1314 3408 1357 3461 lit·

866 3510 947 3552 teram
958 3534 965 3555 ‚
979 3514 1035 3549 esso
1045 3495 1282 3551 existimaverunt,
1296 3512 1358 3548 cum

866 3597 893 3640 et
903 3586 984 3644 haec.
999 3585 1079 3637 sicuti
1090 3594 1192 3640 cetera,
1206 3594 1306 3637 certum
1316 3602 1356 3637 so·

864 3694 928 3728 num
941 3674 1054 3727 retineat
1064 3673 1203 3743 potestatis
1220 3690 1302 3727 suae.
1325 3682 1358 3725 ut

863 3774 945 3836 puta,
966 3763 1058 3817 honos.
1068 3761 1264 3830 Numquidnam
1274 3778 1338 3814 onos
1349 3796 1356 3817 ι

864 3863 913 3906 aut
921 3862 1007 3904 cetera
1022 3846 1102 3904 talia?
1112 3852 1146 3902 Et
1158 3849 1216 3901 ideo
1229 3845 1279 3901 boo
1288 3866 1359 3917 quo·

863 3960 915 4012 que
925 3961 977 3995 non
987 3951 1057 3994 recte
1070 3939 1233 3993 existimasse
1242 3938 1355 3993 notandi

861 4041 931 4085 sunt·
938 4030 1014 4084 Nune
1024 4028 1162 4099 quaeritur
1170 4028 1203 4081 de
1210 4044 1355 4084 consonan-
