<?xml version="1.0" encoding="UTF-8"?>
<!DOCTYPE html PUBLIC "-//W3C//DTD XHTML 1.0 Transitional//EN"
    "http://www.w3.org/TR/xhtml1/DTD/xhtml1-transitional.dtd">
<html xmlns="http://www.w3.org/1999/xhtml" xml:lang="en" lang="en">
 <head>
  <title>
</title>
<meta http-equiv="Content-Type" content="text/html;charset=utf-8" />
  <meta name='ocr-system' content='tesseract 3.04.00' />
  <meta name='ocr-capabilities' content='ocr_page ocr_carea ocr_par ocr_line ocrx_word'/>
</head>
<body>
  <div class='ocr_page' id='page_1' title='image "./classicorumauct00vatigoog_0064.png"; bbox 0 0 3382 5206; ppageno 0'>
   <div class='ocr_carea' id='block_1_1' title="bbox 1291 610 1312 682">
    <p class='ocr_par' dir='ltr' id='par_1_1' title="bbox 1291 610 1312 682">
     <span class='ocr_line' id='line_1_1' title="bbox 1291 610 1312 682; baseline 0 0"><span class='ocrx_word' id='word_1_1' title='bbox 1291 610 1312 682; x_wconf 75' lang='lat'><strong>3</strong></span> 
     </span>
    </p>
   </div>
   <div class='ocr_carea' id='block_1_2' title="bbox 325 741 1411 1923">
    <p class='ocr_par' dir='ltr' id='par_1_2' title="bbox 325 741 1342 1444">
     <span class='ocr_line' id='line_1_2' title="bbox 326 741 1340 844; baseline -0.001 -24"><span class='ocrx_word' id='word_1_2' title='bbox 326 747 427 820; x_wconf 84' lang='lat' dir='ltr'>trinae</span> <span class='ocrx_word' id='word_1_3' title='bbox 449 741 708 826; x_wconf 86' lang='lat' dir='ltr'>iucundissimo</span> <span class='ocrx_word' id='word_1_4' title='bbox 729 743 946 817; x_wconf 87' lang='lat' dir='ltr'>inhebriatus</span> <span class='ocrx_word' id='word_1_5' title='bbox 967 743 1069 831; x_wconf 87' lang='lat' dir='ltr'>vino,</span> <span class='ocrx_word' id='word_1_6' title='bbox 1091 771 1236 843; x_wconf 84' lang='lat' dir='ltr'>parvum</span> <span class='ocrx_word' id='word_1_7' title='bbox 1253 772 1340 844; x_wconf 85' lang='lat' dir='ltr'>quo·</span> 
     </span>
     <span class='ocr_line' id='line_1_3' title="bbox 325 863 1339 968; baseline -0.004 -28"><span class='ocrx_word' id='word_1_8' title='bbox 325 894 388 968; x_wconf 88' lang='lat' dir='ltr'>que</span> <span class='ocrx_word' id='word_1_9' title='bbox 406 866 504 939; x_wconf 89' lang='lat' dir='ltr'>hunc</span> <span class='ocrx_word' id='word_1_10' title='bbox 518 863 676 938; x_wconf 81' lang='lat' dir='ltr'>rivulum</span> <span class='ocrx_word' id='word_1_11' title='bbox 691 863 947 963; x_wconf 79' lang='lat' dir='ltr'>philosophicae</span> <span class='ocrx_word' id='word_1_12' title='bbox 963 863 1149 962; x_wconf 78' lang='lat' dir='ltr'>sapientiae</span> <span class='ocrx_word' id='word_1_13' title='bbox 1166 864 1339 938; x_wconf 82' lang='lat' dir='ltr'>intactum</span> 
     </span>
     <span class='ocr_line' id='line_1_4' title="bbox 326 983 1341 1083; baseline -0.005 -23"><span class='ocrx_word' id='word_1_14' title='bbox 326 988 410 1060; x_wconf 89' lang='lat' dir='ltr'>bibis</span> <span class='ocrx_word' id='word_1_15' title='bbox 432 1015 444 1081; x_wconf 81' lang='lat'>3</span> <span class='ocrx_word' id='word_1_16' title='bbox 469 999 511 1059; x_wconf 85' lang='lat' dir='ltr'>ut</span> <span class='ocrx_word' id='word_1_17' title='bbox 530 986 639 1058; x_wconf 86' lang='lat' dir='ltr'>etiam</span> <span class='ocrx_word' id='word_1_18' title='bbox 659 1008 781 1057; x_wconf 90' lang='lat' dir='ltr'>eorum</span> <span class='ocrx_word' id='word_1_19' title='bbox 804 1039 814 1072; x_wconf 89' lang='lat'><strong>‚</strong></span> <span class='ocrx_word' id='word_1_20' title='bbox 841 983 904 1083; x_wconf 90' lang='lat' dir='ltr'>qui</span> <span class='ocrx_word' id='word_1_21' title='bbox 932 983 975 1055; x_wconf 94' lang='lat' dir='ltr'>ab</span> <span class='ocrx_word' id='word_1_22' title='bbox 996 983 1099 1056; x_wconf 85' lang='lat' dir='ltr'>initio</span> <span class='ocrx_word' id='word_1_23' title='bbox 1125 983 1263 1056; x_wconf 87' lang='lat' dir='ltr'>lundati</span> <span class='ocrx_word' id='word_1_24' title='bbox 1289 1011 1341 1056; x_wconf 91' lang='lat' dir='ltr'>or-</span> 
     </span>
     <span class='ocr_line' id='line_1_5' title="bbox 326 1103 1340 1209; baseline -0.003 -28"><span class='ocrx_word' id='word_1_25' title='bbox 326 1108 378 1181; x_wconf 82' lang='lat' dir='ltr'>bis</span> <span class='ocrx_word' id='word_1_26' title='bbox 397 1105 646 1209; x_wconf 72' lang='lat' dir='ltr'>philosophicis</span> <span class='ocrx_word' id='word_1_27' title='bbox 665 1105 813 1178; x_wconf 89' lang='lat' dir='ltr'>floruere</span> <span class='ocrx_word' id='word_1_28' title='bbox 834 1103 980 1204; x_wconf 86' lang='lat' dir='ltr'>eloquiis</span> <span class='ocrx_word' id='word_1_29' title='bbox 1000 1131 1040 1178; x_wconf 87' lang='lat' dir='ltr'>ac</span> <span class='ocrx_word' id='word_1_30' title='bbox 1061 1104 1219 1179; x_wconf 73' lang='lat' dir='ltr'>sensibus</span> <span class='ocrx_word' id='word_1_31' title='bbox 1236 1161 1247 1195; x_wconf 87' lang='lat'>‚</span> <span class='ocrx_word' id='word_1_32' title='bbox 1265 1131 1340 1178; x_wconf 91' lang='lat' dir='ltr'>non</span> 
     </span>
     <span class='ocr_line' id='line_1_6' title="bbox 328 1221 1342 1325; baseline -0.001 -26"><span class='ocrx_word' id='word_1_33' title='bbox 328 1225 442 1299; x_wconf 85' lang='lat' dir='ltr'>solum</span> <span class='ocrx_word' id='word_1_34' title='bbox 460 1223 703 1325; x_wconf 83' lang='lat' dir='ltr'>aequiperator</span> <span class='ocrx_word' id='word_1_35' title='bbox 724 1225 797 1323; x_wconf 80' lang='lat' dir='ltr'>(a),</span> <span class='ocrx_word' id='word_1_36' title='bbox 824 1221 883 1296; x_wconf 87' lang='lat' dir='ltr'>sed</span> <span class='ocrx_word' id='word_1_37' title='bbox 910 1222 1016 1297; x_wconf 87' lang='lat' dir='ltr'>etiam</span> <span class='ocrx_word' id='word_1_38' title='bbox 1039 1249 1237 1324; x_wconf 85' lang='lat' dir='ltr'>praecessor</span> <span class='ocrx_word' id='word_1_39' title='bbox 1258 1224 1342 1298; x_wconf 80' lang='lat' dir='ltr'>erti-</span> 
     </span>
     <span class='ocr_line' id='line_1_7' title="bbox 326 1341 1338 1444; baseline -0.001 -25"><span class='ocrx_word' id='word_1_40' title='bbox 326 1345 416 1419; x_wconf 84' lang='lat' dir='ltr'>teris.</span> <span class='ocrx_word' id='word_1_41' title='bbox 427 1341 537 1419; x_wconf 87' lang='lat' dir='ltr'>Unde</span> <span class='ocrx_word' id='word_1_42' title='bbox 557 1343 780 1444; x_wconf 82' lang='lat' dir='ltr'>perscrutatis</span> <span class='ocrx_word' id='word_1_43' title='bbox 799 1342 1028 1444; x_wconf 76' lang='lat' dir='ltr'>perlectisque</span> <span class='ocrx_word' id='word_1_44' title='bbox 1049 1343 1210 1417; x_wconf 88' lang='lat' dir='ltr'>omniurn</span> <span class='ocrx_word' id='word_1_45' title='bbox 1227 1342 1338 1443; x_wconf 89' lang='lat' dir='ltr'>philo·</span> 
     </span>
    </p>

    <p class='ocr_par' dir='ltr' id='par_1_3' title="bbox 329 1444 1411 1923">
     <span class='ocr_line' id='line_1_8' title="bbox 329 1444 1411 1562; baseline -0.003 -26"><span class='ocrx_word' id='word_1_46' title='bbox 329 1463 514 1562; x_wconf 82' lang='lat' dir='ltr'>sophorum</span> <span class='ocrx_word' id='word_1_47' title='bbox 531 1462 628 1536; x_wconf 90' lang='lat' dir='ltr'>libris</span> <span class='ocrx_word' id='word_1_48' title='bbox 651 1520 662 1552; x_wconf 86' lang='lat'>,</span> <span class='ocrx_word' id='word_1_49' title='bbox 688 1489 810 1535; x_wconf 89' lang='lat' dir='ltr'>omnes</span> <span class='ocrx_word' id='word_1_50' title='bbox 836 1488 960 1536; x_wconf 86' lang='lat' dir='ltr'>eorum</span> <span class='ocrx_word' id='word_1_51' title='bbox 985 1461 1235 1537; x_wconf 78' lang='lat' dir='ltr'>controversias</span> <span class='ocrx_word' id='word_1_52' title='bbox 1259 1489 1341 1562; x_wconf 88' lang='lat' dir='ltr'>pru·</span> <span class='ocrx_word' id='word_1_53' title='bbox 1408 1444 1411 1449; x_wconf 31' lang='lat'>⁵</span> 
     </span>
     <span class='ocr_line' id='line_1_9' title="bbox 332 1580 1344 1684; baseline 0.002 -30"><span class='ocrx_word' id='word_1_54' title='bbox 332 1580 428 1654; x_wconf 89' lang='lat' dir='ltr'>denti</span> <span class='ocrx_word' id='word_1_55' title='bbox 456 1581 713 1684; x_wconf 81' lang='lat' dir='ltr'>ingeniosoque</span> <span class='ocrx_word' id='word_1_56' title='bbox 737 1583 791 1684; x_wconf 79' lang='lat' dir='ltr'>(b)</span> <span class='ocrx_word' id='word_1_57' title='bbox 815 1582 924 1659; x_wconf 90' lang='lat' dir='ltr'>corde</span> <span class='ocrx_word' id='word_1_58' title='bbox 945 1610 1194 1684; x_wconf 84' lang='lat' dir='ltr'>concoquens,</span> <span class='ocrx_word' id='word_1_59' title='bbox 1222 1581 1344 1657; x_wconf 81' lang='lat' dir='ltr'>obscu-</span> 
     </span>
     <span class='ocr_line' id='line_1_10' title="bbox 331 1687 1344 1805; baseline -0.001 -29"><span class='ocrx_word' id='word_1_60' title='bbox 331 1702 477 1776; x_wconf 85' lang='lat' dir='ltr'>rissimas</span> <span class='ocrx_word' id='word_1_61' title='bbox 504 1719 539 1775; x_wconf 87' lang='lat' dir='ltr'>et</span> <span class='ocrx_word' id='word_1_62' title='bbox 559 1701 787 1779; x_wconf 72' lang='lat' dir='ltr'>‚difficillimas</span> <span class='ocrx_word' id='word_1_63' title='bbox 814 1687 1032 1805; x_wconf 78' lang='lat' dir='ltr'>quaestiones</span> <span class='ocrx_word' id='word_1_64' title='bbox 1059 1702 1221 1801; x_wconf 84' lang='lat' dir='ltr'>diligenti</span> <span class='ocrx_word' id='word_1_65' title='bbox 1246 1702 1344 1777; x_wconf 91' lang='lat' dir='ltr'>inda·</span> 
     </span>
     <span class='ocr_line' id='line_1_11' title="bbox 333 1821 1343 1923; baseline 0.003 -28"><span class='ocrx_word' id='word_1_66' title='bbox 333 1840 422 1922; x_wconf 78' lang='lat' dir='ltr'>getas</span> <span class='ocrx_word' id='word_1_67' title='bbox 436 1823 485 1922; x_wconf 84' lang='lat' dir='ltr'>(c)</span> <span class='ocrx_word' id='word_1_68' title='bbox 498 1821 707 1896; x_wconf 83' lang='lat' dir='ltr'>examimine</span> <span class='ocrx_word' id='word_1_69' title='bbox 727 1821 771 1897; x_wconf 88' lang='lat' dir='ltr'>ad</span> <span class='ocrx_word' id='word_1_70' title='bbox 791 1851 847 1897; x_wconf 89' lang='lat' dir='ltr'>me</span> <span class='ocrx_word' id='word_1_71' title='bbox 867 1823 962 1898; x_wconf 87' lang='lat' dir='ltr'>relut</span> <span class='ocrx_word' id='word_1_72' title='bbox 975 1823 1026 1923; x_wconf 83' lang='lat' dir='ltr'>(d)</span> <span class='ocrx_word' id='word_1_73' title='bbox 1039 1823 1082 1897; x_wconf 88' lang='lat' dir='ltr'>ad</span> <span class='ocrx_word' id='word_1_74' title='bbox 1103 1823 1259 1898; x_wconf 89' lang='lat' dir='ltr'>iudicem</span> <span class='ocrx_word' id='word_1_75' title='bbox 1269 1850 1343 1898; x_wconf 87' lang='lat' dir='ltr'>eer-</span> 
     </span>
    </p>
   </div>
   <div class='ocr_carea' id='block_1_3' title="bbox 334 1939 1459 2043">
    <p class='ocr_par' dir='ltr' id='par_1_4' title="bbox 334 1939 1459 2043">
     <span class='ocr_line' id='line_1_12' title="bbox 334 1939 1459 2043; baseline 0.004 -30"><span class='ocrx_word' id='word_1_76' title='bbox 334 1941 573 2043; x_wconf 85' lang='lat' dir='ltr'>tissirnumque</span> <span class='ocrx_word' id='word_1_77' title='bbox 593 1942 744 2015; x_wconf 86' lang='lat' dir='ltr'>limitum</span> <span class='ocrx_word' id='word_1_78' title='bbox 760 1958 863 2043; x_wconf 86' lang='lat' dir='ltr'>atque</span> <span class='ocrx_word' id='word_1_79' title='bbox 879 1942 1014 2015; x_wconf 85' lang='lat' dir='ltr'>rianun</span> <span class='ocrx_word' id='word_1_80' title='bbox 1030 1940 1208 2031; x_wconf 83' lang='lat' dir='ltr'>indicem,</span> <span class='ocrx_word' id='word_1_81' title='bbox 1223 1939 1343 2026; x_wconf 81' lang='lat' dir='ltr'>multis</span> <span class='ocrx_word' id='word_1_82' title='bbox 1454 2004 1459 2017; x_wconf 86' lang='lat'><strong>.</strong></span> 
     </span>
    </p>
   </div>
   <div class='ocr_carea' id='block_1_4' title="bbox 334 2060 1364 3601">
    <p class='ocr_par' dir='ltr' id='par_1_5' title="bbox 334 2060 1342 2521">
     <span class='ocr_line' id='line_1_13' title="bbox 334 2060 1340 2163; baseline 0.001 -30"><span class='ocrx_word' id='word_1_83' title='bbox 334 2060 481 2161; x_wconf 82' lang='lat' dir='ltr'>epistolis</span> <span class='ocrx_word' id='word_1_84' title='bbox 502 2064 554 2161; x_wconf 73' lang='lat' dir='ltr'>(a)</span> <span class='ocrx_word' id='word_1_85' title='bbox 575 2062 724 2161; x_wconf 82' lang='lat' dir='ltr'>dirigere</span> <span class='ocrx_word' id='word_1_86' title='bbox 745 2061 906 2160; x_wconf 85' lang='lat' dir='ltr'>dignatus</span> <span class='ocrx_word' id='word_1_87' title='bbox 925 2091 982 2140; x_wconf 78' lang='lat' dir='ltr'>es:</span> <span class='ocrx_word' id='word_1_88' title='bbox 1001 2089 1073 2135; x_wconf 92' lang='lat' dir='ltr'>non</span> <span class='ocrx_word' id='word_1_89' title='bbox 1094 2090 1165 2163; x_wconf 91' lang='lat' dir='ltr'>quo</span> <span class='ocrx_word' id='word_1_90' title='bbox 1184 2089 1248 2160; x_wconf 85' lang='lat' dir='ltr'>ego</span> <span class='ocrx_word' id='word_1_91' title='bbox 1268 2089 1340 2134; x_wconf 88' lang='lat' dir='ltr'>om·</span> 
     </span>
     <span class='ocr_line' id='line_1_14' title="bbox 336 2178 1342 2281; baseline 0.004 -31"><span class='ocrx_word' id='word_1_92' title='bbox 336 2178 432 2251; x_wconf 85' lang='lat' dir='ltr'>nium</span> <span class='ocrx_word' id='word_1_93' title='bbox 456 2179 680 2279; x_wconf 89' lang='lat' dir='ltr'>peritissimus</span> <span class='ocrx_word' id='word_1_94' title='bbox 704 2180 874 2270; x_wconf 85' lang='lat' dir='ltr'>si1n‚sed</span> <span class='ocrx_word' id='word_1_95' title='bbox 901 2208 975 2280; x_wconf 92' lang='lat' dir='ltr'>quo</span> <span class='ocrx_word' id='word_1_96' title='bbox 1000 2181 1101 2281; x_wconf 89' lang='lat' dir='ltr'>quasi</span> <span class='ocrx_word' id='word_1_97' title='bbox 1125 2180 1166 2252; x_wconf 87' lang='lat' dir='ltr'>ad</span> <span class='ocrx_word' id='word_1_98' title='bbox 1190 2179 1342 2254; x_wconf 83' lang='lat' dir='ltr'>sodalem</span> 
     </span>
     <span class='ocr_line' id='line_1_15' title="bbox 337 2298 1338 2402; baseline 0.005 -32"><span class='ocrx_word' id='word_1_99' title='bbox 337 2298 406 2388; x_wconf 85' lang='lat' dir='ltr'>tui,</span> <span class='ocrx_word' id='word_1_100' title='bbox 423 2299 598 2400; x_wconf 87' lang='lat' dir='ltr'>uniusque</span> <span class='ocrx_word' id='word_1_101' title='bbox 610 2300 692 2374; x_wconf 83' lang='lat' dir='ltr'>fidei</span> <span class='ocrx_word' id='word_1_102' title='bbox 703 2317 898 2373; x_wconf 84' lang='lat' dir='ltr'>consortem</span> <span class='ocrx_word' id='word_1_103' title='bbox 910 2300 1107 2373; x_wconf 81' lang='lat' dir='ltr'>fiducialius</span> <span class='ocrx_word' id='word_1_104' title='bbox 1118 2300 1277 2374; x_wconf 85' lang='lat' dir='ltr'>habueris</span> <span class='ocrx_word' id='word_1_105' title='bbox 1291 2303 1338 2402; x_wconf 77' lang='lat' dir='ltr'>(e)</span> 
     </span>
     <span class='ocr_line' id='line_1_16' title="bbox 337 2419 1169 2521; baseline 0.001 -29"><span class='ocrx_word' id='word_1_106' title='bbox 337 2419 377 2492; x_wconf 87' lang='lat' dir='ltr'>de</span> <span class='ocrx_word' id='word_1_107' title='bbox 396 2419 597 2495; x_wconf 88' lang='lat' dir='ltr'>huiusmodi</span> <span class='ocrx_word' id='word_1_108' title='bbox 617 2421 884 2521; x_wconf 86' lang='lat' dir='ltr'>quaestionibus</span> <span class='ocrx_word' id='word_1_109' title='bbox 905 2421 990 2494; x_wconf 88' lang='lat' dir='ltr'>mira</span> <span class='ocrx_word' id='word_1_110' title='bbox 1010 2419 1169 2517; x_wconf 83' lang='lat' dir='ltr'>dirigere.</span> 
     </span>
    </p>

    <p class='ocr_par' dir='ltr' id='par_1_6' title="bbox 338 2539 1364 3601">
     <span class='ocr_line' id='line_1_17' title="bbox 415 2539 1350 2637; baseline -0.002 -24"><span class='ocrx_word' id='word_1_111' title='bbox 415 2547 449 2637; x_wconf 72' lang='lat'><em>4</em></span> <span class='ocrx_word' id='word_1_112' title='bbox 477 2539 575 2613; x_wconf 89' lang='lat' dir='ltr'>lnter</span> <span class='ocrx_word' id='word_1_113' title='bbox 592 2541 677 2613; x_wconf 90' lang='lat' dir='ltr'>haec</span> <span class='ocrx_word' id='word_1_114' title='bbox 699 2541 847 2613; x_wconf 86' lang='lat' dir='ltr'>maxima</span> <span class='ocrx_word' id='word_1_115' title='bbox 869 2541 905 2612; x_wconf 92' lang='lat' dir='ltr'>in</span> <span class='ocrx_word' id='word_1_116' title='bbox 928 2557 988 2613; x_wconf 90' lang='lat' dir='ltr'>tuo</span> <span class='ocrx_word' id='word_1_117' title='bbox 1016 2540 1132 2613; x_wconf 89' lang='lat' dir='ltr'>animo</span> <span class='ocrx_word' id='word_1_118' title='bbox 1157 2539 1246 2613; x_wconf 83' lang='lat' dir='ltr'>sedit</span> <span class='ocrx_word' id='word_1_119' title='bbox 1270 2568 1350 2613; x_wconf 89' lang='lat' dir='ltr'>cau·</span> 
     </span>
     <span class='ocr_line' id='line_1_18' title="bbox 339 2659 1349 2761; baseline 0.001 -30"><span class='ocrx_word' id='word_1_120' title='bbox 339 2686 407 2747; x_wconf 83' lang='lat' dir='ltr'>sa,</span> <span class='ocrx_word' id='word_1_121' title='bbox 434 2676 473 2732; x_wconf 88' lang='lat' dir='ltr'>ut</span> <span class='ocrx_word' id='word_1_122' title='bbox 496 2659 544 2732; x_wconf 93' lang='lat' dir='ltr'>de</span> <span class='ocrx_word' id='word_1_123' title='bbox 572 2675 652 2732; x_wconf 89' lang='lat' dir='ltr'>octo</span> <span class='ocrx_word' id='word_1_124' title='bbox 673 2662 712 2758; x_wconf 74' lang='lat' dir='ltr'>(l)</span> <span class='ocrx_word' id='word_1_125' title='bbox 734 2660 899 2733; x_wconf 86' lang='lat' dir='ltr'>orationis</span> <span class='ocrx_word' id='word_1_126' title='bbox 930 2661 1089 2761; x_wconf 78' lang='lat' dir='ltr'>partibus</span> <span class='ocrx_word' id='word_1_127' title='bbox 1117 2718 1127 2748; x_wconf 89' lang='lat'>‚</span> <span class='ocrx_word' id='word_1_128' title='bbox 1157 2659 1349 2759; x_wconf 85' lang='lat' dir='ltr'>inquibus</span> 
     </span>
     <span class='ocr_line' id='line_1_19' title="bbox 338 2775 1350 2878; baseline 0.003 -31"><span class='ocrx_word' id='word_1_129' title='bbox 338 2775 505 2874; x_wconf 88' lang='lat' dir='ltr'>plurimae</span> <span class='ocrx_word' id='word_1_130' title='bbox 524 2778 746 2877; x_wconf 86' lang='lat' dir='ltr'>quaestiones</span> <span class='ocrx_word' id='word_1_131' title='bbox 766 2779 875 2851; x_wconf 84' lang='lat' dir='ltr'>diviso</span> <span class='ocrx_word' id='word_1_132' title='bbox 890 2782 972 2877; x_wconf 61' lang='lat' dir='ltr'>(glo</span> <span class='ocrx_word' id='word_1_133' title='bbox 993 2778 1170 2878; x_wconf 87' lang='lat' dir='ltr'>plerisque</span> <span class='ocrx_word' id='word_1_134' title='bbox 1191 2776 1350 2850; x_wconf 88' lang='lat' dir='ltr'>modoet</span> 
     </span>
     <span class='ocr_line' id='line_1_20' title="bbox 340 2896 1351 2998; baseline 0.001 -30"><span class='ocrx_word' id='word_1_135' title='bbox 340 2896 539 2970; x_wconf 85' lang='lat' dir='ltr'>sentiuntur</span> <span class='ocrx_word' id='word_1_136' title='bbox 564 2914 597 2970; x_wconf 83' lang='lat' dir='ltr'>et</span> <span class='ocrx_word' id='word_1_137' title='bbox 623 2897 821 2997; x_wconf 82' lang='lat' dir='ltr'>leguntur,</span> <span class='ocrx_word' id='word_1_138' title='bbox 855 2926 930 2971; x_wconf 89' lang='lat' dir='ltr'>mea</span> <span class='ocrx_word' id='word_1_139' title='bbox 959 2899 1148 2998; x_wconf 89' lang='lat' dir='ltr'>praecipua</span> <span class='ocrx_word' id='word_1_140' title='bbox 1176 2897 1212 2969; x_wconf 91' lang='lat' dir='ltr'>in</span> <span class='ocrx_word' id='word_1_141' title='bbox 1238 2897 1351 2997; x_wconf 84' lang='lat' dir='ltr'>expla-</span> 
     </span>
     <span class='ocr_line' id='line_1_21' title="bbox 341 3016 1348 3117; baseline 0.002 -29"><span class='ocrx_word' id='word_1_142' title='bbox 341 3017 453 3090; x_wconf 87' lang='lat' dir='ltr'>nando</span> <span class='ocrx_word' id='word_1_143' title='bbox 468 3018 519 3117; x_wconf 80' lang='lat' dir='ltr'>(h)</span> <span class='ocrx_word' id='word_1_144' title='bbox 534 3018 632 3091; x_wconf 86' lang='lat' dir='ltr'>lieret</span> <span class='ocrx_word' id='word_1_145' title='bbox 643 3018 834 3116; x_wconf 85' lang='lat' dir='ltr'>diligentia.</span> <span class='ocrx_word' id='word_1_146' title='bbox 847 3016 954 3092; x_wconf 92' lang='lat' dir='ltr'>Unde</span> <span class='ocrx_word' id='word_1_147' title='bbox 974 3034 1007 3089; x_wconf 86' lang='lat' dir='ltr'>et</span> <span class='ocrx_word' id='word_1_148' title='bbox 1020 3045 1104 3113; x_wconf 80' lang='lat' dir='ltr'>ego,</span> <span class='ocrx_word' id='word_1_149' title='bbox 1123 3018 1205 3115; x_wconf 90' lang='lat' dir='ltr'>quia</span> <span class='ocrx_word' id='word_1_150' title='bbox 1226 3018 1348 3090; x_wconf 85' lang='lat' dir='ltr'>oratio·</span> 
     </span>
     <span class='ocr_line' id='line_1_22' title="bbox 342 3135 1351 3238; baseline 0.004 -30"><span class='ocrx_word' id='word_1_151' title='bbox 342 3136 396 3209; x_wconf 88' lang='lat' dir='ltr'>nis</span> <span class='ocrx_word' id='word_1_152' title='bbox 408 3155 523 3237; x_wconf 85' lang='lat' dir='ltr'>partes</span> <span class='ocrx_word' id='word_1_153' title='bbox 536 3154 615 3211; x_wconf 84' lang='lat' dir='ltr'>octo</span> <span class='ocrx_word' id='word_1_154' title='bbox 629 3155 730 3227; x_wconf 88' lang='lat' dir='ltr'>sunt,</span> <span class='ocrx_word' id='word_1_155' title='bbox 751 3157 829 3211; x_wconf 90' lang='lat' dir='ltr'>octo</span> <span class='ocrx_word' id='word_1_156' title='bbox 841 3166 981 3237; x_wconf 90' lang='lat' dir='ltr'>quoque</span> <span class='ocrx_word' id='word_1_157' title='bbox 996 3138 1032 3209; x_wconf 90' lang='lat' dir='ltr'>in</span> <span class='ocrx_word' id='word_1_158' title='bbox 1046 3163 1117 3209; x_wconf 91' lang='lat' dir='ltr'>uno</span> <span class='ocrx_word' id='word_1_159' title='bbox 1129 3135 1213 3210; x_wconf 87' lang='lat' dir='ltr'>licet</span> <span class='ocrx_word' id='word_1_160' title='bbox 1225 3137 1351 3238; x_wconf 84' lang='lat' dir='ltr'>episto·</span> 
     </span>
     <span class='ocr_line' id='line_1_23' title="bbox 341 3248 1364 3359; baseline 0.003 -32"><span class='ocrx_word' id='word_1_161' title='bbox 341 3256 388 3328; x_wconf 85' lang='lat' dir='ltr'>las</span> <span class='ocrx_word' id='word_1_162' title='bbox 409 3255 589 3332; x_wconf 81' lang='lat' dir='ltr'>volumine</span> <span class='ocrx_word' id='word_1_163' title='bbox 615 3259 772 3358; x_wconf 84' lang='lat' dir='ltr'>digerere</span> <span class='ocrx_word' id='word_1_164' title='bbox 794 3259 833 3358; x_wconf 81' lang='lat' dir='ltr'>(i)</span> <span class='ocrx_word' id='word_1_165' title='bbox 859 3258 1031 3359; x_wconf 88' lang='lat' dir='ltr'>dispono:</span> <span class='ocrx_word' id='word_1_166' title='bbox 1056 3256 1150 3358; x_wconf 90' lang='lat' dir='ltr'>quod</span> <span class='ocrx_word' id='word_1_167' title='bbox 1179 3258 1283 3331; x_wconf 88' lang='lat' dir='ltr'>etiam</span> <span class='ocrx_word' id='word_1_168' title='bbox 1310 3248 1364 3329; x_wconf 83' lang='lat' dir='ltr'>in¹</span> 
     </span>
     <span class='ocr_line' id='line_1_24' title="bbox 342 3375 1350 3477; baseline 0.001 -26"><span class='ocrx_word' id='word_1_169' title='bbox 342 3375 666 3477; x_wconf 84' lang='lat' dir='ltr'>·XV·epistolarmn</span> <span class='ocrx_word' id='word_1_170' title='bbox 685 3386 722 3452; x_wconf 85' lang='lat' dir='ltr'>in</span> <span class='ocrx_word' id='word_1_171' title='bbox 736 3379 891 3453; x_wconf 80' lang='lat' dir='ltr'>Africam</span> <span class='ocrx_word' id='word_1_172' title='bbox 911 3381 1094 3453; x_wconf 86' lang='lat' dir='ltr'>missarum</span> <span class='ocrx_word' id='word_1_173' title='bbox 1114 3385 1288 3452; x_wconf 78' lang='lat' dir='ltr'>volunzine</span> <span class='ocrx_word' id='word_1_174' title='bbox 1306 3378 1350 3452; x_wconf 90' lang='lat' dir='ltr'>ad</span> 
     </span>
     <span class='ocr_line' id='line_1_25' title="bbox 342 3487 1350 3601; baseline 0.002 -31"><span class='ocrx_word' id='word_1_175' title='bbox 342 3487 537 3574; x_wconf 82' lang='lat' dir='ltr'>Fabianum</span> <span class='ocrx_word' id='word_1_176' title='bbox 563 3529 711 3601; x_wconf 88' lang='lat' dir='ltr'>puerum</span> <span class='ocrx_word' id='word_1_177' title='bbox 739 3527 857 3575; x_wconf 90' lang='lat' dir='ltr'>meum</span> <span class='ocrx_word' id='word_1_178' title='bbox 884 3501 1134 3601; x_wconf 87' lang='lat' dir='ltr'>peritissimum</span> <span class='ocrx_word' id='word_1_179' title='bbox 1158 3529 1199 3574; x_wconf 91' lang='lat' dir='ltr'>ac</span> <span class='ocrx_word' id='word_1_180' title='bbox 1218 3498 1350 3575; x_wconf 88' lang='lat' dir='ltr'>doeilli-</span> 
     </span>
    </p>
   </div>
   <div class='ocr_carea' id='block_1_5' title="bbox 326 3662 1354 3814">
    <p class='ocr_par' dir='ltr' id='par_1_7' title="bbox 326 3662 1354 3814">
     <span class='ocr_line' id='line_1_26' title="bbox 423 3662 1349 3732; baseline 0.002 -21"><span class='ocrx_word' id='word_1_181' title='bbox 423 3665 462 3732; x_wconf 76' lang='grc' dir='ltr'>(ι)</span> <span class='ocrx_word' id='word_1_182' title='bbox 478 3670 534 3716; x_wconf 85' lang='lat' dir='ltr'>cod.</span> <span class='ocrx_word' id='word_1_183' title='bbox 550 3676 731 3729; x_wconf 60' lang='lat' dir='ltr'>aequiparatur·</span> <span class='ocrx_word' id='word_1_184' title='bbox 764 3670 803 3730; x_wconf 82' lang='lat' dir='ltr'>(b)</span> <span class='ocrx_word' id='word_1_185' title='bbox 821 3668 877 3711; x_wconf 66' lang='lat' dir='ltr'>cml·</span> <span class='ocrx_word' id='word_1_186' title='bbox 894 3680 977 3723; x_wconf 64' lang='lat' dir='ltr'>rpraoto.</span> <span class='ocrx_word' id='word_1_187' title='bbox 1011 3662 1049 3727; x_wconf 87' lang='lat' dir='ltr'>(c)</span> <span class='ocrx_word' id='word_1_188' title='bbox 1066 3668 1120 3710; x_wconf 76' lang='lat' dir='ltr'>Cod-</span> <span class='ocrx_word' id='word_1_189' title='bbox 1139 3669 1272 3724; x_wconf 71' lang='lat' dir='ltr'>e‘udnpatos.</span> <span class='ocrx_word' id='word_1_190' title='bbox 1290 3677 1349 3717; x_wconf 78' lang='lat' dir='ltr'>llum</span> 
     </span>
     <span class='ocr_line' id='line_1_27' title="bbox 326 3741 1354 3814; baseline 0.008 -28"><span class='ocrx_word' id='word_1_191' title='bbox 326 3808 333 3814; x_wconf 41' lang='lat'>.</span> <span class='ocrx_word' id='word_1_192' title='bbox 350 3759 388 3802; x_wconf 70' lang='lat' dir='ltr'>pre</span> <span class='ocrx_word' id='word_1_193' title='bbox 402 3741 550 3802; x_wconf 62' lang='lat' dir='ltr'>indagatus?</span> <span class='ocrx_word' id='word_1_194' title='bbox 583 3742 623 3807; x_wconf 90' lang='lat' dir='ltr'>(d)</span> <span class='ocrx_word' id='word_1_195' title='bbox 642 3748 696 3795; x_wconf 77' lang='lat' dir='ltr'>eod.</span> <span class='ocrx_word' id='word_1_196' title='bbox 714 3747 797 3790; x_wconf 77' lang='lat' dir='ltr'>velud·</span> <span class='ocrx_word' id='word_1_197' title='bbox 830 3745 868 3810; x_wconf 81' lang='lat' dir='ltr'>(c)</span> <span class='ocrx_word' id='word_1_198' title='bbox 885 3746 941 3793; x_wconf 83' lang='lat' dir='ltr'>cod.</span> <span class='ocrx_word' id='word_1_199' title='bbox 960 3749 1067 3793; x_wconf 68' lang='lat' dir='ltr'>abstersa.</span> <span class='ocrx_word' id='word_1_200' title='bbox 1087 3749 1135 3792; x_wconf 73' lang='lat' dir='ltr'>nisi</span> <span class='ocrx_word' id='word_1_201' title='bbox 1152 3747 1209 3792; x_wconf 75' lang='lat' dir='ltr'>forte</span> <span class='ocrx_word' id='word_1_202' title='bbox 1227 3747 1303 3806; x_wconf 72' lang='lat' dir='ltr'>ploret</span> <span class='ocrx_word' id='word_1_203' title='bbox 1323 3747 1354 3794; x_wconf 79' lang='lat' dir='ltr'>le·</span> 
     </span>
    </p>
   </div>
   <div class='ocr_carea' id='block_1_6' title="bbox 349 3819 1351 3963">
    <p class='ocr_par' dir='ltr' id='par_1_8' title="bbox 349 3819 1351 3963">
     <span class='ocr_line' id='line_1_28' title="bbox 350 3819 1351 3888; baseline 0.005 -23"><span class='ocrx_word' id='word_1_204' title='bbox 350 3837 400 3878; x_wconf 63' lang='lat' dir='ltr'>gere</span> <span class='ocrx_word' id='word_1_205' title='bbox 409 3823 584 3881; x_wconf 68' lang='lat' dir='ltr'>firlrrclslcius</span> <span class='ocrx_word' id='word_1_206' title='bbox 600 3824 721 3868; x_wconf 67' lang='lat' dir='ltr'>moeres.</span> <span class='ocrx_word' id='word_1_207' title='bbox 753 3819 789 3884; x_wconf 86' lang='lat' dir='ltr'>(l)</span> <span class='ocrx_word' id='word_1_208' title='bbox 805 3825 860 3872; x_wconf 81' lang='lat' dir='ltr'>eod·</span> <span class='ocrx_word' id='word_1_209' title='bbox 879 3831 953 3868; x_wconf 69' lang='lat' dir='ltr'>namo.</span> <span class='ocrx_word' id='word_1_210' title='bbox 984 3822 1024 3885; x_wconf 71' lang='lat'>(3)</span> <span class='ocrx_word' id='word_1_211' title='bbox 1042 3828 1082 3868; x_wconf 82' lang='lat' dir='ltr'>Pro</span> <span class='ocrx_word' id='word_1_212' title='bbox 1094 3825 1203 3870; x_wconf 71' lang='lat' dir='ltr'>diverse·</span> <span class='ocrx_word' id='word_1_213' title='bbox 1235 3822 1277 3888; x_wconf 77' lang='lat' dir='ltr'>(l)</span> <span class='ocrx_word' id='word_1_214' title='bbox 1295 3826 1351 3870; x_wconf 79' lang='lat' dir='ltr'>eod·</span> 
     </span>
     <span class='ocr_line' id='line_1_29' title="bbox 349 3893 958 3963; baseline 0.003 -25"><span class='ocrx_word' id='word_1_215' title='bbox 349 3897 508 3955; x_wconf 69' lang='lat' dir='ltr'>explanada·</span> <span class='ocrx_word' id='word_1_216' title='bbox 541 3893 637 3963; x_wconf 59' lang='lat' dir='ltr'>(ipra</span> <span class='ocrx_word' id='word_1_217' title='bbox 653 3899 768 3958; x_wconf 66' lang='lat' dir='ltr'>dirigere.</span> <span class='ocrx_word' id='word_1_218' title='bbox 785 3902 840 3948; x_wconf 79' lang='lat' dir='ltr'>cod.</span> <span class='ocrx_word' id='word_1_219' title='bbox 859 3900 958 3956; x_wconf 70' lang='lat' dir='ltr'>degere.</span> 
     </span>
    </p>
   </div>
   <div class='ocr_carea' id='block_1_7' title="bbox 356 4023 1347 4271">
    <p class='ocr_par' dir='ltr' id='par_1_9' title="bbox 356 4023 1347 4271">
     <span class='ocr_line' id='line_1_30' title="bbox 409 4023 1347 4097; baseline -0.001 -20"><span class='ocrx_word' id='word_1_220' title='bbox 409 4025 456 4092; x_wconf 86' lang='lat' dir='ltr'>(r)</span> <span class='ocrx_word' id='word_1_221' title='bbox 475 4024 603 4079; x_wconf 70' lang='lat' dir='ltr'>nonnus</span> <span class='ocrx_word' id='word_1_222' title='bbox 614 4025 764 4097; x_wconf 77' lang='lat' dir='ltr'>deperditas</span> <span class='ocrx_word' id='word_1_223' title='bbox 778 4027 840 4080; x_wconf 84' lang='lat' dir='ltr'>Iulii</span> <span class='ocrx_word' id='word_1_224' title='bbox 860 4025 967 4079; x_wconf 79' lang='lat' dir='ltr'>diaconi</span> <span class='ocrx_word' id='word_1_225' title='bbox 985 4024 1197 4094; x_wconf 75' lang='lat' dir='ltr'>epistolaslte·</span> <span class='ocrx_word' id='word_1_226' title='bbox 1217 4023 1284 4078; x_wconf 78' lang='lat' dir='ltr'>alias</span> <span class='ocrx_word' id='word_1_227' title='bbox 1304 4025 1347 4091; x_wconf 85' lang='lat' dir='ltr'>in·</span> 
     </span>
     <span class='ocr_line' id='line_1_31' title="bbox 356 4107 1029 4187; baseline 0.007 -26"><span class='ocrx_word' id='word_1_228' title='bbox 356 4107 394 4162; x_wconf 79' lang='lat' dir='ltr'>lta</span> <span class='ocrx_word' id='word_1_229' title='bbox 413 4113 496 4166; x_wconf 71' lang='lat' dir='ltr'>nutri</span> <span class='ocrx_word' id='word_1_230' title='bbox 514 4111 647 4181; x_wconf 78' lang='lat' dir='ltr'>Vesgilii‚</span> <span class='ocrx_word' id='word_1_231' title='bbox 665 4124 693 4167; x_wconf 83' lang='lat' dir='ltr'>et</span> <span class='ocrx_word' id='word_1_232' title='bbox 709 4115 776 4169; x_wconf 76' lang='lat' dir='ltr'>alias</span> <span class='ocrx_word' id='word_1_233' title='bbox 794 4114 884 4187; x_wconf 81' lang='lat' dir='ltr'>Lapsii</span> <span class='ocrx_word' id='word_1_234' title='bbox 905 4113 1029 4168; x_wconf 82' lang='lat' dir='ltr'>oratoris.</span> 
     </span>
     <span class='ocr_line' id='line_1_32' title="bbox 1111 4203 1176 4271; baseline 0 -25"><span class='ocrx_word' id='word_1_235' title='bbox 1111 4227 1125 4271; x_wconf 62' lang='grc' dir='ltr'>Ι</span> <span class='ocrx_word' id='word_1_236' title='bbox 1155 4203 1176 4246; x_wconf 59' lang='grc' dir='ltr'><strong>θ</strong></span> 
     </span>
    </p>
   </div>
   <div class='ocr_carea' id='block_1_8' title="bbox 0 0 1728 5206">
    <p class='ocr_par' dir='ltr' id='par_1_10' title="bbox 0 0 1728 5206">
     <span class='ocr_line' id='line_1_33' title="bbox 0 0 1728 5206; baseline 0 0"><span class='ocrx_word' id='word_1_237' title='bbox 0 0 1728 5206; x_wconf 95' lang='lat' dir='ltr'> </span> 
     </span>
    </p>
   </div>
  </div>
 </body>
</html>
