3382 5206
590 623 820 694 cremamus
843 640 891 690 rr
912 638 1076 691 uermes·
1256 618 1326 707 ‚557

327 744 489 828 firmitas,
511 741 660 827 vanitas,
682 743 854 831 paucitas,
877 737 1003 805 raritas.
1038 733 1286 807 Eodem'modo
1316 737 1353 802 in

328 848 448 938 plurali
475 871 611 916 numero
641 847 880 929 inveniuntur,
901 861 938 910 ut
968 846 1155 934 margines,
1177 841 1353 925 cardines,

329 952 495 1037 furfures,
518 951 672 1020 fomites,
704 948 873 1041 cespides,
895 948 1072 1040 cuspides,
1096 948 1271 1031 termites,
1297 947 1357 1014 sti-

331 1065 436 1154 pites,
457 1061 620 1154 poplites,
646 1061 800 1144 remites,
822 1060 989 1144 murices,
1011 1057 1186 1142 sandices,
1209 1075 1243 1124 et
1263 1046 1358 1126 simi·

330 1169 385 1235 lia.
409 1170 459 1236 Ita
482 1192 616 1260 quoque
637 1166 794 1259 singulari
819 1165 991 1255 pontifex,
1014 1163 1129 1232 artifex
1151 1211 1163 1249 ,
1184 1160 1357 1245 carnifex,

332 1273 482 1359 aurifex,
506 1275 633 1364 extipcx
657 1275 713 1365 qui
738 1293 768 1340 et
794 1296 961 1362 aruspex,
984 1269 1088 1361 opifex
1113 1296 1189 1339 vero
1214 1292 1358 1359 anapae-

333 1401 382 1449 sto
417 1384 574 1472 conpetit.
608 1379 639 1448 A
673 1383 782 1450 verbis
813 1399 919 1450 autem
953 1380 1100 1471 exempla
1133 1377 1358 1469 amphimacro

335 1487 538 1575 conpetentis
560 1485 667 1579 prima
690 1510 827 1575 persona
849 1486 999 1553 invenire
1015 1486 1168 1575 nequivi,
1191 1485 1253 1550 nisi
1276 1482 1358 1550 forte

335 1590 440 1656 frnalis
463 1588 588 1680 syllaba
613 1589 808 1657 authenticis
829 1587 1021 1655 inlustrium
1049 1598 1217 1678 poetarum
1247 1610 1357 1656 exem·

339 1693 400 1782 plis
431 1695 615 1784 repperitur
645 1693 794 1785 produci.
825 1693 989 1786 Vergilius
1017 1730 1064 1746 -
1092 1692 1296 1762 horrendum
1326 1709 1359 1760 et

340 1798 427 1864 dictu
453 1798 548 1864 video
566 1796 753 1865 miserabile
770 1815 962 1865 monstrum.
986 1835 1032 1850 -
1054 1798 1096 1865 Et
1120 1795 1200 1864 alibi
1222 1814 1363 1873 -teu-

342 1926 478 1992 crosque
501 1920 633 1992 penates
654 1901 849 1971 commendo
872 1905 978 1970 sociis.
1000 1938 1046 1955 -
1067 1901 1133 1970 Sed
1156 1902 1221 1970 hoc
1247 1919 1361 1968 aucto-

343 2011 438 2072 ritate
462 2010 568 2097 potius
591 2032 690 2099 quarn
712 2010 839 2076 ratione
862 2008 959 2076 valet.
982 2008 1069 2076 Nam
1091 2009 1126 2075 in
1151 2009 1267 2076 ceteris
1289 2032 1364 2099 per·

342 2138 496 2182 sonarum
521 2113 796 2184 declinationibus
820 2113 1066 2205 amphimacrus
1089 2115 1207 2183 crebro
1229 2117 1365 2184 insertus

345 2236 542 2302 annotatur,
565 2237 601 2285 ut
623 2218 798 2311 conglobas
822 2217 1047 2310 conglobant,
1069 2217 1218 2288 ambulas
1247 2210 1366 2287 ambu-

344 2324 445 2409 lant,
471 2328 607 2392 cursitas
633 2326 832 2408 cursitant,
858 2324 997 2391 somnias
1029 2324 1224 2411 somniant,
1247 2326 1368 2396 bassias

347 2433 496 2496 bassiant.
522 2432 569 2498 Ut
590 2430 728 2498 Ovidius
748 2467 794 2482 -
819 2427 914 2497 dulce
937 2430 1114 2521 quiescenti
1138 2431 1245 2498 hassia
1275 2429 1369 2499 blan·

348 2537 386 2601 da
413 2536 523 2602 dabas.
546 2574 592 2589 -
614 2537 733 2627 Expias
756 2538 896 2627 expiant.
920 2536 1038 2603 Oritur
1061 2554 1093 2603 et
1116 2562 1135 2603 a
1158 2539 1254 2605 tertia
1288 2562 1369 2606 con·

347 2645 512 2732 iugatione
534 2642 694 2732 producta
723 2644 758 2710 in
789 2644 884 2710 tertia
904 2666 1043 2733 persona
1065 2642 1211 2732 plurali,
1242 2661 1276 2709 ut
1299 2641 1367 2709 far-

350 2749 460 2833 ciunt,
482 2752 648 2834 sarciunt,
665 2750 827 2833 tinniunt,
847 2749 1024 2832 hinniunt,
1047 2749 1200 2838 sopiunt,
1222 2748 1371 2839 sepiunt,

348 2853 527 2938 sanciunt,
549 2852 717 2936 bulliunt,
739 2855 880 2922 acciunt.
903 2851 1137 2944 A'participiis
1160 2849 1373 2922 nihilominus

352 2974 496 3048 tempore
509 2962 670 3051 praesenti
693 2961 857 3052 gignitur,
873 2978 909 3027 ut
932 2961 1103 3044 territans,
1122 2959 1288 3043 bassiane,
1308 2982 1373 3024 am-

352 3062 477 3153 plians,
501 3071 651 3159 expians,
676 3070 846 3153 imbuens,
868 3067 1029 3153 induens,
1052 3093 1188 3153 exuens,
1211 3068 1379 3149 ambiens,

353 3173 524 3260 garriens,
546 3176 708 3264 pruriens.
733 3188 767 3240 Δ.
791 3172 1045 3264 Amphimacrus
1064 3173 1152 3243 unde
1176 3170 1376 3242 vocabulum

352 3275 517 3367 sumpsit?
546 3279 641 3366 Quod
673 3280 715 3346 ab
739 3296 880 3373 utraque
901 3298 995 3371 parte
1016 3280 1121 3371 longis
1138 3277 1274 3371 syllabis
1307 3280 1374 3346 cir·

355 3383 517 3452 cumclusa
541 3386 651 3454 brevis
675 3388 816 3479 cingitur
836 3411 847 3466 ς
871 3409 945 3454 nam
968 3380 1074 3480 purple
1096 3387 1220 3480 longa,
1241 3405 1273 3457 et
1301 3412 1376 3453 ma·

357 3484 500 3578 crologia
523 3485 620 3580 longa
642 3490 799 3557 sententia
823 3486 951 3557 dicitnr.
977 3491 1048 3574 Qua
1072 3490 1238 3559 divisionis
1269 3490 1378 3580 specie

358 3590 445 3659 idem
467 3616 523 3682 pes
541 3589 788 3684 sequestratur?
804 3595 851 3662 Μ.
869 3595 1142 3686 Amphimacrnm
1161 3595 1306 3688 sescupla
1327 3592 1379 3660 di·

360 3699 479 3766 visione
509 3700 697 3789 partimur,
727 3702 804 3793 quia
827 3703 908 3769 arsis
931 3720 964 3769 et
997 3702 1094 3772 thesis
1117 3704 1196 3771 bina
1228 3720 1261 3770 et
1294 3704 1378 3774 trina

358 3822 540 3892 temporum
561 3803 807 3895 intercapedine
832 3805 1040 3877 dirimuntur.
