3382 5206
366 561 387 609 a

328 668 407 742 tur!
429 663 523 739 llaec
544 665 629 736 visio
650 665 726 737 talis
748 682 829 738 erat.
851 664 933 737 Vidi
960 723 969 753 ‚
996 667 1042 738 ait
1068 684 1162 739 vates
1184 668 1228 766 (a)
1253 722 1263 755 ‚
1291 667 1344 739 in·

329 811 491 859 mensum
512 785 644 858 flumen
664 784 708 857 de
729 783 824 858 caelo
851 783 964 858 ssuens
990 786 1059 858 alto
1081 816 1093 882 3
1120 803 1156 859 et
1182 787 1248 859 hoc
1276 786 1343 860 flu-

329 930 412 977 men
432 903 556 976 vinum
575 918 656 976 erat.
673 899 798 976 Alium·
814 931 954 1004 quoque
974 903 1127 978 rivulum
1146 903 1218 976 ridi
1238 931 1257 977 e
1277 920 1345 978 ter·

330 1049 388 1095 rae
409 1037 610 1096 manantem
628 1021 746 1122 petris.
762 1018 859 1094 Tum
879 1037 953 1094 orto
974 1021 1086 1096 iubari
1105 1021 1207 1112 solis,
1224 1039 1343 1122 raptus

328 1159 379 1216 est
399 1141 459 1216 ille
480 1142 613 1216 rivulus
633 1142 770 1216 obviam
790 1141 995 1239 fluminiab
1021 1142 1090 1217 alto
1117 1143 1283 1233 labenti,
1309 1160 1347 1217 et
1394 1133 1398 1137 ’

328 1261 469 1336 collecti
489 1263 527 1335 in
546 1288 662 1336 unum
681 1262 781 1336 fluvii
794 1261 918 1335 vinum
933 1264 1051 1338 effecti
1065 1280 1167 1349 sunt:
1184 1279 1218 1337 et
1229 1289 1344 1336 unum

326 1397 400 1454 erat
420 1380 553 1453 flumen
578 1395 612 1453 et
636 1377 733 1454 rivus
755 1378 910 1480 implens
934 1380 1117 1471 tellurem,
1139 1380 1176 1453 in
1199 1408 1270 1480 quo
1291 1381 1345 1452 in·

329 1500 470 1599 numeri
496 1500 578 1599 agni
600 1516 635 1573 et
656 1498 758 1573 vituli
783 1498 975 1590 ludebant,
995 1499 1209 1600 libentesque
1224 1527 1267 1573 ex
1301 1527 1344 1573 eo

328 1617 518 1716 inhebriati
549 1616 810 1718 epithalamium
841 1617 1043 1715 canebant3
1075 1634 1109 1691 et
1136 1645 1259 1691 eorum
1283 1646 1342 1693 au·

325 1736 399 1812 dita
416 1765 527 1827 voce,
548 1736 684 1811 caelum
702 1765 742 1809 ac
763 1753 853 1809 terra
872 1738 1000 1837 pariter
1018 1737 1141 1812 laetata
1159 1753 1252 1812 sunt.

406 1883 438 1930 2.
467 1853 563 1928 Haec
584 1855 706 1939 eadem
724 1854 924 1929 vaticinatio
951 1855 989 1929 in
1015 1856 1069 1930 his
1089 1884 1187 1930 nunc
1210 1873 1342 1957 tempo

324 1975 423 2050 ribus
442 1975 579 2049 videtur
598 2004 670 2049 esse
690 1975 881 2077 completa,
895 2002 978 2049 cum
992 1975 1062 2049 sole
1084 1975 1143 2049 illo
1163 2001 1236 2048 non
1255 1993 1341 2050 tem·

322 2095 433 2196 porali
451 2105 550 2185 orto,
568 2093 630 2168 sed
648 2123 729 2170 vero
748 2113 785 2168 et
801 2095 974 2197 perhenni
994 2096 1066 2170 lilio
1084 2094 1178 2186 Dei,
1199 2096 1334 2170 flumen

322 2216 410 2292 illud
429 2218 574 2292 cineum
592 2219 782 2319 scripturae
801 2219 981 2316 caelestis,
997 2247 1057 2294 cor
1075 2219 1250 2309 hominis,
1267 2220 1335 2292 hoc

323 2354 375 2413 est
394 2339 500 2414 totius
520 2339 664 2412 humani
685 2340 845 2438 generis,
872 2338 1132 2439 laetificans'(b)
1157 2339 1257 2413 omni
1284 2339 1336 2413 in-

200 2532 204 2543 ,
322 2459 423 2533 fluxit
442 2460 642 2533 terraercui
661 2488 769 2560 aquae
789 2459 941 2549 rivulus,
956 2459 991 2532 id
1012 2475 1062 2533 est
1080 2459 1334 2560 philosophiae,

320 2577 357 2652 id
377 2595 427 2653 est
447 2577 677 2679 eloquentiola
692 2635 702 2668 ,
718 2608 806 2679 quae
827 2595 862 2651 et
882 2579 953 2679 ipsa
972 2578 1096 2652 vinum
1115 2580 1240 2653 effecta
1261 2598 1334 2672 est,

320 2699 510 2800 scripturae
530 2699 681 2774 admixta
701 2699 860 2774 caelestis
876 2699 913 2772 in
932 2727 1003 2799 quo
1019 2699 1167 2774 flumine
1181 2699 1282 2772 vituli
1301 2718 1336 2775 et

319 2819 402 2917 agni
420 2817 549 2893 ludunt
571 2874 581 2908 ,
608 2818 750 2892 iuvenes
769 2818 903 2891 scilicet
922 2834 957 2891 et
976 2817 1119 2917 pennati
1138 2818 1297 2891 sensibus
1321 2877 1332 2908 ,

320 2953 529 3037 orantesque
556 2936 848 3036 epithalamium,
876 2936 1025 3013 citharae
1052 2965 1092 3011 ac
1120 2939 1151 3012 si
1178 2937 1335 3013 modula·

320 3073 383 3147 tu,
410 3074 643 3154 congruenter
663 3073 818 3157 apteque
839 3056 1049 3152 decantant3
1075 3058 1249 3158 nuptiales
1269 3057 1337 3132 sci·

319 3174 402 3248 licet
432 3176 740 3249 sacratissimorum
770 3192 892 3250 cantus
927 3175 1165 3249 conviviorum
1201 3202 1334 3276 ponen-

319 3311 394 3371 tes:
419 3323 570 3396 quorum
599 3288 682 3369 voc'e
710 3295 860 3384 audita,
889 3295 1025 3369 caelum
1051 3313 1086 3370 et
1112 3313 1201 3375 terra
1225 3352 1235 3385 ,
1268 3297 1336 3396 spi-

318 3415 435 3488 ritales
453 3415 587 3490 scilicet
607 3431 642 3487 et
662 3415 815 3488 carnales
834 3415 1016 3504 homines,
1037 3415 1187 3513 gaudent
1207 3423 1335 3513 et'gra·

322 3535 488 3608 tulantur.

399 3653 432 3728 3.
460 3650 624 3749 Quorum
641 3680 757 3742 unus,
773 3652 961 3750 gratissime
976 3679 1017 3726 ac
1033 3651 1256 3727 dilectissime
1268 3652 1334 3724 sra-

318 3789 372 3845 tcr
390 3770 462 3845 Iuli
480 3772 648 3862 diacone,
663 3770 853 3873 scripturae
867 3771 1002 3847 divinae
1022 3789 1057 3847 et
1077 3771 1239 3847 caelestis·
1251 3769 1333 3845 doc·

397 3968 436 4036 (ι)
452 3969 510 4019 eod,
521 3976 590 4014 vatis·
603 3971 643 4015 Est
653 3979 730 4014 antam
741 3971 915 4030 corruptissima
926 3973 1070 4031 prm-atiel
1080 3972 1147 4015 hoio·
1158 3972 1180 4015 ia
1192 3969 1270 4016 codice
1279 3986 1331 4015 nsa-

322 4043 425 4106 polit-no
442 4050 572 4108 scriptura.
591 4053 618 4090 nt
629 4046 687 4090 inira
699 4050 785 4108 passim
797 4045 1002 4094 demonstrabitur·
1034 4040 1076 4112 (h)
1092 4047 1148 4093 cst.
1164 4046 1329 4107 laetficantis.
