3382 5206
514 566 562 665 78
886 541 1037 630 rrimus
1062 584 1092 631 v.

485 759 509 790 ‚‚
535 700 623 772 luna
647 695 816 771 omnibus
841 692 950 767 etiam
973 692 1079 766 astris
1096 692 1193 764 varia
1210 691 1353 792 pictura
1375 694 1492 794 splen-

484 877 508 909 „
535 816 709 890 dentibus
734 815 781 914 (a)
807 830 957 887 omatus
977 868 987 902 ,
1009 811 1205 887 nascituris
1228 813 1268 885 in
1293 840 1337 886 eo
1360 831 1492 888 morta·

487 998 510 1030 ,‚
536 923 633 1011 libus
657 961 785 1009 sensus
805 931 1084 1008 loculentissimi
1109 930 1317 1007 conlaturus
1346 932 1492 1033 adaper-

489 1117 512 1149 ,‚
538 1059 709 1145 tionem,
741 1070 779 1127 et
808 1053 848 1125 in
874 1053 1038 1127 omnium
1066 1053 1139 1126 fine
1168 1052 1402 1126 resolvendus
1426 1072 1491 1130 aut

488 1236 512 1269 ,‚
538 1176 649 1251 etiam
674 1170 926 1248 reformandus
950 1226 985 1260 ‚,.
1007 1168 1121 1244 Vides
1143 1197 1288 1245 omnem
1311 1187 1492 1245 texturam

484 1297 638 1372 huiusce
664 1292 781 1393 operis
803 1316 869 1390 per
890 1287 1079 1391 participia
1105 1289 1299 1365 verborum
1326 1289 1406 1363 loco
1432 1318 1493 1390 po·

486 1413 784 1490 sitadirectem.
811 1407 860 1483 Et
890 1409 980 1482 haec
1011 1407 1240 1483 consuetudo
1268 1423 1411 1481 vetusta
1440 1425 1493 1482 te-

486 1534 571 1609 nuit
592 1528 850 1607 fortitudinem
872 1554 937 1627 per
959 1525 1090 1601 multas
1113 1525 1260 1602 Africae
1288 1543 1398 1627 atque
1421 1523 1493 1600 Eu-

484 1679 592 1754 ropae
613 1644 818 1751 provincias
843 1701 854 1735 ,
884 1661 925 1721 ut
946 1645 1135 1747 participia
1157 1673 1222 1748 pro
1251 1646 1370 1720 verbis
1395 1648 1490 1723 sumi

484 1775 633 1849 soleant.
647 1767 722 1843 Sed
745 1794 813 1841 nos
832 1823 843 1856 ‚
867 1766 1002 1868 quihus
1025 1767 1094 1840 hoc
1117 1766 1304 1841 scribendi
1327 1767 1491 1842 studium

484 1922 505 1969 a
528 1887 740 1965 doctoribus
762 1885 898 1961 nostris
921 1913 998 1960 non
1023 1902 1077 1961 est
1100 1886 1301 1977 traditum,
1325 1904 1367 1962 ut
1392 1888 1491 1963 eliud

484 2040 551 2116 pro
574 2008 692 2084 verbis
709 2007 829 2106 legere
853 2023 917 2081 aut
932 2006 1093 2081 scribere
1111 2006 1313 2096 soleamus,
1333 2007 1495 2109 requira-

486 2158 567 2207 mus
580 2145 706 2202 utrum
717 2125 800 2226 quis
812 2125 1049 2225 antiquorum
1058 2142 1203 2225 patrum
1218 2181 1227 2213 ‚
1240 2152 1397 2225 quorum
1411 2154 1496 2200 con·

485 2250 597 2327 traire
620 2246 799 2322 doctrinis
822 2244 1018 2319 maximum
1039 2246 1141 2320 nefas
1164 2264 1219 2319 est
1234 2302 1244 2335 ,
1261 2246 1495 2346 participium

488 2392 662 2469 umquem
682 2391 748 2464 pro
770 2365 881 2437 verbo
905 2364 1128 2464 sumpserit,
1151 2381 1215 2438 aut
1238 2365 1333 2439 sumi
1352 2393 1496 2464 praece·

485 2487 591 2590 perit.
604 2482 713 2581 Quod
738 2483 770 2557 si
792 2482 1038 2556 invenerimus
1061 2538 1072 2572 ‚
1095 2509 1162 2555 nos
1186 2510 1333 2585 quoque
1357 2503 1496 2560 mutata

488 2603 672 2681 sententia
687 2658 696 2689 ‚
718 2601 807 2675 licet
817 2600 1045 2701 prohibuisse
1059 2628 1125 2674 nos
1136 2603 1409 2677 meminerimus
1421 2633 1497 2678 ver-

487 2726 577 2802 bum
601 2752 644 2799 ex
660 2721 851 2822 participio
870 2722 965 2796 effici
987 2748 1117 2821 posse,
1135 2739 1297 2797 nostram
1309 2740 1429 2797 tamen
1444 2724 1497 2796 in-

489 2843 712 2922 mutahimus
736 2841 1000 2916 definitionem

484 2950 489 2963 ’
569 2992 602 3066 7.
622 2962 762 3036 Verum
784 2979 910 3035 utrum
931 2959 1188 3061 participium,
1208 2960 1413 3034 secundum
1436 2989 1500 3034 no·

488 3084 632 3160 minum
654 3080 795 3178 regulas
823 3136 833 3169 ‚
855 3077 1132 3180 comparationis
1157 3078 1287 3174 gradus
1311 3079 1464 3178 recipiat
1489 3137 1499 3167 ,

490 3200 702 3303 diligentius
725 3196 973 3295 indagandum
996 3213 1060 3272 est.
1079 3195 1173 3269 Nam
1194 3196 1301 3270 multi
1324 3198 1502 3271 arbitran-

491 3341 553 3397 tur
562 3318 796 3422 participium
807 3344 882 3390 non
895 3343 998 3415 posse
1013 3315 1161 3389 omnino
1175 3317 1395 3415 comparari,
1408 3346 1500 3418 quos

490 3440 721 3515 authenticae
746 3435 915 3512 lectionis
936 3434 1055 3531 argdit
1077 3436 1124 3536 (b)
1147 3433 1355 3532 amplitudo.
1374 3433 1501 3510 Restat

490 3559 603 3656 igitur
627 3573 669 3630 ut
693 3554 855 3653 regulam
873 3551 970 3626 illam
992 3609 1000 3641 ,
1026 3579 1135 3653 quam
1157 3551 1336 3627 adverbiis
1360 3580 1401 3626 ex
1425 3582 1502 3652 par·

491 3677 617 3777 ticipio
642 3673 829 3749 sumendis
851 3672 1063 3772 posuimus,
1082 3671 1190 3746 stiam
1208 3672 1377 3771 gradibus
1396 3675 1504 3772 parti·

493 3795 671 3898 cipiorum
692 3793 762 3866 rite
788 3792 1110 3892 comparandorum
1133 3811 1331 3865 teneamus.
1349 3790 1502 3865 Partici

490 3917 593 4025 pium
617 3914 787 4014 temporis
810 3913 1010 4013 praesentis
1034 3911 1210 3985 neutralis
1234 3912 1336 3985 verbi
1359 3911 1504 3986 indubi·
1610 3936 1616 3947 ‘

577 4066 613 4131 (a)
631 4067 687 4118 cod.
701 4066 869 4124 pandentibus.
915 4061 954 4128 (lt)
972 4066 1029 4113 Cod.
1044 4080 1097 4107 eum
1113 4079 1154 4123 pro
1169 4083 1180 4105 u
1216 4070 1258 4105 ns't.
