3382 5206
454 640 628 688 arsamus
656 637 898 686 ncorcruams.
1106 618 1170 707 lot

502 854 629 922 XXIV.
656 875 698 919 ua
724 873 885 921 sannone.

183 995 275 1129 Vis
297 1065 429 1130 inimica
455 1067 541 1155 viget
569 1063 704 1130 morbus
728 1087 802 1129 cum
823 1061 962 1151 perfurit
988 1065 1132 1155 ingens,

181 1168 351 1259 Languida
375 1169 537 1236 terrificus
550 1168 683 1257 perimit
706 1192 781 1233 cum
805 1169 928 1236 viscera
949 1168 1063 1235 carbo.

180 1273 264 1339 Iovis
285 1271 363 1338 huie
391 1273 518 1338 barbae
539 1297 635 1339 sucus
647 1274 837 1362 pariterque
855 1272 1043 1363 benignae,

180 1378 270 1460 Quae
291 1375 387 1443 simul
417 1376 613 1458 asthonis,
641 1401 791 1442 necnon
819 1377 956 1444 contrita
986 1376 1099 1442 savina

179 1482 330 1550 Stercore
351 1506 425 1547 eum
447 1481 570 1546 nitidae
596 1497 752 1570 potantur
770 1482 841 1545 iura
868 1480 1064 1557 columbae;

180 1588 315 1675 Sumpta
343 1589 474 1676 quaesi
502 1587 640 1653 tremulo
654 1605 824 1654 remanent
848 1590 883 1652 in
906 1589 1052 1677 eorporis
1079 1584 1176 1669 alvu,

181 1695 256 1762 Vita
282 1693 366 1760 salus
394 1693 513 1782 pavido
537 1696 585 1759 sie
613 1696 677 1758 iam
705 1697 908 1783 promittitur
930 1719 1041 1784 aegro.

183 1800 242 1868 Sin
268 1824 346 1866 vero
375 1799 562 1865 exhaustum
588 1799 718 1865 videtur
742 1801 865 1867 reicere
883 1818 1021 1889 potum,

183 1904 290 1972 Crede
309 1905 389 1969 mihi
414 1904 551 1970 celerent
579 1903 708 1969 ridetur
731 1906 875 1995 pandere
900 1921 1050 1970 mortem.

186 2011 280 2076 Hunc
303 2013 400 2077 etiam
429 2010 537 2075 dirum
562 2035 715 2100 raparum
741 2013 864 2078 semine
884 2011 959 2101 pelli

184 2113 331 2181 Asseruit
353 2116 490 2199 Quintus
520 2139 594 2182 vera
620 2119 744 2183 ratione
766 2116 906 2184 Serenus
931 2116 944 2202 (
969 2124 991 2194 l.

183 2224 325 2286 Prosunt
349 2239 379 2287 et
403 2222 557 2311 impressa
578 2225 669 2312 gravi
695 2225 838 2289 cauteria
859 2223 999 2307 morbo,

185 2325 267 2391 Kalr
295 2326 394 2391 etiam
420 2329 492 2392 vira
514 2329 620 2393 statim
649 2329 873 2416 conspargitur
897 2330 931 2393 in
958 2352 1034 2417 quo.

186 2430 337 2520 Cumque
361 2430 421 2496 Dei
450 2430 536 2497 iussu
557 2428 655 2498 fuerit
681 2431 868 2496 rubicunda
884 2432 1043 2515 cicatrix,

181 2539 278 2603 Tunc
302 2561 377 2603 vero
403 2535 587 2625 intrepidus
613 2537 761 2602 timidam
789 2539 974 2627 componito
992 2560 1131 2621 curam,

185 2643 256 2726 Quo
274 2642 434 2710 virulenta
455 2641 522 2709 lues
540 2641 644 2711 valeat
656 2642 790 2710 haurire
810 2668 941 2710 veneua.

182 2748 254 2825 lloc
281 2765 388 2812 tamen
411 2763 567 2831 attestor,
595 2771 707 2814 noscas
729 2751 830 2814 vitare
850 2772 1000 2837 soporem
1016 2796 1035 2832 ,v

183 2853 234 2918 Ne
254 2852 418 2919 redivivus
437 2871 528 2919 atrox
546 2855 644 2942 possit
667 2879 819 2943 reparare
840 2858 995 2944 vigorem.

421 3065 533 3141 XXV·
559 3088 602 3133 oa
627 3085 703 3134 acm
728 3084 949 3134 anrnmrtca.

189 3206 303 3344 Sicui
332 3274 489 3342 coxendix
517 3298 661 3364 gressum
686 3275 888 3342 fraudaverit
908 3277 1036 3363 ipsum,

185 3384 330 3470 Ossaque
351 3380 548 3469 perlustrans
576 3377 931 3467 fu1·ibundus,ereven·t
956 3379 1099 3464 humor,

184 3483 283 3549 Sume
307 3482 518 3571 polypodium
540 3507 638 3572 quam
667 3483 778 3551 dieunt
798 3510 863 3552 esse
882 3484 1040 3569 filiolam,

185 3587 246 3650 Cui
272 3588 358 3652 bene
380 3589 535 3651 miscetur
560 3590 653 3652 tritus
675 3589 880 3680 cariophylus
907 3607 977 3656 ater

186 3693 323 3759 Ductilis
349 3712 378 3759 et
401 3696 520 3784 piper,
544 3710 673 3784 gratum
698 3697 822 3762 mactis
844 3720 1080 3785 cynnamomum.

185 3800 240 3865 Sic
267 3818 377 3888 potum
398 3801 514 3877 liacias3
537 3802 661 3866 tribuas
688 3801 828 3868 sednon
852 3805 920 3868 sine
938 3801 1042 3871 melle.

185 3901 325 3973 Arboris
341 3905 504 3972 ulmineae
524 3905 624 3972 discas
645 3906 835 3996 perquirere
856 3906 999 3990 librum,

268 4060 314 4129 (t)
334 4062 400 4133 Cap·
417 4064 529 4115 corboni
546 4063 688 4118 medendo.
