3382 5206
677 603 720 649 nt
744 599 1001 688 conrunerrent.
1272 584 1320 687 87

330 724 443 813 toque
462 707 665 810 lugendum
684 713 818 788 affectu
835 771 846 806 ,
865 713 964 816 quod
995 736 1078 791 cum
1105 731 1246 795 ceterae
1274 745 1352 799 era·

328 829 440 903 tionis
460 847 605 931 partes,
626 846 706 904 tum
724 831 876 906 maxime
897 832 1206 925 coniunctiones,
1225 837 1354 915 eonsu-

329 977 390 1024 sae
411 966 446 1023 et
467 947 726 1026 circumiectae
746 949 843 1039 sint,
865 949 904 1022 in
925 969 1068 1026 tantum
1086 968 1126 1026 ut
1151 952 1250 1027 inter
1269 980 1354 1031 ceu·
1437 942 1441 965 ⁸

328 1071 420 1144 sales
433 1071 535 1146 nulla
546 1099 662 1172 paene
676 1069 848 1143 distantia
861 1067 919 1144 sit.
931 1069 1079 1145 Donato
1092 1070 1174 1146 meo
1185 1099 1353 1173 parem,

327 1191 396 1292 qui
406 1193 501 1265 hane
515 1189 692 1265 orationis
702 1209 841 1292 partem
851 1189 1006 1264 maxime
1021 1192 1238 1283 confundit,
1250 1193 1352 1294 quod

326 1313 440 1387 frater
468 1311 549 1386 eius
574 1308 696 1400 Don,
730 1310 931 1385 rectissime
964 1310 1235 1411 reprehendit,
1265 1312 1352 1412 quis

330 1431 526 1507 rectissime
553 1431 705 1510 iteravit.
731 1430 830 1505 Sunt
856 1431 1141 1506 coniunctiones
1168 1432 1353 1508 iteretivee

331 1580 426 1653 quae
448 1551 616 1627 eumdem
635 1575 785 1624 sensum
798 1548 1036 1650 eamdemque
1051 1549 1274 1626 sententiam
1291 1550 1355 1626 ite·

331 1689 432 1768 rant3
452 1701 545 1773 quae
566 1687 654 1746 sunt
673 1667 781 1743 item·
801 1667 973 1771 itemque·
986 1667 1125 1743 itidem·
1137 1668 1351 1745 identidem·

330 1792 567 1866 tantumdem·
592 1818 750 1866 rursum·
781 1785 1062 1865 denuo·iterum.
1096 1787 1196 1866 Sunt
1227 1808 1349 1866 tamen

328 1919 424 1985 irater
453 1908 563 1984 Afros
591 1910 786 2011 scriptores
818 1911 881 2013 qui
915 1910 1005 1985 haec
1030 1911 1200 1985 adverbia
1230 1910 1352 2013 potius
1426 1940 1430 1948 ·

329 2032 514 2103 affirmant
538 2057 617 2103 esse
641 2028 808 2105 iterandi.

407 2153 442 2244 4.
473 2145 645 2221 Causeles
672 2163 795 2222 autem
823 2147 1107 2222 coniunctiones
1138 2165 1224 2223 sunt
1253 2172 1349 2250 quae

328 2268 552 2342 retractandi
565 2284 600 2342 et
612 2267 880 2371 quodammodo
900 2267 1115 2343 destruendi
1129 2268 1348 2344 sententiam

327 2391 463 2463 trahent
484 2417 629 2464 causam
644 2418 654 2486 ;
668 2418 762 2490 quae
775 2405 859 2463 sunt
871 2389 922 2463 si·
937 2416 985 2464 ne
1001 2387 1043 2463 si·
1056 2388 1138 2464 nisi·
1151 2408 1283 2463 tamen·
1293 2417 1350 2465 re·

329 2536 422 2581 rum·
434 2509 551 2581 saltirn
571 2536 617 2582 ne
637 2506 861 2582 ·sed·donee·
874 2535 1067 2610 usquequo
1087 2507 1348 2608 quoadusque·

329 2627 1346 2730 usquedumquatenus·quamdiu-quamvis·quamquam·

329 2748 776 2850 quamlibet·siquidem·et
791 2746 1116 2822 certe.1tarionales
1127 2765 1247 2825 autern
1260 2763 1348 2821 sunt

328 2898 423 2970 quae
445 2899 486 2942 cx
506 2863 746 2968 praecedente
767 2869 949 2942 sententia
965 2869 1145 2944 rationem
1157 2866 1349 2968 sequentis

331 2990 551 3089 requirunt3
578 3016 670 3088 quae
693 3006 780 3062 sunt
800 3017 893 3086 ‚ergo
916 2989 1021 3063 ideo·
1043 2988 1196 3062 idcirco·
1215 2987 1350 3089 itaque·

331 3127 530 3209 propterea·
546 3109 649 3207 epita·
667 3110 712 3208 (a)
732 3104 862 3206 igitur·
883 3137 993 3183 ceros·
1017 3107 1066 3206 (b)
1091 3108 1347 3211 quamobrem·

329 3228 495 3326 proinde·
527 3255 592 3327 per
624 3227 703 3300 hoc·
730 3244 963 3328 quapropter·
998 3245 1189 3327 propterea
1216 3225 1349 3328 qued,

331 3366 368 3421 et
406 3366 537 3421 cetera.
571 3344 668 3420 Sunt
703 3346 811 3421 etiarn
847 3348 1026 3447 quaedam
1067 3346 1349 3421 coniunctiones

329 3495 425 3570 quae
461 3465 715 3540 adsimilativae
748 3465 927 3539 dicuntur
962 3447 1004 3539 eo
1040 3465 1138 3566 quod
1176 3492 1195 3539 a
1230 3465 1349 3538 verbis

331 3585 581 3660 similitudinis
614 3585 836 3687 respondent
866 3644 876 3673 ‚
912 3603 951 3660 ut
987 3586 1059 3657 eic-
1091 3586 1148 3657 ita·
1180 3583 1344 3683 proinde,

331 3706 430 3778 Sunt
459 3705 564 3778 etiam
589 3703 723 3804 pariter
743 3733 835 3802 quae
859 3720 892 3776 et
913 3703 1081 3776 adverbia
1110 3719 1142 3774 et
1174 3702 1348 3777 coniunc-

329 3829 449 3899 tiones
471 3823 656 3897 communi
675 3822 783 3896 modo
796 3823 973 3915 dicentur
990 3880 998 3910 ‚
1020 3840 1060 3894 nt
1076 3821 1267 3921 ·pnnlatirn·
1280 3823 1349 3899 uti·

329 3975 413 4046 que·
428 3941 546 4016 etiarn·
559 3939 740 4040 equidem·
753 3940 901 4012 interea·
913 3958 1112 4039 propterea.
1125 3938 1293 4013 Dicimus
1314 3970 1348 4013 e·

410 4089 449 4155 (r)
468 4096 503 4133 Ita
521 4091 569 4133 cod.
618 4085 658 4152 (b)
677 4094 721 4134 Huc
739 4101 771 4133 ret
790 4105 895 4146 graecum
913 4077 1008 4132 imm.
