3382 5206
483 498 712 553 ounautrrcs
736 503 782 549 rr
806 498 969 548 uarnrcs.
1154 480 1244 572 595'

213 605 270 694 qui
292 605 417 696 primus
437 601 479 668 ab
495 602 574 668 oris.
593 603 697 669 Breve
717 617 764 667 est
784 598 978 691 significatio
1002 617 1173 690 correptas
1189 622 1243 669 vu

213 709 316 797 calis,
337 727 372 776 ut
386 724 435 776 est
449 708 599 797 -ingens
615 709 636 745 ⁴*
651 725 764 774 acutus
782 706 928 772 carmina
944 723 1054 771 nostra
1071 722 1241 777 canunt·,
1265 717 1280 749 ⁸
1296 735 1370 779 sug.

212 814 354 906 Spiritus
374 831 420 881 est
442 813 616 903 productio
630 814 718 878 vocis
738 836 822 902 quae
838 828 894 876 aut
919 813 1015 877 citata
1037 831 1091 878 aut
1106 811 1187 878 lenis
1205 814 1246 879 dc

215 944 272 988 ore
296 920 474 1012 profertur.
502 920 642 1009 Spiritus
668 936 743 984 suut
768 918 833 982 tluo
862 916 949 983 dasia
976 935 1008 983 et
1031 917 1121 1007 psile.
1149 920 1247 987 Dasio

215 1045 262 1097 est
284 1024 425 1119 qualitas
439 1026 586 1119 syllabae
613 1032 700 1092 iusta
715 1028 857 1090 sonitum
878 1025 1051 1114 spirantis,
1073 1040 1107 1091 ut
1121 1042 1170 1093 est
1185 1025 1248 1093 lto-

215 1158 294 1221 nto,
316 1133 494 1201 habitans,
517 1132 653 1199 babens.
669 1131 754 1200 Psile
776 1148 821 1198 est
836 1129 976 1221 qualitas
993 1129 1141 1224 syllabae
1163 1157 1249 1222 qnae

216 1241 304 1307 iusta
326 1239 561 1309 extremitatem
582 1237 745 1305 labiorum
771 1234 960 1327 profertur,
988 1257 1021 1304 ut
1043 1255 1156 1305 orator
1175 1236 1248 1304 adi-

216 1344 241 1411 it
267 1366 373 1413 orare.
401 1344 509 1411 Passio
536 1358 581 1410 est
608 1367 669 1409 vot
702 1341 863 1431 passibilis
890 1344 1065 1407 coniuncta
1094 1361 1125 1410 et
1156 1345 1246 1408 unita

216 1468 255 1517 et·
274 1447 451 1518 divisibilia
480 1449 675 1517 discernens.
693 1449 859 1516 Passiones
886 1464 960 1514 sunt
990 1448 1059 1514 slt-
1073 1486 1082 1509 ι
1097 1467 1248 1537 apostro-

214 1554 323 1646 phos,
350 1555 507 1649 hyphen,
537 1555 774 1646 hypodiastole.
801 1552 1022 1644 Apostrupbus
1045 1572 1092 1622 est
1120 1558 1246 1646 siguum

214 1661 350 1736 extritae
375 1662 498 1728 vocalis
521 1662 615 1727 unius
640 1681 696 1729 aut
726 1661 890 1744 duarum,
914 1687 996 1752 quus
1028 1689 1091 1728 nou
1123 1662 1249 1727 babent

218 1766 326 1834 Latini
346 1767 404 1836 sed
422 1769 553 1837 Graeci.
579 1767 723 1860 Hyphsn
746 1787 793 1837 est
814 1769 1003 1837 coniunctio
1032 1768 1183 1834 dictionis
1210 1792 1248 1833 es

215 1871 344 1940 duabus
366 1873 519 1964 perfectis
534 1872 775 1963 imperfectisve
798 1873 1016 1963 compositae,
1039 1892 1075 1939 ut
1092 1890 1139 1940 est
1162 1872 1246 1939 luci·

214 1977 286 2048 lert
311 1982 500 2070 unigenitus
528 1981 773 2071 primogenitus.
800 1978 1034 2072 llypodiastnle
1053 1995 1101 2045 est
1133 1978 1251 2045 divisio

214 2088 466 2177 compositarum
487 2086 668 2153 litterarum
689 2105 824 2178 propter
843 2087 1090 2177 ambiguitates,
1114 2102 1150 2150 ut
1171 2103 1246 2150 εει-
1268 2086 1271 2091 ’

214 2189 380 2283 viridique
401 2193 436 2256 in
462 2191 558 2257 litore
582 2194 779 2281 conspicitur
800 2218 907 2258 sus-
921 2192 965 2257 Ut
987 2215 1050 2256 uon
1073 2207 1162 2256 erret
1190 2193 1248 2281 qui

216 2292 330 2386 legat,
353 2318 395 2360 ue
410 2318 541 2385 prorsus
565 2320 677 2361 ursum
698 2295 791 2386 lugat.
811 2296 934 2362 Acutus
954 2294 1026 2361 luca
1049 2295 1149 2364 babet
1165 2298 1250 2378 tria,

217 2401 382 2493 quomodo
403 2402 516 2469 dicunt
535 2404 680 2485 Graeci,
701 2404 807 2467 Latini
834 2403 920 2483 duo,
936 2401 1172 2491 penultimam,
1193 2429 1249 2470 su·

215 2505 470 2596 tepeuultimam.
493 2506 677 2574 Peuultima
705 2532 823 2573 numen
849 2525 894 2573 est
920 2525 995 2573 ante
1024 2531 1120 2570 unam
1145 2505 1246 2598 sylla·

213 2610 292 2678 baut
318 2637 337 2678 a
364 2612 430 2681 linc
453 2612 579 2679 habens
600 2630 795 2696 accentum,
817 2630 852 2678 ut
880 2611 970 2677 sirma
998 2610 1103 2679 (irus,
1128 2610 1244 2679 honus.

214 2717 480 2811 Autepsnultima
504 2736 549 2788 est
573 2738 786 2786 nomenante
818 2718 896 2783 daras
916 2717 1056 2809 syllabas
1080 2717 1244 2785 babensa

205 2824 280 2921 ,line
302 2843 506 2909 accentum,
531 2843 566 2892 nt
590 2842 636 2893 est
659 2823 818 2892 Basilius,
843 2824 1052 2916 Gregorius,
1081 2821 1244 2893 Bobitius.

213 2929 450 2997 Circumflesus
469 2954 585 2997 nomen
608 2947 654 2996 est
674 2928 744 2995 loca
765 2931 891 2996 babens
916 2928 1004 2996 ‹luos
1024 2931 1108 2995 sicut
1132 2927 1249 2996 dieunt

212 3035 358 3118 Graeci,
383 3035 491 3101 Latini
515 3050 624 3100 autem
651 3059 760 3099 uuum·
788 3035 1024 3101 Circumflesus
1051 3057 1171 3101 nomeu
1197 3051 1246 3101 est

215 3155 290 3207 aute
312 3163 410 3205 uuam
434 3137 592 3225 syllabam
620 3164 637 3203 a
664 3140 727 3206 line
749 3140 874 3209 babens
904 3157 1096 3207 accentum,
1120 3137 1249 3206 caelum

215 3242 391 3312 caelorum.
412 3248 576 3337 Tempora
599 3264 769 3336 ponuntur
787 3248 820 3311 in
841 3245 1009 3313 vocalibus
1022 3245 1164 3331 litteris,
1189 3246 1248 3313 ubi

213 3347 440 3440 producuntur
462 3349 514 3417 vel
529 3353 777 3442 corripiuntur,
799 3369 831 3417 ut
846 3369 892 3416 est
915 3350 1017 3431 nihil,
1033 3353 1161 3420 amnis,
1184 3351 1247 3417 lla·

213 3457 321 3525 missas
346 3480 474 3525 munus.
492 3458 632 3548 Spiritus
655 3459 788 3547 ponitur
810 3459 901 3523 initio
932 3456 1092 3524 vocalium
1120 3457 1248 3525 litters·

217 3584 310 3632 rums
325 3564 431 3628 rarius
447 3564 483 3629 in
502 3563 628 3631 medio,
643 3580 679 3627 ut
693 3580 741 3629 est
756 3561 868 3628 huius,
885 3562 994 3644 traho,
1008 3563 1136 3629 inrubo.
1153 3563 1247 3654 Apo·

212 3667 362 3758 strophiis
382 3671 517 3759 ponitur
539 3693 655 3759 supra,
675 3672 758 3736 sieut
776 3667 940 3748 diximus,
964 3693 1037 3759 quo
1057 3693 1121 3735 uon
1151 3686 1248 3736 utun·

211 3789 268 3837 tur
292 3770 399 3839 Latini
426 3771 631 3842 sathracei.
663 3773 802 3864 Hypbcu
829 3776 962 3861 ponitur
989 3772 1072 3839 inira
1102 3773 1144 3839 sal
1171 3772 1246 3840 des·

212 3894 316 3942 teram
338 3892 490 3965 partem,
520 3896 555 3941 ut
578 3894 623 3941 cst
646 3878 864 3944 surburbanus·
894 3878 1128 3969 Hypnsliastula
1147 3881 1244 3967 poni-

182 3999 266 4052 ,tur
295 3980 380 4050 iufra
410 3985 639 4052 contraiistate
674 3985 838 4074 hyphen,
868 4001 899 4048 ut
931 4000 978 4049 est
1015 3984 1248 4054 constantino·

213 4086 308 4177 pulis.

911 4180 951 4246 38
977 4180 997 4217 ¹*

1282 792 1387 841 ΙΙΙςθΜΙ.
