3382 5206
758 574 801 621 ne
819 574 930 624 mmo.
1281 554 1330 635 55

331 713 436 776 mus,
456 685 539 786 quja
559 682 753 757 infinitivus
765 683 889 758 modus
900 684 1095 759 seeundum
1114 689 1358 768 soloecismum
1460 680 1461 685 ἵ

332 836 401 906 pro.
416 806 511 878 omni
533 804 637 878 modo
657 804 859 902 accipiatur.
881 804 927 877 Et
940 823 980 877 nt
995 807 1063 879 hoe
1085 824 1155 878 tam
1176 811 1239 884 tibi
1253 838 1359 911 quam

330 928 497 1000 omnibus
508 925 621 1026 palam
634 925 713 1014 fiat,
733 925 871 998 inventa
884 925 1007 1024 passim
1020 928 1235 1024 proferamus
1248 957 1360 1003 exem·

331 1050 399 1148 pla.
429 1046 602 1120 Catonius
628 1044 772 1145 qnidam
798 1046 971 1116 alrieanus
1000 1047 1034 1117 in
1057 1049 1198 1145 epistola
1221 1050 1264 1123 ad
1291 1048 1381 1122 Rs·

334 1194 454 1238 manos
480 1165 524 1238 tle
552 1192 637 1263 pace
665 1165 767 1236 missa
796 1177 819 1208 “
851 1192 933 1236 cnm
959 1222 968 1252 ‚
998 1165 1109 1264 inquit
1133 1225 1142 1256 ‚
1164 1195 1286 1267 pacem
1312 1170 1360 1241 la·

332 1315 411 1359 cere
433 1344 442 1375 ‚
465 1301 575 1357 vestra
602 1282 790 1383 sequimini
818 1283 999 1355 commoda
1030 1341 1065 1373 ‚‚.
1095 1283 1171 1359 Hoc
1193 1304 1247 1360 est
1266 1287 1359 1360 diee-

332 1436 402 1495 re,
430 1432 513 1479 cum
540 1405 664 1478 facitis.
696 1401 863 1500 Virgilius
891 1431 1031 1502 quoqne
1061 1405 1199 1477 asianus
1231 1407 1268 1477 in
1296 1407 1356 1478 illo
1434 1440 1441 1459 π

328 1555 459 1624 opere,
486 1523 580 1623 quod
607 1522 764 1623 quinque
785 1522 1023 1595 voluminibus
1044 1522 1088 1593 (le
1109 1539 1205 1596 statu
1225 1524 1354 1621 regali,

331 1673 454 1744 graeco
481 1646 563 1718 licet
590 1671 778 1732 sermone,
805 1644 971 1743 scripsit,
1000 1661 1033 1715 et
1062 1673 1079 1714 a
1107 1643 1249 1745 ¹Galerio
1275 1673 1355 1718 nos
1443 1652 1445 1659 '

331 1768 374 1838 tri
402 1765 565 1865 temporis
591 1763 814 1861 grammatico
844 1790 984 1835 versum
1019 1780 1070 1834 est
1106 1763 1141 1834 in
1174 1761 1351 1853 latinum,
1405 1838 1408 1852 ,

329 1889 379 1959 sie
407 1886 583 1960 inchoavit
608 1885 729 1957 dicens
750 1897 774 1928 “
798 1881 912 1981 Reges
940 1883 1129 1982 antiquitas
1156 1884 1352 1956 seeundum

330 2036 443 2080 mores
462 2007 526 2081 sibi
546 2005 663 2078 solitos
684 2004 843 2100 legitimis
864 2003 1012 2102 populos
1038 2003 1184 2075 deorum
1206 2004 1351 2077 statibus

329 2128 517 2223 regebant3
544 2152 630 2224 quos
653 2123 684 2195 si
711 2151 810 2194 nunc
837 2151 977 2221 quoqne
998 2122 1094 2193 istius
1117 2125 1280 2223 temporis
1299 2151 1351 2197 re·

329 2273 388 2339 ges
407 2244 530 2316 imitati
550 2243 703 2331 luerint,
722 2242 812 2313 bene
833 2257 866 2312 et
888 2257 1125 2340 competenter
1146 2270 1300 2340 regnare.
1323 2301 1347 2333 ‚‚

332 2362 397 2434 llie
425 2390 568 2460 regnare
596 2361 712 2461 posuit
738 2388 801 2458 pro
827 2361 1033 2456 regnabunt.

410 2488 468 2579 24.
496 2479 568 2553 Sed
589 2483 701 2553 forsan
729 2480 806 2579 quis
832 2478 898 2550 lroe
926 2480 1121 2579 improbans
1149 2480 1243 2555 (licat
1273 2482 1347 2554 lati-

330 2629 420 2674 num
452 2603 677 2700 interpretem
704 2616 843 2700 propter
877 2600 1097 2672 inscientiam
1135 2602 1249 2697 graeci
1279 2631 1347 2674 ser⁶

330 2723 443 2794 monis
470 2722 529 2793 tali
554 2723 657 2794 morlo
685 2749 746 2821 per
773 2721 1098 2808 transmutationem
1137 2748 1239 2793 usum
1265 2722 1347 2795 luis-

328 2873 376 2918 se.
401 2843 482 2915 Non
510 2860 627 2916 autem
653 2844 717 2915 hoc
746 2841 963 2915 contendat:
992 2868 1073 2911 narn
1100 2842 1164 2913 etsi
1192 2842 1228 2913 in
1255 2870 1348 2940 grae-

328 2965 378 3035 ris
405 2963 614 3035 dictionibus
641 2962 836 3034 infinitivus
864 2961 988 3033 modus
1015 2988 1077 3059 pro
1104 2961 1257 3060 qualibet
1284 2963 1348 3036 alia

327 3086 433 3156 statui
460 3112 532 3156 non
559 3084 714 3170 debeat,
741 3098 834 3154 certe
863 3099 947 3180 aput
975 3079 1117 3153 latinos
1150 3140 1159 3170 ,
1188 3083 1269 3156 licet
1298 3113 1348 3157 se-

330 3204 490 3275 eundum
517 3203 673 3275 vitiosam
701 3200 992 3273 consuetudinem
1017 3258 1025 3286 ‚
1053 3200 1250 3298 saepissime
1278 3231 1349 3275 cer-

331 3341 406 3394 tum
425 3339 475 3394 est
496 3320 654 3393 inveniri.
669 3318 832 3418 Denique
846 3336 880 3390 et
899 3317 1129 3414 Galbungns‚
1149 3349 1253 3418 quem
1269 3321 1348 3395 nul·

330 3441 362 3510 la
384 3441 468 3512 ratio
489 3438 651 3511 sciendae
675 3437 994 3536 conponendasque
1024 3437 1204 3510 latinitatis
1231 3440 1346 3539 potnit

331 3559 545 3657 praeterire,
562 3558 599 3628 in
618 3556 791 3628 clarorum
807 3558 851 3655 (a)
868 3583 1091 3626 romanorum
1111 3555 1222 3629 laudis
1243 3559 1349 3658 impe-

329 3699 483 3752 ratorum
504 3681 723 3780 militumque
741 3679 828 3751 libro
847 3678 895 3749 sie
909 3706 979 3749 non
994 3679 1097 3750 semel
1114 3683 1178 3777 (ne
1192 3711 1263 3754 non
1277 3700 1348 3756 tam

326 3800 371 3871 de
393 3800 584 3887 industria,
603 3826 706 3898 quam
728 3798 890 3869 obliriose
911 3824 1041 3894 ponere
1065 3807 1268 3899 putaretur)
1288 3806 1347 3876 sed

327 3937 499 4018 quaterna
527 3919 601 3990 viee
629 3919 842 3991 infinitivum
872 3946 934 4015 pro
962 3918 1038 3991 aliis
1066 3923 1180 4019 posuit
1206 3923 1348 3997 modis.

408 4065 450 4128 (a)
469 4072 523 4114 cod.
541 4069 616 4111 dato.
