3382 5206
505 520 576 613 434
834 538 1007 590 tonsurus
1034 540 1138 589 scort

479 650 568 716 llaec
593 648 761 740 quondam
787 645 918 714 suerunt
941 644 1067 712 venturi
1091 636 1265 726 ivds'ttpm
1290 642 1434 712 Christi,
1534 645 1591 731 45.

548 757 588 820 In
612 779 677 845 quo
703 753 866 820 collucent
890 775 974 842 quae
996 750 1121 816 latuere
1146 749 1211 816 diu.

478 861 538 945 Qui
563 858 648 927 solus
671 863 776 925 victor
798 875 957 948 prostrato
980 859 1128 946 principe
1152 856 1267 921 mnndi

546 970 726 1034 Transacto
750 964 860 1032 triduo
884 963 1010 1052 prosilit
1036 989 1073 1030 ex
1097 964 1208 1030 erebo.

480 1073 529 1141 ilc
554 1076 676 1163 primus
702 1071 831 1139 caleam
854 1088 993 1140 mortem
1016 1072 1167 1138 transivit
1189 1072 1223 1138 in
1247 1071 1333 1156 alta,

546 1178 641 1248 Solus
666 1204 741 1244 nam
764 1178 851 1247 liber
873 1179 1006 1245 numine
1028 1194 1181 1247 tartareo.

480 1287 653 1376 Sanguinis
678 1303 709 1351 et
733 1286 859 1376 proprii
884 1282 1021 1352 fundens
1044 1282 1201 1350 libamina
1224 1307 1328 1372 pura,

548 1387 675 1456 Mundo
697 1388 821 1455 salvato
844 1387 963 1475 pascha
987 1411 1107 1454 novum
1133 1384 1290 1453 dedicat..

478 1495 601 1584 Sponte
624 1520 679 1562 sua
705 1495 861 1561 Dominus
883 1518 917 1560 se
939 1510 1061 1560 mactat
1084 1495 1153 1585 ipse
1177 1492 1351 1577 sacerdos,
1431 1565 1434 1568 Α

547 1602 636 1688 Quae
659 1602 744 1689 patri
767 1598 896 1688 placens
918 1597 1023 1667 hostia
1045 1597 1113 1664 sola
1136 1599 1205 1668 suit.

481 1704 593 1770 Hostia
617 1727 701 1793 quae
725 1718 829 1768 totum
854 1705 1004 1793 purgavit
1028 1703 1164 1771 crimine
1187 1701 1371 1785 mundum,

548 1808 709 1875 Mundum
735 1833 834 1900 quem
856 1812 961 1898 potnit
984 1810 1125 1899 perdere
1143 1811 1268 1899 primus
1291 1808 1401 1874 hamc.

479 1913 529 1978 Ex
553 1937 616 1979 uno
642 1914 773 1980 veniens
798 1938 884 1982 mors
908 1931 955 1983 est
979 1915 1111 2005 expulsa
1135 1938 1341 2005 perunum,

541 2018 656 2106 ⁸Morte
680 2020 766 2084 bona
792 2022 875 2087 vitae
898 2045 985 2088 mors
1007 2020 1093 2088 mula
1117 2022 1203 2088 victa
1225 2022 1321 2110 perit·

481 2123 650 2188 Primitiae
676 2123 826 2190 Christus
851 2129 1007 2192 reseravit
1029 2143 1120 2216 septa
1142 2123 1332 2214 sepulchri,

549 2229 689 2295 Nostrae
712 2247 848 2296 naturae
870 2229 1000 2318 perdita
1023 2233 1207 2299 restituens·

483 2335 608 2401 Harum
630 2360 718 2402 nunc
741 2344 851 2403 rerut'n
876 2335 1086 2404 celebrantur
1108 2334 1256 2428 symbola
1279 2360 1372 2402 sacra
1398 2386 1399 2390 ,

549 2442 636 2506 Dum
659 2457 775 2528 parent
797 2440 898 2508 oculis
921 2444 1173 2510 mentihu'nota
1198 2442 1299 2531 ptius.

480 2534 566 2610 Dum
590 2569 706 2634 corpus
731 2546 873 2612 Christi,
898 2546 977 2614 dum
1002 2551 1083 2615 sacri
1107 2548 1271 2638 sanguinis
1294 2547 1437 2624 undam.

548 2650 593 2714 Et
616 2651 758 2738 pretium
784 2651 898 2717 mundi
920 2678 1012 2719 mens
1037 2655 1092 2742 pia
1116 2653 1314 2744 cordasepit
1334 2660 1392 2736 (t).

484 2754 570 2818 Dum
594 2777 751 2822 memores
771 2780 903 2822 caenam
926 2756 1058 2824 Domini
1082 2781 1272 2825 revocamus
1296 2759 1330 2824 in
1353 2782 1479 2842 annos,
1534 2768 1590 2836 65.

550 2862 638 2926 Dum
661 2859 770 2951 plnres
794 2860 870 2929 odas
894 2881 1049 2930 consonat
1072 2866 1141 2954 ipse
1165 2864 1294 2932 chorus·

485 2959 639 3028 Aeternis
662 2964 784 3055 epulis,
807 2990 887 3057 quas
910 2970 1047 3057 mystica
1069 2970 1160 3059 signa
1181 2967 1348 3061 figurant,

552 3069 704 3160 Digneris
727 3070 886 3138 Karolum
909 3095 1042 3159 pascere
1066 3073 1197 3140 Christe
1221 3089 1312 3139 tuum

486 3175 648 3243 Devotum
672 3177 851 3260 famulum,
875 3179 932 3268 qui
956 3194 988 3244 te
1011 3196 1185 3245 veneratur
1206 3179 1360 3247 honorat.

553 3279 698 3349 Aedihu'
718 3286 910 3351 constructis
934 3309 1030 3351 aurea
1053 3310 1126 3353 vasa
1150 3309 1292 3374 parans,

487 3386 630 3453 Cortinis
653 3389 770 3478 patulis
795 3407 827 3457 ct
850 3389 945 3480 longa
970 3413 1030 3478 per
1054 3391 1137 3455 attia
1161 3392 1277 3474 tentis,

552 3493 674 3560 Vestitu
699 3493 788 3560 clero
810 3495 936 3560 murice
961 3517 1139 3585 purpureo.

560 3689 614 3764 (ι’),
628 3673 786 3749 Adnotanda
807 3708 870 3749 sunt
889 3696 952 3748 ltaec
966 3707 1073 3767 propter
1091 3697 1187 3750 erroris
1203 3695 1337 3749 infamiam
1352 3714 1407 3768 qus
1418 3699 1511 3767 flagru-

488 3786 530 3838 vit
548 3784 641 3837 Scotus
660 3797 748 3839 noster
768 3787 837 3837 circa
856 3802 942 3839 reram
961 3787 1078 3856 corporis
1092 3784 1193 3839 Christi
1204 3783 1253 3839 sub
1264 3783 1442 3840 eucharistica
1454 3806 1512 3860 spc-

491 3872 531 3924 cie
551 3870 735 3942 praesentiam.
