3382 5206
720 587 763 661 na
789 587 955 638 sovsmro.
1272 569 1320 670 73
1358 658 1360 663 7

332 695 453 794 gillare
467 723 488 770 a
501 693 592 771 malo
611 751 646 789 „.
667 694 844 775 Nonnulli
863 699 970 774 etiam
988 725 1029 774 ex
1050 702 1176 801 primis
1192 705 1347 778 nomini·

330 815 396 892 bus
413 818 536 891 venire
556 816 720 892 adverbia
742 820 967 920 suspicantur
983 878 993 909 ,
1011 838 1053 894 ut
1072 823 1226 921 partim,
1248 823 1344 924 quod

330 937 376 1010 sit
397 960 439 1010 es
459 953 558 1036 parte
578 937 737 1032 dictum3
759 955 794 1010 et
811 938 1043 1028 voluntatim,
1066 969 1107 1015 ex
1126 941 1319 1017 voluntate.

411 1084 446 1157 9.
472 1054 572 1153 Quid
598 1059 728 1133 nunc?
754 1055 849 1154 Quia
869 1059 916 1132 de
935 1058 1105 1132 adverbiis
1131 1059 1261 1135 alicubi
1294 1061 1345 1132 di-

236 1196 242 1206 '
327 1177 418 1252 nisse
447 1205 504 1252 me
533 1179 686 1253 arbitror
716 1233 727 1268 ,
754 1204 870 1252 sermo
896 1179 1114 1254 breviandos
1144 1196 1226 1254 est:
1262 1198 1343 1253 ante

332 1297 438 1370 cuius
454 1297 685 1386 finem,illud
706 1296 794 1370 mibi
813 1295 960 1372 Aeneae
979 1297 1248 1372 memorandum
1269 1317 1343 1389 est,

328 1414 425 1517 quod
451 1443 534 1489 cum
560 1415 830 1513 interrogassem
850 1443 961 1505 eum,
987 1432 1155 1490 utrumne
1182 1417 1342 1491 adverbia

330 1536 496 1636 componi
512 1536 676 1634 possint,
696 1536 791 1610 sicut
810 1552 844 1608 et
863 1551 1003 1609 ceterae
1020 1536 1189 1611 orationis
1205 1555 1342 1637 partes,

330 1654 379 1728 ita
410 1657 496 1730 mihi
521 1658 712 1755 respondit.
742 1655 841 1754 Quid
872 1684 929 1730 me
959 1657 1157 1755 interrogas
1184 1658 1219 1731 id
1245 1659 1340 1758 quod

327 1778 455 1850 tritum
474 1779 554 1851 est?
574 1777 667 1851 Nam
683 1778 844 1851 adverbia
865 1778 954 1852 duas
973 1779 1268 1877 compositionum
1288 1807 1342 1852 re·

327 1897 425 1994 gulas
455 1899 587 1971 habent
608 1928 620 1994 3
643 1898 793 1998 primam
821 1955 831 1986 ,
856 1926 947 1999 quae
973 1899 1174 1973 secundum
1198 1917 1338 1999 partem

329 2046 371 2091 ex
396 2045 466 2117 qua
492 2018 617 2091 venire
641 2018 859 2116 intellegitur
884 2075 894 2106 ,
919 2036 961 2093 ut
987 2019 1110 2093 edocte
1134 2078 1143 2109 ,
1164 2020 1339 2108 indocte,

326 2138 566 2238 insipienter,
591 2137 712 2239 inepte
735 2196 745 2228 ,
770 2140 980 2238 reprobate,
1009 2167 1187 2240 appense:
1213 2168 1341 2214 secun·

327 2256 410 2331 dam
431 2314 441 2347 ,
467 2287 556 2358 quae
582 2259 620 2332 in
644 2259 815 2333 adverbiis
838 2259 1035 2348 localibus,
1065 2260 1094 2332 si
1116 2260 1339 2334 subiunctivc

328 2395 526 2475 ponantur:
553 2379 659 2453 cuius
680 2381 733 2453 rei
749 2407 854 2455 causa
886 2380 953 2453 erit
972 2437 982 2468 ,
1004 2406 1085 2453 cum
1110 2379 1206 2463 aliud
1230 2380 1337 2455 locale

328 2497 533 2573 adverbium
550 2499 589 2572 in
614 2527 840 2602 quacumque
867 2501 1054 2599 scriptione
1081 2500 1338 2601 praecesserit.

327 2616 435 2694 Tunc
453 2621 542 2695 dicis
559 2621 727 2712 ibidem,
748 2622 844 2696 sicut
860 2622 963 2696 etiam
976 2620 1036 2695 bic
1056 2645 1132 2694 snos
1152 2621 1192 2694 in
1211 2648 1339 2720 prono-

328 2739 484 2814 minibus
509 2741 707 2842 saepissime
723 2742 950 2830 invenitur,
979 2740 1118 2840 quando
1151 2740 1339 2814 cuiuslibet

328 2892 478 2966 persona
498 2881 579 2938 ante
593 2864 747 2964 prolata,
770 2890 929 2936 sermone
947 2879 1185 2962 prosequente
1199 2861 1339 2936 dicatur

330 2989 444 3062 idem·
463 2987 518 3060 vel
540 2986 681 3060 eadem·
706 2983 824 3058 Etiam
844 2985 1052 3057 adverbium
1076 2982 1213 3057 ablativi
1236 3011 1336 3057 casus

328 3105 577 3206 pronominalis
597 3104 738 3193 simile,
757 3119 798 3175 ut
818 3102 922 3178 illo:
946 3128 1029 3175 nam
1052 3130 1158 3202 saepe
1184 3102 1338 3177 dicimus

331 3228 409 3300 illo·
420 3226 588 3300 exibimus
602 3227 646 3324 (a)
660 3281 669 3312 ,
685 3224 751 3297 hoc
765 3240 816 3296 est
830 3223 934 3297 illuc·
955 3220 1018 3296 Sic
1032 3241 1068 3297 et
1082 3251 1170 3324 quo·
1187 3250 1271 3297 curn
1286 3222 1338 3297 di·

329 3346 407 3435 cis,
433 3373 537 3420 nunc
557 3371 628 3444 quo
646 3343 785 3417 iadant.
813 3340 886 3414 Sed
911 3342 999 3415 haec
1019 3341 1179 3415 adverbia
1199 3341 1335 3416 mobilia

328 3491 462 3563 semper
482 3478 575 3536 sunt.
597 3460 692 3557 Quia
712 3478 831 3535 autem
849 3461 916 3533 biis
932 3461 1033 3535 dictis
1050 3488 1152 3562 supra
1169 3487 1335 3535 memora·

328 3578 1336 3679 tusAeneassuumlinivitsermonem,mihiquoquehane

328 3701 510 3801 epistulam
532 3702 580 3800 (b)
603 3701 781 3775 scribendi
799 3703 857 3774 hic
874 3701 1047 3775 terminus
1062 3702 1254 3800 ponendus
1273 3718 1334 3776 est.

563 3849 712 3895 ersmers
730 3849 852 3916 Qumrs
870 3850 912 3895 ur.
931 3847 1101 3926 sumsero..

406 3959 445 4022 (s)
463 3958 519 4004 Cod.
534 3958 676 4006 audibimus.
725 3957 763 4018 (b)
781 3963 818 4003 tts
835 3961 886 4005 licie
902 3959 952 4004 sod.
972 3962 1091 4020 serissima
1113 3959 1282 4018 orthogrspbis·
1301 3964 1329 4001 st

332 4036 387 4082 slibi
401 4038 511 4096 epistola.
532 4040 645 4084 Nimirum
662 4054 712 4083 vers
731 4037 801 4084 lectio
818 4055 859 4098 pes
875 4056 906 4089 u,
922 4053 992 4099 qusm
1009 4042 1140 4086 consumor
1156 4042 1256 4085 retinent
1272 4036 1329 4096 lapi·

330 4114 370 4157 des
386 4114 520 4174 codicesque
535 4117 704 4175 antiquissimi.
722 4115 764 4160 isos
781 4113 830 4160 loeo
842 4116 870 4161 sb
879 4130 1001 4163 sustineus
1012 4120 1139 4176 sesquiosis
1155 4119 1206 4162 assi
1223 4130 1265 4161 non
1282 4112 1328 4158 luit

334 4194 463 4241 tnnsssts.
