3382 5206
353 542 415 615 ¹7⁰
585 536 844 590 outuuarrcus
866 536 1071 590 remensus

319 650 349 704 bi
368 646 469 718 generis
482 647 628 702 sunnonis
646 663 703 701 esso
721 663 813 718 ruppe
866 655 976 716 possunt
997 679 1005 700 .
1030 636 1058 695 in
1085 641 1203 700 ablativo
1227 663 1290 702 casn
1309 655 1377 702 nu·-

321 736 450 792 riuntur.
470 744 603 805 utputa.
627 733 672 786 bic
697 733 816 790 doctus.
870 736 933 788 sueri
966 733 1078 806 pluralis
1107 734 1208 791 nimus·
1245 737 1364 807 syllabus

323 823 506 881 huiusdocti.
525 823 610 877 hicet
628 823 694 877 haec
715 823 817 877 doctior
870 822 1021 890 accipiunt.
1049 835 1076 877 et
1100 824 1291 894 superlativum
1305 840 1365 892 grn-

325 912 412 964 iaeere
431 909 554 963 debeant.
573 910 649 963 Nune
678 908 743 962 boec
768 927 816 961 ea·
868 910 930 963 dum
949 911 1049 978 generis
1075 912 1117 965 sui
1144 912 1290 967 ostendunt
1306 947 1313 969 .
1331 923 1366 966 ut

323 998 381 1052 dem
410 996 562 1068 supradicti
591 997 695 1073 poneris
730 995 817 1049 uorui-
866 1008 951 1067 pute‘.
973 998 1018 1050 hic
1038 999 1160 1057 doctus.
1189 997 1223 1050 ab
1250 996 1292 1052 bis
1316 998 1364 1051 do·

325 1103 374 1144 nn.
390 1102 461 1156 quae
482 1084 597 1137 diximus
620 1083 648 1136 in
662 1081 817 1156 supradicto
866 1087 935 1145 ctis,
960 1087 1004 1138 bic
1022 1087 1189 1141 doctissimus
1206 1086 1293 1141 lacere
1312 1087 1364 1141 de·

322 1173 406 1242 ssl'ddll
433 1171 600 1226 nominativo
624 1164 688 1222 cusd
715 1168 815 1221 numeri
868 1173 938 1228 beat,
967 1177 1044 1229 Nunc
1062 1175 1126 1230 haee
1148 1175 1240 1230 eadem
1264 1192 1362 1247 ssipi&-

323 1261 467 1330 singularis
495 1259 649 1331 supradicte
674 1256 757 1312 forma
784 1258 815 1309 li·
867 1263 933 1317 dieti
954 1266 1055 1333 generis
1084 1264 1190 1319 nomina
1211 1265 1237 1316 in
1263 1268 1377 1336 supraa'

320 1351 393 1407 nisi.
422 1350 449 1402 in
476 1350 602 1417 genetiuo
627 1365 689 1401 casu
715 1346 816 1400 numeri
868 1350 941 1404 dicto
968 1368 1032 1404 casu
1055 1352 1142 1405 sima·
1173 1349 1288 1420 syllabas
1315 1367 1363 1403 ac·

321 1438 462 1507 singularis
480 1456 527 1490 -us-
536 1435 665 1507 syllabam
672 1436 817 1508 accipiunt.
866 1438 989 1508 cipiunt.
1005 1451 1032 1492 et
1046 1439 1233 1510 superlativum
1247 1439 1366 1506 gradum·

322 1535 350 1578 et
388 1543 440 1578 non
470 1536 575 1578 tanturn
608 1529 817 1595 coroparstivurn
867 1529 968 1595 generis
994 1526 1114 1581 lomininl
1132 1527 1297 1584 ostendunt.
1329 1537 1362 1581 nt

322 1612 432 1682 gradum
456 1615 558 1681 gencrls
587 1613 675 1666 neutri
693 1649 700 1670 .
723 1611 771 1666 sed
789 1624 817 1664 et
868 1627 946 1685 puta.
961 1614 1005 1666 bic
1023 1615 1138 1673 doctus.
1154 1613 1240 1685 abbis
1255 1612 1361 1671 muris.

324 1701 510 1756 adverbiorum
531 1701 694 1756 ostendunt:
713 1699 816 1754 scilicet
867 1704 932 1757 laec
946 1703 1097 1756 doctissima
1109 1702 1194 1755 lucere
1206 1700 1310 1754 debeat.
1324 1700 1362 1753 dt
1472 1732 1476 1739 ·

324 1788 452 1858 qnoniam
466 1788 628 1859 quicumque
640 1787 814 1858 comparativi
867 1807 929 1844 vero
943 1788 1008 1841 baec
1017 1789 1108 1841 eadem
1123 1788 1271 1859 supradicti
1281 1804 1363 1855 geste·

322 1876 420 1945 gradus
444 1876 608 1930 nominativo
627 1894 688 1930 casu
714 1877 816 1928 numeri
866 1876 902 1928 ris
913 1876 1017 1928 noiuioa
1029 1875 1057 1928 in
1070 1874 1224 1946 supradicto
1231 1891 1296 1926 easu
1312 1873 1362 1925 σεί-

320 1963 459 2031 singularis
481 1964 543 2016 ⁰ius·
567 1961 665 2016 litteris
685 1962 815 2015 defiuiuu·
866 1980 945 2014 mum·
967 1960 1080 2030 syllabas
1099 1961 1250 2031 accipiunt.
1267 1970 1296 2013 et
1317 1975 1361 2012 su-

322 2063 381 2110 tur,
401 2051 429 2103 bi
444 2070 495 2105 non
511 2061 615 2104 tantum
634 2055 735 2119 generis
754 2067 814 2102 neu·
837 2063 840 2069 ·
865 2050 1021 2121 perlntivnm
1032 2049 1141 2116 gradum
1153 2045 1355 2116 generisnentri

322 2139 359 2191 tri
371 2175 379 2196 ,
390 2139 436 2193 sod
454 2149 481 2193 et
496 2137 680 2191 adverbiorum
690 2155 746 2191 esse
762 2155 816 2207 rep·
864 2136 1007 2189 ostendunt
1016 2174 1022 2192 .
1032 2149 1062 2189 ut
1071 2147 1144 2206 puta,
1153 2135 1198 2187 bic
1207 2131 1359 2191 doctus2ab

321 2227 481 2298 potiuntur.
500 2237 532 2278 ut
550 2237 616 2297 pute
635 2224 680 2277 bic
703 2226 815 2282 doctus.
865 2225 905 2276 his
914 2224 1072 2280 doctis,hoc
1083 2222 1264 2277 doctissimum
1272 2220 1362 2273 lucere

241 2343 248 2359 u
319 2314 401 2367 huius
432 2314 534 2368 docti.
569 2312 678 2365 doctius
708 2314 815 2382 utrique
865 2313 968 2366 debent.
987 2309 1361 2378 Nuuciubaelorna‚qun

321 2400 489 2471 respondent·
507 2397 559 2452 Sed
580 2399 691 2452 turchi
712 2400 813 2467 generis
866 2403 982 2455 diximus
1001 2401 1101 2470 generis
1116 2400 1255 2454 masculini
1275 2399 1363 2454 nomi·

321 2488 408 2541 neutri
428 2502 486 2540 csse
510 2488 709 2557 repperiuntur,
728 2505 815 2557 quon·
865 2509 900 2544 na
920 2492 949 2544 iu
967 2490 1081 2562 positivo
1094 2490 1177 2558 gradu
1191 2489 1368 2542 nominativo

322 2576 357 2629 du
375 2574 513 2642 generibus
541 2576 641 2628 neutris
660 2574 747 2627 iuncti
771 2575 814 2627 in·
864 2598 926 2634 cusu
945 2578 1046 2631 numeri
1070 2578 1210 2646 singularis
1230 2595 1281 2631 ms·
1310 2576 1363 2631 lit-

287 2669 292 2673 ’
321 2662 484 2719 veniuntur.
504 2674 535 2715 ur
555 2672 621 2734 pura
648 2659 752 2713 doctius
771 2659 814 2714 ol·
866 2668 930 2722 reris
959 2666 1081 2723 deliniri.
1110 2665 1274 2735 quaeritur,
1304 2683 1362 2734 qua

323 2752 439 2806 licium:
469 2762 497 2804 at
535 2768 597 2804 vero
625 2749 734 2819 quaudo
763 2768 815 2803 uon
867 2755 900 2808 de
926 2772 1004 2806 consa
1027 2753 1131 2807 sobrius
1161 2752 1272 2825 positivi
1300 2770 1367 2820 gra..

326 2837 467 2907 generibus
493 2837 596 2892 neutris
620 2836 743 2890 leticum
763 2835 816 2888 elia
867 2845 917 2897 dus
935 2843 970 2896 sit
992 2838 1117 2895 tantum?
1135 2840 1185 2895 hac
1209 2843 1244 2897 de
1261 2860 1367 2902 causa.

322 2926 445 2997 qualibet
464 2936 539 2997 partc
562 2925 690 2979 orationis
709 2928 817 2981 miscen-
866 2929 993 3001 qnoniam
1026 2931 1048 2983 si
1069 2928 1190 2988 sobrius,
1211 2931 1363 2984 secundun

323 3028 385 3075 tur,
405 3013 589 3069 adverbiorum
612 3030 668 3067 esse
696 3033 814 3085 pronun·
868 3031 1038 3091 praeceptum
1056 3036 1135 3089 supra
1151 3018 1241 3071 datum
1253 3053 1261 3076 .
1273 3019 1301 3071 in
1313 3036 1367 3086 ge·-

327 3103 430 3161 tieulur
459 3137 466 3160 t
498 3113 527 3155 ut
560 3114 625 3174 puta
662 3128 676 3139 ·
712 3100 817 3153 docti&
867 3111 956 3163 uetivo
988 3124 1049 3160 cusu
1085 3107 1186 3159 numeri
1216 3106 1363 3175 singuloris

323 3192 428 3246 iecit-·
448 3193 491 3243 Sic
518 3203 545 3245 et
569 3191 617 3245 alii
644 3191 817 3261 comparativi
868 3214 917 3250 ωε.
944 3194 1073 3264 syllabam
1100 3193 1239 3265 accipiat,
1263 3208 1359 3249 smum

323 3281 420 3350 gradus
445 3281 554 3349 quando
580 3280 668 3347 generi
698 3290 813 3336 noun-o.
867 3294 955 3336 tamen
988 3281 1160 3352 comparativi
1189 3280 1287 3348 grndus
1318 3280 1366 3336 la-

325 3368 483 3439 velqnundo
498 3366 632 3422 rbvorbiis
642 3368 817 3440 respondeant
867 3387 925 3424 cere
949 3388 1001 3422 non
1030 3377 1140 3438 potest.
1164 3377 1196 3420 ut
1220 3376 1288 3437 pute
1315 3366 1374 3421 bic-

328 3457 529 3523 intelleguntur·
866 3457 970 3514 sobrius
998 3456 1077 3510 huius
1103 3453 1215 3510 sobrii.
1244 3452 1291 3506 hir
1321 3456 1365 3511 vel

364 3546 441 3598 Nunc
461 3544 525 3596 bueo
543 3543 634 3595 eadem
652 3543 759 3596 nornina
775 3559 817 3609 ge·
868 3548 932 3599 hacc
957 3544 1082 3599 sobrior:
1110 3553 1138 3595 et
1157 3541 1216 3595 ideo
1234 3539 1365 3601 sobrius.

326 3632 396 3685 neris
417 3632 520 3686 scilicet
548 3631 688 3684 masculini
712 3667 720 3688 .
748 3648 817 3700 quas
867 3645 893 3688 et
907 3644 993 3686 cetere
1014 3630 1078 3684 tulin
1092 3629 1285 3700 comparutiros
1303 3647 1370 3697 gra·-

327 3721 444 3791 diximus
474 3722 502 3774 in
528 3722 643 3793 positivo
667 3722 750 3791 gradu
768 3740 818 3775 uo·
868 3722 917 3774 dus
931 3718 1017 3771 lacere
1030 3715 1214 3789 probibentur.

325 3809 456 3864 minativo
480 3826 542 3871 cssu
572 3811 672 3864 numeri
699 3811 818 3880 singula-
902 3808 968 3860 Sane
994 3805 1045 3858 boc
1062 3821 1213 3860 monemus.
1233 3803 1307 3871 quod
1334 3804 1365 3857 in

324 3895 361 3949 ris
384 3914 435 3950 0us·
461 3897 559 3950 litteris
584 3897 708 3956 deliniri.
727 3899 751 3952 si
769 3916 817 3952 su·
867 3893 948 3948 forma
969 3892 1037 3949 bac.
1056 3909 1111 3959 qua
1130 3889 1248 3942 diximus
1260 3889 1365 3956 generis

323 3982 466 4054 perlativos
487 3984 583 4051 arodus
609 4002 642 4038 οι
671 4003 700 4042 se
732 3984 817 4040 lacos
868 3981 1006 4039 masculini
1020 3979 1362 4052 uominaiuposirirogra·
