<?xml version="1.0" encoding="UTF-8"?>
<!DOCTYPE html PUBLIC "-//W3C//DTD XHTML 1.0 Transitional//EN"
    "http://www.w3.org/TR/xhtml1/DTD/xhtml1-transitional.dtd">
<html xmlns="http://www.w3.org/1999/xhtml" xml:lang="en" lang="en">
 <head>
  <title>
</title>
<meta http-equiv="Content-Type" content="text/html;charset=utf-8" />
  <meta name='ocr-system' content='tesseract 3.04.00' />
  <meta name='ocr-capabilities' content='ocr_page ocr_carea ocr_par ocr_line ocrx_word'/>
</head>
<body>
  <div class='ocr_page' id='page_1' title='image "./classicorumauct00vatigoog_0068.png"; bbox 0 0 3382 5206; ppageno 0'>
   <div class='ocr_carea' id='block_1_1' title="bbox 330 534 1410 3788">
    <p class='ocr_par' dir='ltr' id='par_1_1' title="bbox 330 534 1410 3788">
     <span class='ocr_line' id='line_1_1' title="bbox 640 534 1410 670; baseline 0.004 -35"><span class='ocrx_word' id='word_1_1' title='bbox 640 587 793 637; x_wconf 67' lang='lat' dir='ltr'>minuta</span> <span class='ocrx_word' id='word_1_2' title='bbox 812 587 835 637; x_wconf 86' lang='lat' dir='ltr'>t.</span> <span class='ocrx_word' id='word_1_3' title='bbox 857 586 901 635; x_wconf 75' lang='lat' dir='ltr'>on</span> <span class='ocrx_word' id='word_1_4' title='bbox 917 579 1058 640; x_wconf 73' lang='lat' dir='ltr'>noum.</span> <span class='ocrx_word' id='word_1_5' title='bbox 1302 587 1324 670; x_wconf 81' lang='lat'>7</span> <span class='ocrx_word' id='word_1_6' title='bbox 1388 534 1410 628; x_wconf 52' lang='lat'>⁴.</span> 
     </span>
     <span class='ocr_line' id='line_1_2' title="bbox 330 697 1350 803; baseline 0.008 -33"><span class='ocrx_word' id='word_1_7' title='bbox 330 697 393 771; x_wconf 87' lang='lat' dir='ltr'>ubi</span> <span class='ocrx_word' id='word_1_8' title='bbox 414 724 474 772; x_wconf 86' lang='lat' dir='ltr'>or·</span> <span class='ocrx_word' id='word_1_9' title='bbox 492 697 622 800; x_wconf 76' lang='lat' dir='ltr'>syllaba</span> <span class='ocrx_word' id='word_1_10' title='bbox 641 699 783 802; x_wconf 87' lang='lat' dir='ltr'>quoties</span> <span class='ocrx_word' id='word_1_11' title='bbox 802 698 976 800; x_wconf 79' lang='lat' dir='ltr'>excipitur</span> <span class='ocrx_word' id='word_1_12' title='bbox 998 756 1009 790; x_wconf 87' lang='lat'><strong>‚</strong></span> <span class='ocrx_word' id='word_1_13' title='bbox 1029 710 1097 774; x_wconf 82' lang='lat' dir='ltr'>tres</span> <span class='ocrx_word' id='word_1_14' title='bbox 1115 698 1181 776; x_wconf 78' lang='lat' dir='ltr'>irae</span> <span class='ocrx_word' id='word_1_15' title='bbox 1202 700 1350 803; x_wconf 69' lang='lat' dir='ltr'>aydabae</span> 
     </span>
     <span class='ocr_line' id='line_1_3' title="bbox 330 820 1352 925; baseline 0.007 -35"><span class='ocrx_word' id='word_1_16' title='bbox 330 835 517 892; x_wconf 74' lang='lat' dir='ltr'>consuetae</span> <span class='ocrx_word' id='word_1_17' title='bbox 536 835 642 910; x_wconf 88' lang='lat' dir='ltr'>sunt,</span> <span class='ocrx_word' id='word_1_18' title='bbox 657 846 719 892; x_wconf 80' lang='lat' dir='ltr'>us·</span> <span class='ocrx_word' id='word_1_19' title='bbox 732 842 844 892; x_wconf 75' lang='lat' dir='ltr'>aum·</span> <span class='ocrx_word' id='word_1_20' title='bbox 861 834 929 918; x_wconf 77' lang='lat' dir='ltr'>per·</span> <span class='ocrx_word' id='word_1_21' title='bbox 943 820 1011 894; x_wconf 72' lang='lat' dir='ltr'>tais·</span> <span class='ocrx_word' id='word_1_22' title='bbox 1021 842 1146 919; x_wconf 76' lang='lat' dir='ltr'>genera</span> <span class='ocrx_word' id='word_1_23' title='bbox 1158 821 1352 925; x_wconf 81' lang='lat' dir='ltr'>antiquitus</span> 
     </span>
     <span class='ocr_line' id='line_1_4' title="bbox 331 938 1361 1043; baseline 0.008 -33"><span class='ocrx_word' id='word_1_24' title='bbox 331 940 549 1014; x_wconf 72' lang='lat' dir='ltr'>constitutae.</span> <span class='ocrx_word' id='word_1_25' title='bbox 570 939 733 1040; x_wconf 77' lang='lat' dir='ltr'>Amplius</span> <span class='ocrx_word' id='word_1_26' title='bbox 758 938 813 1012; x_wconf 87' lang='lat' dir='ltr'>his</span> <span class='ocrx_word' id='word_1_27' title='bbox 841 939 953 1039; x_wconf 81' lang='lat' dir='ltr'>recipi</span> <span class='ocrx_word' id='word_1_28' title='bbox 976 941 1222 1016; x_wconf 69' lang='lat' dir='ltr'>omniasancti</span> <span class='ocrx_word' id='word_1_29' title='bbox 1248 941 1361 1043; x_wconf 63' lang='lat' dir='ltr'>posse&#39;</span> 
     </span>
     <span class='ocr_line' id='line_1_5' title="bbox 334 1055 1350 1160; baseline 0.005 -31"><span class='ocrx_word' id='word_1_30' title='bbox 334 1058 491 1135; x_wconf 85' lang='lat' dir='ltr'>affirmat.</span> <span class='ocrx_word' id='word_1_31' title='bbox 511 1055 560 1133; x_wconf 87' lang='lat' dir='ltr'>Et</span> <span class='ocrx_word' id='word_1_32' title='bbox 580 1085 600 1133; x_wconf 88' lang='lat' dir='ltr'>e</span> <span class='ocrx_word' id='word_1_33' title='bbox 620 1075 743 1132; x_wconf 87' lang='lat' dir='ltr'>contra</span> <span class='ocrx_word' id='word_1_34' title='bbox 764 1055 971 1156; x_wconf 76' lang='lat' dir='ltr'>Gaibtrngus</span> <span class='ocrx_word' id='word_1_35' title='bbox 990 1060 1027 1132; x_wconf 84' lang='lat' dir='ltr'>in</span> <span class='ocrx_word' id='word_1_36' title='bbox 1047 1059 1272 1160; x_wconf 72' lang='lat' dir='ltr'>sensydahas</span> <span class='ocrx_word' id='word_1_37' title='bbox 1288 1081 1350 1134; x_wconf 81' lang='lat' dir='ltr'>no·</span> 
     </span>
     <span class='ocr_line' id='line_1_6' title="bbox 334 1177 1351 1271; baseline 0.004 -22"><span class='ocrx_word' id='word_1_38' title='bbox 334 1177 540 1252; x_wconf 83' lang='lat' dir='ltr'>minatirum</span> <span class='ocrx_word' id='word_1_39' title='bbox 560 1204 681 1253; x_wconf 86' lang='lat' dir='ltr'>casum</span> <span class='ocrx_word' id='word_1_40' title='bbox 700 1178 796 1252; x_wconf 82' lang='lat' dir='ltr'>finiri</span> <span class='ocrx_word' id='word_1_41' title='bbox 815 1177 942 1252; x_wconf 79' lang='lat' dir='ltr'>debere</span> <span class='ocrx_word' id='word_1_42' title='bbox 963 1179 1351 1271; x_wconf 66' lang='lat' dir='ltr'>exhortatorum-nm,</span> 
     </span>
     <span class='ocr_line' id='line_1_7' title="bbox 334 1295 1349 1374; baseline 0.005 -5"><span class='ocrx_word' id='word_1_43' title='bbox 334 1311 374 1369; x_wconf 90' lang='lat' dir='ltr'>ut</span> <span class='ocrx_word' id='word_1_44' title='bbox 391 1295 517 1370; x_wconf 88' lang='lat' dir='ltr'>doctus</span> <span class='ocrx_word' id='word_1_45' title='bbox 543 1296 645 1372; x_wconf 84' lang='lat' dir='ltr'>docta</span> <span class='ocrx_word' id='word_1_46' title='bbox 671 1297 815 1371; x_wconf 87' lang='lat' dir='ltr'>doctum</span> <span class='ocrx_word' id='word_1_47' title='bbox 835 1325 847 1373; x_wconf 78' lang='lat' dir='ltr'>s</span> <span class='ocrx_word' id='word_1_48' title='bbox 872 1295 1000 1370; x_wconf 88' lang='lat' dir='ltr'>deinde</span> <span class='ocrx_word' id='word_1_49' title='bbox 1021 1297 1059 1369; x_wconf 90' lang='lat' dir='ltr'>in</span> <span class='ocrx_word' id='word_1_50' title='bbox 1076 1324 1131 1370; x_wconf 75' lang='lat' dir='ltr'>cs</span> <span class='ocrx_word' id='word_1_51' title='bbox 1143 1313 1186 1370; x_wconf 92' lang='lat' dir='ltr'>nt</span> <span class='ocrx_word' id='word_1_52' title='bbox 1210 1296 1349 1374; x_wconf 76' lang='lat' dir='ltr'>facies:</span> 
     </span>
     <span class='ocr_line' id='line_1_8' title="bbox 335 1413 1347 1492; baseline 0.003 -4"><span class='ocrx_word' id='word_1_53' title='bbox 335 1413 463 1489; x_wconf 84' lang='lat' dir='ltr'>deinde</span> <span class='ocrx_word' id='word_1_54' title='bbox 484 1417 521 1490; x_wconf 91' lang='lat' dir='ltr'>in</span> <span class='ocrx_word' id='word_1_55' title='bbox 545 1443 601 1489; x_wconf 77' lang='lat' dir='ltr'>aa·</span> <span class='ocrx_word' id='word_1_56' title='bbox 620 1434 662 1490; x_wconf 93' lang='lat' dir='ltr'>ut</span> <span class='ocrx_word' id='word_1_57' title='bbox 679 1416 860 1492; x_wconf 80' lang='lat' dir='ltr'>voluntas:</span> <span class='ocrx_word' id='word_1_58' title='bbox 889 1415 1018 1492; x_wconf 80' lang='lat' dir='ltr'>deinde</span> <span class='ocrx_word' id='word_1_59' title='bbox 1044 1416 1080 1488; x_wconf 81' lang='lat' dir='ltr'>in</span> <span class='ocrx_word' id='word_1_60' title='bbox 1097 1444 1137 1488; x_wconf 86' lang='lat' dir='ltr'>·e·</span> <span class='ocrx_word' id='word_1_61' title='bbox 1155 1433 1196 1489; x_wconf 91' lang='lat' dir='ltr'>ut</span> <span class='ocrx_word' id='word_1_62' title='bbox 1221 1438 1347 1491; x_wconf 75' lang='lat' dir='ltr'>orme.</span> 
     </span>
     <span class='ocr_line' id='line_1_9' title="bbox 339 1535 1351 1636; baseline 0.001 -28"><span class='ocrx_word' id='word_1_63' title='bbox 339 1535 412 1609; x_wconf 70' lang='lat' dir='ltr'>Cur·</span> <span class='ocrx_word' id='word_1_64' title='bbox 433 1539 478 1636; x_wconf 72' lang='lat' dir='ltr'>(a)</span> <span class='ocrx_word' id='word_1_65' title='bbox 500 1563 565 1609; x_wconf 89' lang='lat' dir='ltr'>nos</span> <span class='ocrx_word' id='word_1_66' title='bbox 584 1537 631 1609; x_wconf 87' lang='lat' dir='ltr'>ita</span> <span class='ocrx_word' id='word_1_67' title='bbox 650 1536 793 1610; x_wconf 86' lang='lat' dir='ltr'>credere</span> <span class='ocrx_word' id='word_1_68' title='bbox 811 1552 968 1635; x_wconf 88' lang='lat' dir='ltr'>oportet,</span> <span class='ocrx_word' id='word_1_69' title='bbox 982 1552 1023 1609; x_wconf 91' lang='lat' dir='ltr'>ut</span> <span class='ocrx_word' id='word_1_70' title='bbox 1042 1562 1114 1608; x_wconf 91' lang='lat' dir='ltr'>non</span> <span class='ocrx_word' id='word_1_71' title='bbox 1130 1535 1245 1612; x_wconf 77' lang='lat' dir='ltr'>solunt</span> <span class='ocrx_word' id='word_1_72' title='bbox 1262 1535 1351 1609; x_wconf 80' lang='lat' dir='ltr'>huic</span> 
     </span>
     <span class='ocr_line' id='line_1_10' title="bbox 337 1653 1353 1758; baseline 0 -31"><span class='ocrx_word' id='word_1_73' title='bbox 337 1655 495 1754; x_wconf 88' lang='lat' dir='ltr'>opinioni</span> <span class='ocrx_word' id='word_1_74' title='bbox 514 1656 697 1730; x_wconf 78' lang='lat' dir='ltr'>credamus</span> <span class='ocrx_word' id='word_1_75' title='bbox 719 1713 730 1747; x_wconf 95' lang='lat'>‚</span> <span class='ocrx_word' id='word_1_76' title='bbox 756 1653 878 1730; x_wconf 82' lang='lat' dir='ltr'>verum</span> <span class='ocrx_word' id='word_1_77' title='bbox 897 1656 1004 1740; x_wconf 83' lang='lat' dir='ltr'>etiam</span> <span class='ocrx_word' id='word_1_78' title='bbox 1022 1655 1127 1758; x_wconf 78' lang='lat' dir='ltr'>quod</span> <span class='ocrx_word' id='word_1_79' title='bbox 1140 1654 1178 1728; x_wconf 89' lang='lat' dir='ltr'>in</span> <span class='ocrx_word' id='word_1_80' title='bbox 1197 1655 1261 1728; x_wconf 87' lang='lat' dir='ltr'>has</span> <span class='ocrx_word' id='word_1_81' title='bbox 1280 1671 1353 1729; x_wconf 79' lang='lat' dir='ltr'>eas-</span> 
     </span>
     <span class='ocr_line' id='line_1_11' title="bbox 336 1774 1355 1875; baseline 0.002 -29"><span class='ocrx_word' id='word_1_82' title='bbox 336 1774 417 1847; x_wconf 86' lang='lat' dir='ltr'>dem</span> <span class='ocrx_word' id='word_1_83' title='bbox 443 1774 588 1875; x_wconf 82' lang='lat' dir='ltr'>syllabas</span> <span class='ocrx_word' id='word_1_84' title='bbox 617 1775 727 1850; x_wconf 88' lang='lat' dir='ltr'>multa</span> <span class='ocrx_word' id='word_1_85' title='bbox 753 1802 879 1874; x_wconf 82' lang='lat' dir='ltr'>genera</span> <span class='ocrx_word' id='word_1_86' title='bbox 909 1793 1067 1872; x_wconf 81' lang='lat' dir='ltr'>exeant3</span> <span class='ocrx_word' id='word_1_87' title='bbox 1094 1776 1187 1850; x_wconf 88' lang='lat' dir='ltr'>sicut</span> <span class='ocrx_word' id='word_1_88' title='bbox 1218 1776 1258 1849; x_wconf 92' lang='lat' dir='ltr'>in</span> <span class='ocrx_word' id='word_1_89' title='bbox 1289 1799 1355 1848; x_wconf 89' lang='lat' dir='ltr'>·ns··</span> 
     </span>
     <span class='ocr_line' id='line_1_12' title="bbox 336 1892 1352 1991; baseline 0 -25"><span class='ocrx_word' id='word_1_90' title='bbox 336 1892 407 1968; x_wconf 91' lang='lat' dir='ltr'>duo</span> <span class='ocrx_word' id='word_1_91' title='bbox 428 1921 553 1991; x_wconf 79' lang='lat' dir='ltr'>genera</span> <span class='ocrx_word' id='word_1_92' title='bbox 573 1894 806 1969; x_wconf 83' lang='lat' dir='ltr'>ntasculinunr</span> <span class='ocrx_word' id='word_1_93' title='bbox 826 1912 862 1968; x_wconf 90' lang='lat' dir='ltr'>et</span> <span class='ocrx_word' id='word_1_94' title='bbox 880 1912 1071 1984; x_wconf 86' lang='lat' dir='ltr'>nentrum,</span> <span class='ocrx_word' id='word_1_95' title='bbox 1090 1910 1300 1968; x_wconf 81' lang='lat' dir='ltr'>utmancos</span> <span class='ocrx_word' id='word_1_96' title='bbox 1316 1910 1352 1966; x_wconf 92' lang='lat' dir='ltr'>et</span> 
     </span>
     <span class='ocr_line' id='line_1_13' title="bbox 337 2007 1351 2114; baseline 0.001 -31"><span class='ocrx_word' id='word_1_97' title='bbox 337 2039 403 2109; x_wconf 89' lang='lat' dir='ltr'>pus</span> <span class='ocrx_word' id='word_1_98' title='bbox 424 2013 487 2112; x_wconf 71' lang='lat' dir='ltr'><strong>(b).</strong></span> <span class='ocrx_word' id='word_1_99' title='bbox 508 2007 580 2085; x_wconf 90' lang='lat' dir='ltr'>Sed</span> <span class='ocrx_word' id='word_1_100' title='bbox 600 2038 720 2110; x_wconf 82' lang='lat' dir='ltr'>graeca</span> <span class='ocrx_word' id='word_1_101' title='bbox 739 2012 882 2086; x_wconf 89' lang='lat' dir='ltr'>nomina</span> <span class='ocrx_word' id='word_1_102' title='bbox 903 2034 1045 2086; x_wconf 88' lang='lat' dir='ltr'>omnem</span> <span class='ocrx_word' id='word_1_103' title='bbox 1065 2036 1234 2112; x_wconf 82' lang='lat' dir='ltr'>genennn</span> <span class='ocrx_word' id='word_1_104' title='bbox 1253 2010 1351 2114; x_wconf 80' lang='lat' dir='ltr'>sylla·</span> 
     </span>
     <span class='ocr_line' id='line_1_14' title="bbox 339 2130 900 2231; baseline 0.005 -28"><span class='ocrx_word' id='word_1_105' title='bbox 339 2131 462 2204; x_wconf 88' lang='lat' dir='ltr'>barum</span> <span class='ocrx_word' id='word_1_106' title='bbox 485 2130 642 2229; x_wconf 85' lang='lat' dir='ltr'>regulam</span> <span class='ocrx_word' id='word_1_107' title='bbox 660 2148 900 2231; x_wconf 79' lang='lat' dir='ltr'>conuperunt</span> 
     </span>
     <span class='ocr_line' id='line_1_15' title="bbox 418 2248 1350 2350; baseline 0 -28"><span class='ocrx_word' id='word_1_108' title='bbox 418 2251 452 2322; x_wconf 82' lang='lat'>3.</span> <span class='ocrx_word' id='word_1_109' title='bbox 476 2248 590 2323; x_wconf 82' lang='lat' dir='ltr'>Multi</span> <span class='ocrx_word' id='word_1_110' title='bbox 608 2249 653 2324; x_wconf 89' lang='lat' dir='ltr'>de</span> <span class='ocrx_word' id='word_1_111' title='bbox 677 2251 892 2324; x_wconf 83' lang='lat' dir='ltr'>nominativo</span> <span class='ocrx_word' id='word_1_112' title='bbox 912 2271 994 2324; x_wconf 87' lang='lat' dir='ltr'>casu</span> <span class='ocrx_word' id='word_1_113' title='bbox 1015 2250 1124 2325; x_wconf 83' lang='lat' dir='ltr'>muita</span> <span class='ocrx_word' id='word_1_114' title='bbox 1149 2248 1316 2350; x_wconf 81' lang='lat' dir='ltr'>scripsere</span> <span class='ocrx_word' id='word_1_115' title='bbox 1338 2275 1350 2344; x_wconf 88' lang='lat'>;</span> 
     </span>
     <span class='ocr_line' id='line_1_16' title="bbox 336 2368 1350 2472; baseline 0.003 -32"><span class='ocrx_word' id='word_1_116' title='bbox 336 2368 396 2440; x_wconf 87' lang='lat' dir='ltr'>sed</span> <span class='ocrx_word' id='word_1_117' title='bbox 416 2369 481 2443; x_wconf 85' lang='lat' dir='ltr'>hoc</span> <span class='ocrx_word' id='word_1_118' title='bbox 502 2369 595 2443; x_wconf 88' lang='lat' dir='ltr'>inter</span> <span class='ocrx_word' id='word_1_119' title='bbox 614 2387 726 2444; x_wconf 87' lang='lat' dir='ltr'>cetera</span> <span class='ocrx_word' id='word_1_120' title='bbox 745 2371 893 2444; x_wconf 86' lang='lat' dir='ltr'>rnaxime</span> <span class='ocrx_word' id='word_1_121' title='bbox 914 2370 1091 2472; x_wconf 81' lang='lat' dir='ltr'>requisisti</span> <span class='ocrx_word' id='word_1_122' title='bbox 1107 2428 1117 2461; x_wconf 89' lang='lat'>‚</span> <span class='ocrx_word' id='word_1_123' title='bbox 1133 2397 1199 2444; x_wconf 89' lang='lat' dir='ltr'>cnr</span> <span class='ocrx_word' id='word_1_124' title='bbox 1216 2392 1350 2443; x_wconf 77' lang='lat' dir='ltr'>nuscu-</span> 
     </span>
     <span class='ocr_line' id='line_1_17' title="bbox 338 2488 1351 2565; baseline 0.004 -5"><span class='ocrx_word' id='word_1_125' title='bbox 338 2488 452 2564; x_wconf 90' lang='lat' dir='ltr'>linum</span> <span class='ocrx_word' id='word_1_126' title='bbox 470 2508 505 2564; x_wconf 86' lang='lat' dir='ltr'>et</span> <span class='ocrx_word' id='word_1_127' title='bbox 524 2490 738 2564; x_wconf 81' lang='lat' dir='ltr'>femininum</span> <span class='ocrx_word' id='word_1_128' title='bbox 757 2507 793 2564; x_wconf 85' lang='lat' dir='ltr'>et</span> <span class='ocrx_word' id='word_1_129' title='bbox 812 2508 979 2565; x_wconf 87' lang='lat' dir='ltr'>neutrum</span> <span class='ocrx_word' id='word_1_130' title='bbox 988 2491 1134 2564; x_wconf 86' lang='lat' dir='ltr'>dicendi</span> <span class='ocrx_word' id='word_1_131' title='bbox 1152 2492 1191 2564; x_wconf 92' lang='lat' dir='ltr'>in</span> <span class='ocrx_word' id='word_1_132' title='bbox 1210 2516 1279 2564; x_wconf 82' lang='lat' dir='ltr'>usu</span> <span class='ocrx_word' id='word_1_133' title='bbox 1292 2491 1351 2564; x_wconf 90' lang='lat' dir='ltr'>ha-</span> 
     </span>
     <span class='ocr_line' id='line_1_18' title="bbox 338 2609 1352 2713; baseline -0.001 -30"><span class='ocrx_word' id='word_1_134' title='bbox 338 2611 488 2687; x_wconf 69' lang='lat' dir='ltr'>bmmus.</span> <span class='ocrx_word' id='word_1_135' title='bbox 503 2609 660 2708; x_wconf 83' lang='lat' dir='ltr'>Quidam</span> <span class='ocrx_word' id='word_1_136' title='bbox 678 2611 881 2712; x_wconf 85' lang='lat' dir='ltr'>simpliciter</span> <span class='ocrx_word' id='word_1_137' title='bbox 900 2611 1085 2701; x_wconf 78' lang='lat' dir='ltr'>dixerunt,</span> <span class='ocrx_word' id='word_1_138' title='bbox 1100 2611 1197 2713; x_wconf 90' lang='lat' dir='ltr'>qnod</span> <span class='ocrx_word' id='word_1_139' title='bbox 1217 2634 1352 2683; x_wconf 85' lang='lat' dir='ltr'>mascu-</span> 
     </span>
     <span class='ocr_line' id='line_1_19' title="bbox 339 2731 1352 2837; baseline 0.004 -33"><span class='ocrx_word' id='word_1_140' title='bbox 339 2733 451 2806; x_wconf 87' lang='lat' dir='ltr'>linum</span> <span class='ocrx_word' id='word_1_141' title='bbox 469 2735 537 2808; x_wconf 87' lang='lat' dir='ltr'>hoc</span> <span class='ocrx_word' id='word_1_142' title='bbox 558 2763 629 2808; x_wconf 85' lang='lat' dir='ltr'>esse</span> <span class='ocrx_word' id='word_1_143' title='bbox 647 2734 770 2808; x_wconf 84' lang='lat' dir='ltr'>debuit</span> <span class='ocrx_word' id='word_1_144' title='bbox 792 2791 803 2825; x_wconf 87' lang='lat'>‚</span> <span class='ocrx_word' id='word_1_145' title='bbox 829 2735 924 2837; x_wconf 82' lang='lat' dir='ltr'>quod</span> <span class='ocrx_word' id='word_1_146' title='bbox 951 2736 1150 2811; x_wconf 87' lang='lat' dir='ltr'>secundom</span> <span class='ocrx_word' id='word_1_147' title='bbox 1176 2731 1352 2808; x_wconf 79' lang='lat' dir='ltr'>h&#39;abitudi·</span> 
     </span>
     <span class='ocr_line' id='line_1_20' title="bbox 340 2853 1352 2953; baseline 0.001 -29"><span class='ocrx_word' id='word_1_148' title='bbox 340 2878 422 2925; x_wconf 88' lang='lat' dir='ltr'>nem</span> <span class='ocrx_word' id='word_1_149' title='bbox 441 2855 594 2953; x_wconf 83' lang='lat' dir='ltr'>corporis</span> <span class='ocrx_word' id='word_1_150' title='bbox 613 2853 854 2929; x_wconf 85' lang='lat' dir='ltr'>ostenderetur</span> <span class='ocrx_word' id='word_1_151' title='bbox 876 2911 888 2944; x_wconf 86' lang='lat'>,</span> <span class='ocrx_word' id='word_1_152' title='bbox 914 2870 949 2928; x_wconf 90' lang='lat' dir='ltr'>et</span> <span class='ocrx_word' id='word_1_153' title='bbox 970 2856 1017 2927; x_wconf 89' lang='lat' dir='ltr'>ita</span> <span class='ocrx_word' id='word_1_154' title='bbox 1037 2853 1251 2928; x_wconf 78' lang='lat' dir='ltr'>feminindm</span> <span class='ocrx_word' id='word_1_155' title='bbox 1274 2908 1284 2941; x_wconf 94' lang='lat'><strong>‚</strong></span> <span class='ocrx_word' id='word_1_156' title='bbox 1311 2867 1352 2925; x_wconf 88' lang='lat' dir='ltr'>nt</span> 
     </span>
     <span class='ocr_line' id='line_1_21' title="bbox 339 2971 1351 3065; baseline 0.002 -21"><span class='ocrx_word' id='word_1_157' title='bbox 339 2973 390 3044; x_wconf 84' lang='lat' dir='ltr'>rir</span> <span class='ocrx_word' id='word_1_158' title='bbox 416 2990 449 3046; x_wconf 91' lang='lat' dir='ltr'>et</span> <span class='ocrx_word' id='word_1_159' title='bbox 468 2973 594 3047; x_wconf 90' lang='lat' dir='ltr'>mulier</span> <span class='ocrx_word' id='word_1_160' title='bbox 617 3031 627 3065; x_wconf 92' lang='lat'>‚</span> <span class='ocrx_word' id='word_1_161' title='bbox 655 2992 775 3048; x_wconf 88' lang='lat' dir='ltr'>taurus</span> <span class='ocrx_word' id='word_1_162' title='bbox 794 2991 828 3048; x_wconf 85' lang='lat' dir='ltr'>et</span> <span class='ocrx_word' id='word_1_163' title='bbox 847 3002 950 3049; x_wconf 86' lang='lat' dir='ltr'>vacca</span> <span class='ocrx_word' id='word_1_164' title='bbox 973 2971 1093 3065; x_wconf 65' lang='lat' dir='ltr'>‚anes</span> <span class='ocrx_word' id='word_1_165' title='bbox 1113 2992 1150 3048; x_wconf 88' lang='lat' dir='ltr'>et</span> <span class='ocrx_word' id='word_1_166' title='bbox 1169 2973 1242 3047; x_wconf 81' lang='lat' dir='ltr'>ovis</span> <span class='ocrx_word' id='word_1_167' title='bbox 1266 3029 1276 3063; x_wconf 92' lang='lat'>‚</span> <span class='ocrx_word' id='word_1_168' title='bbox 1297 2998 1351 3046; x_wconf 87' lang='lat' dir='ltr'>ca·</span> 
     </span>
     <span class='ocr_line' id='line_1_22' title="bbox 342 3092 1354 3182; baseline 0.004 -20"><span class='ocrx_word' id='word_1_169' title='bbox 342 3092 397 3164; x_wconf 87' lang='lat' dir='ltr'>nis</span> <span class='ocrx_word' id='word_1_170' title='bbox 416 3109 450 3165; x_wconf 86' lang='lat' dir='ltr'>et</span> <span class='ocrx_word' id='word_1_171' title='bbox 469 3109 564 3182; x_wconf 88' lang='lat' dir='ltr'>cata,</span> <span class='ocrx_word' id='word_1_172' title='bbox 580 3111 615 3167; x_wconf 88' lang='lat' dir='ltr'>et</span> <span class='ocrx_word' id='word_1_173' title='bbox 634 3110 748 3168; x_wconf 86' lang='lat' dir='ltr'>cetera</span> <span class='ocrx_word' id='word_1_174' title='bbox 767 3095 940 3169; x_wconf 89' lang='lat' dir='ltr'>animalia.</span> <span class='ocrx_word' id='word_1_175' title='bbox 953 3092 1089 3169; x_wconf 85' lang='lat' dir='ltr'>Omnes</span> <span class='ocrx_word' id='word_1_176' title='bbox 1109 3118 1264 3169; x_wconf 78' lang='lat' dir='ltr'>sorores</span> <span class='ocrx_word' id='word_1_177' title='bbox 1284 3116 1354 3166; x_wconf 88' lang='lat' dir='ltr'>ma·</span> 
     </span>
     <span class='ocr_line' id='line_1_23' title="bbox 342 3212 1354 3317; baseline 0.004 -35"><span class='ocrx_word' id='word_1_178' title='bbox 342 3212 496 3303; x_wconf 74' lang='lat' dir='ltr'>ter-iales,</span> <span class='ocrx_word' id='word_1_179' title='bbox 513 3231 555 3288; x_wconf 91' lang='lat' dir='ltr'>ut</span> <span class='ocrx_word' id='word_1_180' title='bbox 573 3214 702 3315; x_wconf 88' lang='lat' dir='ltr'>lapides</span> <span class='ocrx_word' id='word_1_181' title='bbox 721 3233 756 3288; x_wconf 87' lang='lat' dir='ltr'>et</span> <span class='ocrx_word' id='word_1_182' title='bbox 775 3216 913 3290; x_wconf 86' lang='lat' dir='ltr'>arbores</span> <span class='ocrx_word' id='word_1_183' title='bbox 933 3232 968 3290; x_wconf 91' lang='lat' dir='ltr'>et</span> <span class='ocrx_word' id='word_1_184' title='bbox 987 3216 1087 3317; x_wconf 86' lang='lat' dir='ltr'>siqua</span> <span class='ocrx_word' id='word_1_185' title='bbox 1106 3230 1189 3288; x_wconf 91' lang='lat' dir='ltr'>sunt</span> <span class='ocrx_word' id='word_1_186' title='bbox 1208 3212 1354 3303; x_wconf 86' lang='lat' dir='ltr'>similia,</span> 
     </span>
     <span class='ocr_line' id='line_1_24' title="bbox 342 3331 1354 3412; baseline 0 -9"><span class='ocrx_word' id='word_1_187' title='bbox 342 3333 512 3406; x_wconf 89' lang='lat' dir='ltr'>neutralia</span> <span class='ocrx_word' id='word_1_188' title='bbox 531 3334 602 3408; x_wconf 91' lang='lat' dir='ltr'>dici</span> <span class='ocrx_word' id='word_1_189' title='bbox 621 3334 746 3410; x_wconf 86' lang='lat' dir='ltr'>debere</span> <span class='ocrx_word' id='word_1_190' title='bbox 767 3350 991 3411; x_wconf 86' lang='lat' dir='ltr'>censuerunt.</span> <span class='ocrx_word' id='word_1_191' title='bbox 1003 3334 1093 3408; x_wconf 85' lang='lat' dir='ltr'>lnde</span> <span class='ocrx_word' id='word_1_192' title='bbox 1111 3333 1276 3412; x_wconf 78' lang='lat' dir='ltr'>dicebaut</span> <span class='ocrx_word' id='word_1_193' title='bbox 1294 3331 1354 3404; x_wconf 91' lang='lat' dir='ltr'>hic</span> 
     </span>
     <span class='ocr_line' id='line_1_25' title="bbox 341 3448 1353 3553; baseline 0.004 -33"><span class='ocrx_word' id='word_1_194' title='bbox 341 3449 425 3538; x_wconf 79' lang='lat' dir='ltr'>vir,</span> <span class='ocrx_word' id='word_1_195' title='bbox 444 3453 584 3526; x_wconf 82' lang='lat' dir='ltr'>ethaeo</span> <span class='ocrx_word' id='word_1_196' title='bbox 605 3453 733 3527; x_wconf 89' lang='lat' dir='ltr'>mulier</span> <span class='ocrx_word' id='word_1_197' title='bbox 756 3471 821 3543; x_wconf 85' lang='lat' dir='ltr'>,et</span> <span class='ocrx_word' id='word_1_198' title='bbox 840 3454 908 3527; x_wconf 89' lang='lat' dir='ltr'>hoc</span> <span class='ocrx_word' id='word_1_199' title='bbox 928 3451 1042 3553; x_wconf 87' lang='lat' dir='ltr'>lapis,</span> <span class='ocrx_word' id='word_1_200' title='bbox 1063 3468 1097 3524; x_wconf 88' lang='lat' dir='ltr'>et</span> <span class='ocrx_word' id='word_1_201' title='bbox 1115 3452 1185 3524; x_wconf 87' lang='lat' dir='ltr'>hoc</span> <span class='ocrx_word' id='word_1_202' title='bbox 1206 3448 1353 3539; x_wconf 81' lang='lat' dir='ltr'>domur,</span> 
     </span>
     <span class='ocr_line' id='line_1_26' title="bbox 341 3569 1355 3675; baseline 0.001 -34"><span class='ocrx_word' id='word_1_203' title='bbox 341 3587 375 3642; x_wconf 91' lang='lat' dir='ltr'>et</span> <span class='ocrx_word' id='word_1_204' title='bbox 395 3569 463 3644; x_wconf 85' lang='lat' dir='ltr'>hoc</span> <span class='ocrx_word' id='word_1_205' title='bbox 484 3571 762 3649; x_wconf 87' lang='lat' dir='ltr'>manus.Moneo</span> <span class='ocrx_word' id='word_1_206' title='bbox 782 3575 897 3675; x_wconf 88' lang='lat' dir='ltr'>itaque</span> <span class='ocrx_word' id='word_1_207' title='bbox 919 3592 975 3663; x_wconf 87' lang='lat' dir='ltr'>te,</span> <span class='ocrx_word' id='word_1_208' title='bbox 992 3601 1013 3646; x_wconf 94' lang='lat' dir='ltr'>o</span> <span class='ocrx_word' id='word_1_209' title='bbox 1033 3574 1138 3646; x_wconf 82' lang='lat' dir='ltr'>irater</span> <span class='ocrx_word' id='word_1_210' title='bbox 1157 3571 1355 3658; x_wconf 83' lang='lat' dir='ltr'>carissime,</span> 
     </span>
     <span class='ocr_line' id='line_1_27' title="bbox 340 3681 1356 3788; baseline -0.002 -28"><span class='ocrx_word' id='word_1_211' title='bbox 340 3704 378 3760; x_wconf 90' lang='lat' dir='ltr'>ut</span> <span class='ocrx_word' id='word_1_212' title='bbox 397 3689 557 3788; x_wconf 78' lang='lat' dir='ltr'>quamuis</span> <span class='ocrx_word' id='word_1_213' title='bbox 582 3715 657 3762; x_wconf 91' lang='lat' dir='ltr'>non</span> <span class='ocrx_word' id='word_1_214' title='bbox 676 3690 742 3765; x_wconf 85' lang='lat' dir='ltr'>hac</span> <span class='ocrx_word' id='word_1_215' title='bbox 770 3718 868 3766; x_wconf 91' lang='lat' dir='ltr'>nunc</span> <span class='ocrx_word' id='word_1_216' title='bbox 897 3690 1151 3765; x_wconf 87' lang='lat' dir='ltr'>consuetudine</span> <span class='ocrx_word' id='word_1_217' title='bbox 1179 3681 1356 3764; x_wconf 78' lang='lat' dir='ltr'>scriitsndi</span> 
     </span>
    </p>
   </div>
   <div class='ocr_carea' id='block_1_2' title="bbox 415 3919 1358 3985">
    <p class='ocr_par' dir='ltr' id='par_1_2' title="bbox 415 3919 1358 3985">
     <span class='ocr_line' id='line_1_28' title="bbox 415 3919 1358 3985; baseline -0.001 -21"><span class='ocrx_word' id='word_1_218' title='bbox 415 3919 455 3981; x_wconf 78' lang='grc' dir='ltr'>(ι)</span> <span class='ocrx_word' id='word_1_219' title='bbox 479 3926 523 3967; x_wconf 79' lang='lat' dir='ltr'>Pro</span> <span class='ocrx_word' id='word_1_220' title='bbox 540 3927 582 3966; x_wconf 72' lang='lat' dir='ltr'>eut*</span> <span class='ocrx_word' id='word_1_221' title='bbox 605 3924 628 3966; x_wconf 79' lang='lat' dir='ltr'>ia</span> <span class='ocrx_word' id='word_1_222' title='bbox 650 3924 699 3967; x_wconf 81' lang='lat' dir='ltr'>eod.</span> <span class='ocrx_word' id='word_1_223' title='bbox 718 3936 753 3971; x_wconf 80' lang='lat' dir='ltr'>est</span> <span class='ocrx_word' id='word_1_224' title='bbox 772 3932 888 3984; x_wconf 71' lang='lat' dir='ltr'>spinione.</span> <span class='ocrx_word' id='word_1_225' title='bbox 942 3926 981 3985; x_wconf 84' lang='lat' dir='ltr'>(b)</span> <span class='ocrx_word' id='word_1_226' title='bbox 997 3925 1052 3973; x_wconf 81' lang='lat' dir='ltr'>eod.</span> <span class='ocrx_word' id='word_1_227' title='bbox 1074 3931 1157 3982; x_wconf 74' lang='lat' dir='ltr'>inpres-</span> <span class='ocrx_word' id='word_1_228' title='bbox 1186 3925 1236 3968; x_wconf 77' lang='lat' dir='ltr'>trist</span> <span class='ocrx_word' id='word_1_229' title='bbox 1258 3923 1310 3981; x_wconf 80' lang='lat' dir='ltr'>quis</span> <span class='ocrx_word' id='word_1_230' title='bbox 1333 3921 1358 3964; x_wconf 82' lang='lat' dir='ltr'>id</span> 
     </span>
    </p>
   </div>
   <div class='ocr_carea' id='block_1_3' title="bbox 343 4014 579 4072">
    <p class='ocr_par' dir='ltr' id='par_1_3' title="bbox 343 4014 579 4072">
     <span class='ocr_line' id='line_1_29' title="bbox 343 4014 579 4072; baseline 0.008 -16"><span class='ocrx_word' id='word_1_231' title='bbox 343 4014 433 4061; x_wconf 72' lang='lat' dir='ltr'>nouit</span> <span class='ocrx_word' id='word_1_232' title='bbox 450 4016 479 4059; x_wconf 74' lang='grc' dir='ltr'>ιΙ,</span> <span class='ocrx_word' id='word_1_233' title='bbox 493 4019 579 4072; x_wconf 73' lang='lat' dir='ltr'>impu.</span> 
     </span>
    </p>
   </div>
   <div class='ocr_carea' id='block_1_4' title="bbox 0 0 1709 5206">
    <p class='ocr_par' dir='ltr' id='par_1_4' title="bbox 0 0 1709 5206">
     <span class='ocr_line' id='line_1_30' title="bbox 0 0 1709 5206; baseline 0 0"><span class='ocrx_word' id='word_1_234' title='bbox 0 0 1709 5206; x_wconf 95' lang='lat' dir='ltr'> </span> 
     </span>
    </p>
   </div>
  </div>
 </body>
</html>
