3382 5206
756 559 800 606 nt
820 560 929 610 mne.
1262 544 1317 644 47

333 673 404 763 tia,
420 697 530 774 paum
542 667 769 770 proferemus„
787 665 1076 768 Frequentativa‚
1091 670 1224 775 inquit,
1236 672 1349 750 tom
1437 702 1444 740 t

332 807 403 872 tres
422 786 635 872 efficientiae
652 785 790 886 uiaque.
806 785 911 863 habu
929 786 1147 865 incrementa
1162 818 1178 884 3
1194 790 1377 898 priamum]

331 910 430 1010 quod
446 908 585 992 dubus
603 904 739 1006 tyllnbin
759 903 893 1002 gaudet
907 962 924 994 ,
940 922 979 980 nt
1004 905 1096 983 lecta
1114 964 1124 997 ,
1149 908 1247 1009 quod
1270 908 1350 1010 qui-

328 1030 413 1110 dent
430 1025 618 1127 asimpliei
637 1025 750 1105 latina
768 1022 873 1122 paulo
893 1023 1075 1101 obscurius
1100 1025 1259 1108 cernitur
1279 1026 1352 1103 diae
1449 1081 1452 1084 -

330 1144 602 1257 creparaaunde.
615 1160 652 1221 et
671 1170 692 1220 a
710 1142 839 1228 multia
852 1170 925 1222 non
943 1159 1016 1220 tam
1034 1143 1136 1223 tacite
1157 1144 1353 1246 recipitur.

327 1265 417 1367 quia
431 1266 582 1347 forman
597 1261 891 1362 frequentativam
912 1261 1082 1338 adserunt
1107 1261 1199 1339 sicut
1222 1252 1352 1350 litterii

328 1385 381 1467 ita
396 1383 503 1465 etiarn
521 1408 624 1463 aenan
644 1379 811 1460 &versari
830 1378 957 1455 debere
977 1410 988 1458 a
1012 1381 1120 1466 numo
1148 1381 1265 1481 potius
1290 1410 1351 1463 ac.-

328 1531 495 1583 creaccra.
509 1499 583 1575 Sed
594 1501 721 1576 noeaic
735 1499 887 1578 dicimus
898 1501 995 1602 quod
1007 1500 1184 1578 hiclectet
1200 1505 1267 1603 (al,
1282 1504 1351 1604 qui

329 1623 516 1701 minimum
534 1621 652 1704 saltim
665 1621 797 1698 litterae
815 1620 933 1696 dicere
948 1620 1138 1711 lecte„aut
1152 1622 1349 1724 qui,qucd.

330 1742 443 1840 legit²
457 1740 656 1840 intellegere
675 1739 811 1841 incipit
832 1737 967 1839 Legitet
985 1767 1093 1831 vero„
1104 1739 1166 1841 qui
1184 1741 1281 1840 quod
1299 1740 1350 1817 ln·

329 1862 379 1960 git
398 1860 593 1960 intellegit,
613 1865 668 1935 vel
684 1859 770 1939 aliun
788 1858 901 1960 legere
921 1861 1010 1938 lacit
1024 1859 1193 1936 tradendo
1212 1861 1255 1938 'nn
1269 1876 1346 1940 nate

327 1983 524 2073 scribendi,
542 2010 630 2085 quac
650 1981 789 2079 le3endi
807 1981 1065 2058 consuetudine
1082 1981 1251 2073 didicerit
1259 1979 1346 2057 Pou-

327 2132 366 2179 ro
385 2103 545 2193 lectitet,
565 2103 626 2205 qui
645 2102 789 2177 omnino
809 2104 925 2202 legere
946 2131 1019 2178 non
1037 2101 1176 2181 decinit
1196 2103 1342 2180 Inchoa-

197 2272 201 2283 ·
327 2224 418 2307 tirae
444 2240 562 2299 autem
587 2225 716 2297 formae
741 2222 844 2296 verba
871 2222 1056 2324 utriunque
1088 2223 1343 2322 coniugationia

231 2380 235 2394 ·
327 2373 402 2420 esee
423 2360 569 2444 possunt
592 2398 602 2433 ‚
622 2343 671 2416 ita
692 2360 809 2417 tamen
837 2360 877 2418 ut
906 2360 1053 2445 utraque
1079 2344 1276 2442 coniugatio
1295 2345 1342 2419 al·

328 2480 469 2538 ternum
488 2462 553 2558 sihi
570 2461 726 2535 vindicet
744 2461 900 2536 verbnm.
919 2460 1013 2537 Nam
1034 2490 1117 2538 cum
1135 2462 1223 2538 dicia
1235 2464 1343 2538 floris·

328 2611 367 2657 ao
389 2640 399 2673 ‚
418 2582 549 2683 primae
571 2579 825 2678 coniugationia
846 2607 917 2652 esse
936 2581 1096 2654 noscitur
1119 2639 1135 2672 ‚⁴
1150 2598 1191 2656 ut
1209 2581 1342 2657 floriano

328 2703 478 2776 {larissae
495 2731 505 2796 ;
524 2701 573 2773 sie
594 2698 714 2772 caliaso
726 2724 741 2788 ·,
760 2697 898 2799 patisso.
919 2698 1101 2774 Mirantur
1120 2728 1205 2775 sane.
1224 2700 1344 2776 docto·

330 2846 384 2892 rea
403 2819 531 2891 horum
550 2874 560 2907 ‚
580 2816 617 2889 in
638 2815 764 2916 quibua
783 2813 950 2888 adsumus
972 2872 981 2905 ‚
1009 2831 1219 2917 temporum.
1233 2846 1340 2919 quare

331 2955 365 3012 et
385 2937 559 3039 quomodo
578 2936 724 3012 verbum
748 2935 878 3035 primae
905 2935 1156 3033 coniugationia
1181 2967 1254 3014 uon
1280 2967 1342 3041 per
1371 2956 1373 2960 '

329 3057 447 3129 omnia
462 3075 615 3156 tempora
631 3053 879 3130 declinabitur:
892 3053 922 3126 ai
937 3054 1033 3128 enim
1052 3055 1253 3133 declinatur
1266 3060 1344 3149 ,jn

329 3176 526 3249 choativum
553 3202 727 3248 essenon
753 3190 886 3274 potest:
912 3200 1004 3249 nam*
1021 3176 1154 3276 primae
1180 3179 1345 3280 cuninga-

328 3295 431 3369 tionia
454 3295 559 3368 verba
582 3321 644 3393 per
671 3292 788 3367 omnia
815 3308 970 3394 tempora
989 3294 1083 3371 exire
1105 3324 1202 3396 posse
1224 3353 1235 3385 ‚
1260 3299 1344 3374 saci,

329 3414 371 3487 lia
393 3415 441 3514 (h)
464 3413 566 3487 lectio
587 3411 808 3488 demonstrat.

294 3600 304 3606 .
412 3539 468 3632 14.
494 3533 686 3616 Deforme
711 3562 791 3609 reru
817 3533 1017 3610 meditativa
1041 3535 1144 3613 tntdti
1162 3537 1346 3637 ambigunt

329 3674 452 3731 utrum
471 3655 613 3756 penitua
631 3683 703 3730 esse
722 3654 846 3729 debeat
864 3682 909 3730 au
930 3655 1167 3745 uon.„rnultia
1187 3660 1352 3757 neganti-

328 3776 394 3850 bus
414 3792 448 3849 et
467 3774 545 3848 aliia
564 3772 1105 3874 adfirmantibuaDuplieiet'am
1113 3778 1343 3855 neminehoc

328 3895 473 3968 verbum
500 3894 630 3969 formae
657 3892 875 3967 meditativae
907 3894 1053 3971 utitur:
1079 3895 1221 4004 quidam
1248 3901 1342 3976 enim

405 4047 446 4107 (ι)
463 4045 519 4094 eod.
536 4045 612 4102 legat.
644 4047 682 4106 (b)
699 4046 755 4095 cad.
765 4049 870 4108 sacten.
