3382 5206
1297 611 1312 656 ¹
1389 666 1392 671 .

406 776 468 863 nn
495 778 654 914 oceo
684 779 962 871 enarrans
992 785 1295 875 onsnonrs
1389 768 1392 773 ’

445 968 504 1037 EX
521 968 694 1044 comet:
717 972 1049 1042 BIBLIOTHECAE
1072 976 1239 1049 REGIAE

653 1089 1021 1163 NEAPOLITANAE.

683 1258 1001 1291 *-

486 1365 656 1434 increta
685 1335 942 1436 noredino
973 1365 1188 1439 naeoors.
1279 1342 1289 1354 “

402 1543 661 1624 venantes
684 1545 833 1624 nano
862 1545 1004 1624 rotro
1028 1545 1283 1623 connino
1380 1490 1382 1495 ’

568 1678 817 1761 nncono
840 1682 1096 1760 senonen.

412 2009 440 2057 1·
461 1898 526 2064 In
542 1987 759 2064 Graecorum
770 1991 918 2089 legimus
931 1988 1085 2062 historiis
1098 2005 1211 2061 vatem
1225 2015 1345 2088 quern·

332 2101 415 2177 dam
428 2101 662 2207 Tarquinium
681 2135 749 2181 con
765 2110 818 2210 (ι)
832 2106 955 2182 Persas
975 2105 1149 2195 extitisse,
1164 2106 1228 2206 qui
1245 2106 1344 2206 quic·
1390 2189 1396 2205 ἱ

338 2222 421 2322 quid
446 2224 650 2300 vaticinatus
674 2226 796 2300 fuisset
826 2283 837 2316 ‚
863 2224 996 2299 tabellis
1023 2240 1059 2299 et
1085 2221 1266 2298 codicibus
1294 2225 1346 2297 in-

339 2343 522 2441 primani,
542 2344 656 2420 donec
676 2363 819 2421 eventus
840 2347 912 2446 ipse
930 2346 1154 2446 probaretur3
1169 2371 1240 2444 quo
1251 2369 1344 2421 oom-

338 2462 457 2560 plato,
483 2465 611 2565 scripta
630 2465 826 2566 prodebat:
852 2468 945 2541 inter
964 2493 1052 2566 quae
1078 2462 1256 2564 quoddam
1280 2464 1344 2536 mi-

338 2583 438 2656 rabile
456 2578 674 2686 prophetavit
692 2613 859 2662 arcanum
882 2643 892 2677 ‚
917 2584 1013 2688 quod
1032 2585 1116 2685 quia
1134 2582 1250 2658 adhue
1269 2610 1343 2659 non

334 2703 468 2777 ridebat
489 2705 674 2808 impletum
697 2764 707 2797 ‚
733 2735 843 2808 nsque
870 2706 914 2780 ad
943 2721 1092 2779 mortem
1116 2702 1210 2777 nulli
1236 2703 1346 2777 voluit

337 2824 521 2902 ostendere.
542 2823 677 2900 Verum
694 2855 802 2928 paene
826 2829 898 2927 ipso
918 2827 976 2900 die
1000 2882 1010 2916 ‚
1036 2852 1108 2926 qoo
1126 2825 1217 2898 vitae
1237 2824 1346 2898 finem
1454 2910 1459 2919 .

339 2942 415 3016 iecit
438 3000 448 3033 ‚
473 2971 589 3018 unum
608 2973 651 3020 ex
671 2946 742 3020 suis
760 2947 893 3020 vocavit
918 2943 1101 3044 discipulis
1124 3000 1134 3033 ‚
1160 2942 1344 3040 adsignans
1496 3024 1499 3031 ,

341 3062 369 3134 ei
387 3064 580 3155 tabellam,
608 3083 642 3139 et
666 3066 812 3144 dicens:
838 3067 907 3141 hen
928 3092 985 3139 me
1005 3065 1075 3138 heu
1102 3092 1158 3138 me
1173 3046 1193 3154 .’
1219 3064 1344 3154 ofili,

339 3182 415 3279 quia
439 3183 525 3257 haec
552 3185 679 3286 scripta
703 3184 866 3259 nondum
893 3184 1034 3284 impleta
1059 3201 1142 3258 sunt
1168 3186 1177 3258 Ε
1203 3183 1286 3257 felix
1312 3202 1348 3258 et
1459 3262 1461 3267 ,

339 3301 451 3377 beatus
472 3304 539 3376 erit
564 3305 627 3404 qui
647 3302 771 3378 inillis
794 3303 919 3380 vixerit
944 3304 1160 3404 temporibus
1183 3359 1193 3393 ,
1219 3291 1346 3403 quibus
1462 3382 1467 3392 ⁴

340 3421 418 3496 inec
437 3423 608 3522 completa
629 3441 731 3497 erunt
742 3481 752 3514 ‚
765 3453 854 3525 quae
876 3425 914 3497 in
933 3424 999 3497 hae
1018 3414 1151 3498 visione
1167 3425 1348 3499 eontinen-

413 3606 453 3676 (ι)
476 3607 533 3659 Con
551 3605 685 3675 significat
702 3607 780 3678 apud
799 3607 826 3660 in
845 3607 929 3660 nostri
948 3607 1110 3674 grammatici
1130 3605 1282 3666 latinitate,
1295 3607 1338 3662 uti

346 3693 475 3747 constabit
487 3692 599 3748 inferius
612 3695 689 3766 epist.
701 3695 762 3747 vlt·
773 3694 887 3747 Videtur
900 3705 988 3748 autem
1003 3693 1111 3747 verbum
1120 3694 1265 3749 latinitatis
1280 3697 1338 3764 goi-

345 3781 442 3836 iieanne
460 3819 468 3842 ‚
486 3782 560 3838 unde
576 3783 734 3839 hodiernum
752 3784 824 3836 cisen.
841 3783 918 3837 Certe
936 3794 1026 3837 noster
1043 3784 1229 3851 grammaticus
1247 3785 1337 3839 homi-

327 3869 399 3923 ὴαι
414 3871 516 3940 gattam
534 3888 563 3924 ss
582 3868 651 3924 iutra
669 3891 721 3924 non
741 3871 819 3924 semei
837 3881 960 3924 testator.
980 3871 1169 3926 Verumtamen
1186 3872 1255 3943 quid
1273 3891 1338 3926 sen·

347 3954 459 4011 tiendum
477 3958 516 4013 sit
533 3958 570 4011 de
587 3957 734 4028 Tarquinii
752 3958 824 4029 apud
843 3959 933 4011 Persas
951 3957 1077 4015 nonnius,
1097 3970 1125 4012 et
1143 3957 1177 4012 de
1190 3970 1248 4031 tota
1267 3959 1336 4014 hae.

350 4063 413 4114 qnae
429 4064 525 4116 graeca
544 4046 666 4104 dicitur,
684 4045 796 4102 bistone
814 4062 860 4100 sen
878 4043 988 4105 fabella.
1007 4044 1144 4117 disputare
1162 4045 1207 4104 vix
1226 4046 1322 4101 susim.
