3382 5206
541 583 783 652 Quansrtovts
813 583 1128 635 euanntrrcttrs.
1254 559 1323 635 333

328 701 425 769 ditrix
441 704 615 772 conditrix.
625 700 860 770 Producuntur
872 703 908 766 iu
921 703 1017 767 tertia
1032 701 1255 790 coniugatione
1269 699 1351 766 obli·

327 830 376 877 tus
402 811 566 902 quaesitus
586 811 680 876 tritus
704 810 823 898 petitam
845 826 877 875 et
900 808 1054 897 cupitus,
1078 823 1110 875 et
1129 831 1228 898 quae·
1243 834 1281 876 ex
1296 808 1346 875 his

328 937 577 1010 componuntur·
593 917 782 987 Notandum
798 936 907 987 tamen
924 919 1013 1010 quod
1030 917 1175 1002 oblitus,
1193 919 1218 984 si
1238 943 1255 982 a
1277 943 1349 986 ver·

329 1031 373 1097 bo
395 1030 602 1119 componitur
622 1026 712 1118 quod
732 1044 778 1094 est
802 1026 891 1112 lino,
917 1027 1101 1117 corripitur.
1118 1027 1161 1093 Et
1176 1029 1213 1093 in
1233 1043 1348 1118 quarta

331 1153 456 1202 tantum
483 1134 706 1224 corripiuntur
729 1133 820 1218 duo,
847 1157 930 1222 queo
952 1132 1049 1199 simul
1068 1149 1101 1198 et
1122 1154 1187 1215 eo,
1211 1147 1243 1200 et
1264 1157 1349 1223 quae

330 1270 367 1311 er
388 1245 439 1311 his
462 1261 701 1333 componuntur
718 1293 728 1327 ,
746 1258 781 1309 ut
806 1244 851 1329 eof
867 1244 954 1324 itus,
974 1264 1050 1309 ereo
1067 1242 1199 1324 exitus,
1222 1263 1260 1307 ex
1279 1243 1349 1333 qui·

272 1386 276 1392 ·
330 1355 391 1420 bus
419 1353 563 1421 verbalia
584 1377 650 1420 nou
673 1351 744 1444 legi.
768 1353 919 1442 Denique
941 1351 967 1418 ei
987 1355 1029 1417 0ii·
1042 1368 1119 1417 aute
1132 1366 1204 1418 tus·
1218 1350 1350 1421 babue-

329 1462 374 1527 rit
400 1462 489 1530 idem
506 1463 744 1552 praeteritum,
770 1479 847 1526 tunc
867 1458 1010 1527 eiusdem
1038 1463 1206 1550 praeteriti
1230 1459 1349 1550 penul-

331 1569 409 1635 tima
424 1568 462 1634 lit
476 1569 608 1651 brevis,
631 1569 658 1633 ai
685 1593 702 1636 a
727 1567 829 1633 verbo
850 1589 911 1634 ruo
940 1569 1154 1655 compositum
1175 1564 1272 1635 suerit
1287 1614 1297 1648 ,
1312 1580 1349 1630 ut

335 1704 413 1746 crtto
431 1698 568 1762 erutus,
593 1679 697 1746 obruo
716 1678 860 1745 obrutus.
877 1680 914 1743 ln
939 1677 1070 1769 reliquis
1084 1678 1299 1769 producitur,
1318 1693 1353 1742 ut

330 1787 430 1852 induo
445 1787 601 1871 indutus,
616 1810 695 1854 exuo
710 1803 840 1869 exutus,
855 1785 973 1853 adiuvo
988 1785 1119 1853 adiutus
1134 1835 1144 1869 ,
1160 1785 1246 1852 unde
1261 1783 1353 1865 adin·

330 1915 382 1964 tor
403 1915 435 1964 et
460 1898 609 1965 adiutrix.
624 1898 719 1984 Quod
739 1901 821 1966 aio·
839 1914 915 1965 ante
934 1916 1006 1965 tus·
1022 1899 1164 1966 extiterit
1183 1947 1193 1981 ,
1221 1921 1350 1986 semper

331 2002 394 2067 erit
414 2000 535 2093 longa,
556 2022 590 2069 ut
611 2027 728 2071 moveo
751 2019 880 2087 motus,
902 2000 993 2071 foveo
1019 2002 1128 2086 sotus,
1151 2001 1226 2071 lavo
1248 2001 1353 2088 lotus,

330 2109 419 2200 quod
437 2129 469 2178 et
491 2112 597 2179 lautus
614 2112 700 2181 lacit.
716 2113 868 2181 Tandem
887 2137 925 2180 er
944 2113 1131 2183 huiusmodi
1149 2114 1270 2205 regulis
1288 2115 1352 2181 sci·

336 2247 373 2287 re
389 2225 521 2309 potestis
546 2224 634 2315 quod
660 2224 856 2292 naturaliter
874 2223 1050 2313 productas
1071 2223 1214 2318 syllabas
1237 2223 1358 2316 penul·

334 2333 426 2397 timae
452 2350 586 2423 propter
603 2351 726 2400 mutam
751 2352 782 2400 et
804 2332 965 2425 liquidam
987 2333 1079 2400 nulla
1102 2338 1274 2403 necessitas
1290 2360 1355 2404 tne-

335 2443 378 2506 tri
402 2444 558 2532 corripit,
573 2469 649 2510 cum
662 2469 772 2513 omnes
788 2445 868 2512 tales
885 2442 1078 2512 naturaliter
1094 2463 1264 2536 correptae
1283 2469 1357 2534 pro-

339 2549 414 2617 duci
438 2554 569 2641 possint·
584 2555 789 2643 Quapropter
805 2555 926 2620 Donati
942 2554 992 2623 vel
1016 2555 1174 2622 Prisciani
1189 2552 1294 2642 potius
1308 2579 1358 2621 re

336 2658 418 2750 gulia
444 2661 522 2749 dare
542 2687 677 2753 operam
698 2663 843 2749 suadeo,
869 2689 968 2756 quam
992 2663 1171 2730 audacibus
1193 2663 1358 2728 iuniorum

336 2771 478 2838 inventis
505 2797 542 2838 ex
569 2775 777 2862 improviso,
802 2791 834 2842 et
862 2775 975 2841 dicere
1001 2775 1036 2839 in
1060 2797 1155 2862 prosa
1181 2771 1361 2862 penultima

338 2898 488 2969 correpta
515 2880 749 2949 caudelabrum
773 2882 948 2949 delubrum
975 2899 1119 2948 aratrum
1140 2881 1309 2947 lavacrum
1328 2897 1360 2947 et

338 2995 364 3058 si
390 3016 454 3082 qua
475 3010 552 3059 suut
571 2992 691 3059 similia
713 3044 723 3076 ‚
746 3012 877 3084 praeter
904 2993 960 3061 illa
990 3019 1074 3084 qnae
1099 3009 1232 3082 excepta
1261 3007 1362 3075 sunt,

339 3120 371 3168 et
395 3125 497 3167 nuum
521 3126 640 3170 nomen
666 3107 827 3187 october,
850 3123 883 3171 ut
901 3103 1109 3194 postmodum
1139 3103 1265 3194 queatis
1283 3111 1361 3191 pro·-

341 3211 460 3280 ducere
481 3214 581 3281 metri
599 3217 793 3282 necessitate.

429 3327 459 3409 5.
482 3324 673 3390 Deuomiue
699 3322 787 3413 quod
805 3340 854 3389 est
869 3320 987 3390 mulier
1009 3322 1214 3412 requisistis,
1232 3347 1297 3413 quo
1313 3345 1364 3387 ac·

348 3449 448 3499 centu
463 3435 530 3500 eius
545 3435 704 3525 genitivus
723 3431 841 3497 debeat
864 3433 1092 3521 pronuntiari:
1120 3429 1244 3521 dequo
1263 3431 1365 3496 scien·

344 3539 422 3605 dum
441 3562 487 3609 est
511 3542 600 3633 quod
627 3543 774 3633 quamvis
798 3543 866 3607 eius
893 3539 1070 3631 penultima
1092 3539 1202 3605 brevit
1225 3540 1267 3604 sit
1284 3587 1294 3618 ,
1311 3562 1365 3605 eu-

342 3644 484 3733 phoniae
517 3667 612 3709 causa
642 3642 723 3709 solet
751 3645 823 3708 acui
853 3693 863 3726 ,
898 3647 983 3709 sicut
1020 3658 1054 3707 et
1086 3643 1186 3709 verba
1217 3638 1369 3710 calefacio

341 3749 502 3818 calefacis.
520 3751 604 3819 Cum
623 3755 709 3820 cuitu
732 3777 827 3821 omne
846 3775 966 3819 nomeu
981 3749 1194 3844 dissyllabum
1216 3766 1248 3816 et
1268 3750 1367 3817 deiu-

344 3885 418 3951 ceps
442 3861 477 3926 in
495 3885 552 3928 ·cr·
568 3860 719 3929 desinens
733 3863 927 3946 brevietur,
952 3861 979 3926 ai
1002 3861 1164 3951 genitivus
1188 3861 1257 3927 eius
1276 3883 1372 3949 supra

347 3972 427 4040 duas
447 3970 587 4063 syllabas
614 3974 958 4065 excrevte1=it‚aemper
979 3969 1192 4063 pmultimam
1216 3972 1375 4062 corripit,
