3382 5206
721 595 766 640 nt:
802 594 953 643 nonunt.

327 694 377 747 trie
405 695 523 748 cnomaie
557 704 585 749 ct
617 712 669 748 uon
703 696 820 749 anomale

327 782 454 852 permim
471 783 529 835 tint
546 782 690 840 doelinnri.
710 801 769 834 enm
788 784 822 835 ad

329 869 457 923 rationem
476 880 619 923 metrorum
641 871 683 923 vel
703 880 823 923 structu-

329 972 418 1008 rarum
432 957 594 1033 venerimus.
610 957 665 1009 illic
677 966 821 1027 conpeten-

328 1056 368 1097 ter
384 1045 567 1099 tractabimus·
581 1046 658 1098 Nunc
669 1045 696 1097 in
707 1047 757 1097 hnc
771 1045 823 1097 ior·

328 1152 370 1186 ma
386 1134 488 1202 generis
504 1134 609 1192 neutri.
628 1153 682 1205 qua
706 1134 821 1186 diximus

326 1220 447 1276 ublativo
464 1240 526 1277 cusu
555 1223 656 1276 numeri
679 1223 821 1292 singularis

326 1311 436 1365 nomint
454 1326 489 1365 σο·
509 1311 599 1365 littera
623 1311 774 1368 terminari.
794 1322 821 1365 et

328 1398 493 1453 nominativo
518 1417 580 1452 cusu
607 1399 707 1452 numeri
728 1397 821 1465 singu-

328 1486 391 1540 inrie
417 1503 481 1538 ·um·
509 1486 606 1540 litteris
636 1497 696 1557 post
726 1503 819 1540 conso·

327 1584 435 1627 nentem
452 1573 557 1626 definiri
572 1609 579 1630 .
603 1573 654 1626 hoc
669 1591 818 1629 monemus.

283 1668 289 1679 ¹
328 1661 401 1730 quod
421 1679 453 1715 ex
478 1678 511 1714 ea
527 1661 726 1732 quamplurimi
743 1661 818 1717 euni.

327 1749 378 1803 boc
397 1760 531 1820 estquum
557 1750 671 1822 plurimu
695 1752 819 1808 nomine,

327 1838 431 1909 possint
448 1837 579 1892 exhiberi.
606 1840 646 1891 De
666 1838 748 1892 formu
774 1855 821 1906 ge·

326 1929 397 1983 neris
421 1927 511 1982 neutri
523 1963 530 1984 .
544 1945 598 1996 quu
613 1926 732 1981 ablativo
756 1945 818 1980 casu

326 2014 429 2068 numeri
443 2013 585 2082 singularis
605 2015 712 2067 nomina
725 2034 760 2067 ·o·
775 2015 818 2068 iit-

328 2113 384 2155 tern
395 2105 585 2160 terminantur.
604 2114 633 2156 et
654 2104 817 2157 nominativo

326 2209 388 2245 cusu
408 2191 508 2246 numeri
526 2191 667 2258 singularis
687 2211 751 2244 mm·
771 2193 819 2246 iit·

328 2279 392 2332 teris
406 2290 464 2350 post
486 2290 672 2333 consonantem
692 2280 819 2332 definiun-

327 2378 379 2424 tur,
394 2379 524 2437 quantum
534 2369 606 2422 ratio
619 2367 754 2439 poscebat.
767 2379 820 2419 tru-

327 2455 464 2509 ctuvimne·

473 2537 518 2596 56.
537 2557 573 2594 nr
593 2557 673 2595 uun·

362 2628 549 2699 Quaecumque
581 2630 688 2683 nomina
720 2629 821 2696 generis

328 2717 416 2770 neutri
434 2718 553 2773 ablativo
563 2736 624 2771 cusu
645 2720 748 2771 numeri
763 2719 819 2770 sin-

327 2804 426 2872 gularis
437 2824 472 2859 ·o·
483 2807 574 2860 litura
585 2807 780 2862 terminentur,
793 2818 819 2858 et

328 2893 492 2947 nominativo
510 2911 572 2946 cusu
599 2896 698 2947 numeri
728 2896 820 2962 singu-

330 2981 393 3035 iurie
402 2999 482 3035 ·eum·
491 2982 589 3036 litteris
600 2983 776 3038 definiunturs
790 2993 820 3035 ut

325 3081 390 3140 puta
401 3069 434 3122 ab
445 3052 496 3123 inoc
504 3070 586 3124 linteo
598 3108 605 3128 ‚
624 3072 672 3124 hnc
691 3072 817 3128 linteum,

325 3156 389 3210 haec
405 3157 439 3209 ud
458 3158 507 3210 hoc
528 3158 673 3228 exemplum
688 3159 818 3211 declinan-

327 3257 379 3299 tur.
397 3245 505 3298 Numeri
522 3245 679 3313 singularis,
698 3247 747 3298 hoc
763 3246 817 3299 iin-

326 3347 413 3392 teum‚
432 3334 512 3386 huius
532 3334 628 3391 lintei.
646 3335 709 3386 huic
738 3336 818 3389 linteo

325 3424 376 3477 hoc
395 3423 522 3479 linteum,
540 3441 556 3475 o
577 3422 706 3479 linteum,
722 3422 818 3477 abhoc

326 3512 416 3564 linteo·
426 3509 534 3563 Numeri
548 3508 674 3579 pluralis,
690 3511 755 3563 haec
770 3513 818 3564 iin-

327 3611 386 3656 tce.
405 3599 498 3652 horum
519 3599 676 3656 linteorum,
704 3601 746 3652 his
764 3602 817 3653 liu-

330 3687 396 3744 teit.
416 3687 482 3740 haec
502 3688 584 3739 lintea
603 3723 610 3744 ‚
627 3706 644 3739 ο
663 3687 761 3745 lintea.
785 3689 818 3740 nh

326 3774 368 3826 his
386 3773 484 3827 linteis·
514 3775 557 3825 Sic
584 3784 610 3826 et
638 3774 690 3825 ulia
717 3777 817 3841 generis

327 3860 414 3913 neutri
426 3860 547 3916 nomina,
570 3879 638 3929 quae
648 3859 764 3915 ablativo
776 3881 817 3914 ca·

311 3934 357 3999 'su
383 3947 484 3999 numeri
503 3946 644 4014 singularis
666 3967 701 4000 ·o·
725 3948 815 4000 littera

329 4036 506 4088 terminantur
516 4072 522 4089 .
533 4044 559 4087 ct
571 4034 735 4088 nominativo
755 4055 815 4089 cusu

1054 668 1058 675 .
1259 599 1332 671 2²9

874 698 977 749 numeri
1000 696 1141 767 singulerie
1163 718 1243 753 eum·
1269 700 1367 756 litteris

874 783 1053 842 definiuntur,
1073 787 1106 839 ud
1120 787 1267 858 exemplum
1287 787 1365 841 lintei

875 869 1049 924 declinantur.
1070 874 1147 926 Nunc
1164 874 1194 926 in
1213 874 1264 929 huc
1283 874 1366 925 [tuma

874 961 974 1028 generis
986 962 1087 1020 neutri,
1097 981 1152 1033 qua
1166 963 1282 1016 diximus
1298 963 1369 1016 abla-
1428 972 1435 992 ‘

875 1047 931 1100 tivo
949 1065 1011 1100 cusu
1034 1051 1136 1102 numeri
1155 1049 1296 1119 singularis
1314 1070 1362 1103 no-

873 1132 944 1185 mina
959 1153 993 1187 ·o·
1007 1135 1097 1189 littera
1113 1138 1266 1194 terminari.
1282 1149 1310 1189 ct
1326 1158 1370 1190 no·

873 1222 1000 1275 minativo
1020 1241 1082 1276 cusu
1101 1224 1203 1276 numeri
1226 1224 1369 1292 singularis

873 1324 955 1360 cum·
973 1308 1071 1362 litteris
1080 1311 1201 1369 definiri.
1218 1310 1269 1364 hoc
1279 1329 1365 1365 moue-

872 1416 947 1454 πως,
967 1397 1041 1467 quud
1060 1417 1095 1453 ex
1112 1418 1205 1453 canon
1229 1417 1261 1453 en
1281 1400 1369 1471 plures

872 1487 947 1542 soni.
967 1487 1017 1539 hoc
1030 1498 1132 1541 estnon
1149 1506 1180 1540 eo
1191 1488 1304 1560 plurima
1323 1507 1369 1542 no-

872 1574 944 1624 mina
962 1573 1068 1644 possint
1084 1574 1212 1628 exhiberi.
1232 1574 1367 1629 Deforme

871 1661 971 1728 generis
983 1664 1087 1721 neutri.
1108 1682 1161 1732 qun
1172 1663 1289 1719 ablativo
1302 1681 1368 1717 casu

871 1750 972 1803 numeri
989 1750 1128 1818 singularis
1147 1751 1254 1804 nomina
1269 1772 1306 1807 .0.
1318 1752 1368 1806 tic-

870 1849 926 1890 tera
946 1838 1140 1896 terminentur,
1157 1850 1184 1892 et
1202 1840 1366 1895 nominativo

870 1942 932 1977 cusu
948 1926 1050 1978 numeri
1061 1926 1203 1992 singularis
1227 1944 1306 1979 ·eum·
1324 1927 1367 1983 lit·

871 2013 935 2066 teris
957 2014 1121 2067 definiuntur
1131 2050 1139 2070 ,
1151 2026 1282 2084 quantum
1297 2019 1368 2070 ratio

870 2102 994 2173 poscebat
1006 2140 1013 2160 .
1026 2102 1207 2156 tractavimus.

1025 2190 1068 2265 57.
1083 2208 1118 2244 nr
1136 2210 1209 2246 uma·

907 2279 1095 2348 Quaecumque
1125 2280 1231 2333 nomint
1264 2279 1368 2347 generis

870 2368 955 2420 neutri
977 2366 1096 2422 ablativo
1116 2386 1178 2421 casu
1203 2370 1305 2423 numeri
1319 2386 1370 2421 sin·

873 2457 971 2524 gulurie
983 2477 1019 2509 ιο·
1033 2457 1122 2511 littera
1137 2459 1310 2511 terminentur
1322 2495 1330 2516 .
1343 2469 1371 2512 et

874 2543 1039 2597 nominativo
1054 2560 1115 2596 cusu
1135 2545 1236 2597 numeri
1249 2546 1364 2613 ninguin-

873 2632 910 2683 rie
934 2631 1009 2682 ·iurn·
1025 2631 1120 2685 iitteris
1132 2630 1312 2690 definiuntur.
1337 2643 1369 2684 ut

873 2730 937 2787 putu
956 2717 991 2769 ab
1018 2717 1067 2770 hoc
1096 2718 1209 2776 scrinio,
1229 2718 1279 2772 boc
1299 2720 1369 2772 ecri-

874 2807 947 2859 nium
958 2843 965 2863 ‚
984 2807 1047 2859 haec
1062 2805 1096 2857 ad
1106 2806 1155 2858 hoc
1166 2806 1311 2877 exemplum
1325 2807 1368 2860 de·

873 2894 1013 2946 clinantur.
1029 2894 1136 2946 Numeri
1147 2893 1303 2959 singularis,
1318 2893 1369 2946 hoc

871 2984 996 3035 scrinium
1021 3019 1028 3039 .
1057 2981 1139 3034 huius
1168 2981 1283 3037 scrinii.
1304 2981 1367 3034 huic

870 3071 994 3124 scrinio.
1015 3069 1065 3121 hnc
1085 3067 1230 3125 scrinium.
1250 3087 1266 3121 o
1300 3068 1369 3121 scri·

871 3159 969 3213 nium,
992 3156 1025 3207 ub
1054 3155 1104 3209 hoc
1129 3155 1235 3209 scrinio·
1257 3155 1368 3208 Numeri

871 3245 1002 3315 piuruiis.
1028 3242 1091 3295 haec
1122 3242 1243 3297 scrinia.
1272 3242 1367 3296 borum

870 3335 1048 3390 scriniorum.
1072 3333 1115 3386 his
1136 3331 1267 3387 scriniis.
1300 3331 1366 3385 haec

870 3425 981 3478 scrinia,
1009 3420 1042 3473 ab
1068 3421 1111 3474 his
1136 3419 1249 3472 scriniis.
1275 3419 1318 3472 Sic
1338 3431 1366 3472 et

870 3515 922 3566 aiia
938 3512 1038 3582 generis
1055 3510 1142 3565 neutri
1159 3511 1280 3567 nominc.
1298 3527 1371 3580 quac

870 3600 987 3653 ablativo
1010 3616 1071 3650 casu
1087 3598 1188 3650 numeri
1206 3597 1366 3662 singularis.

869 3710 904 3742 ·o·
916 3690 1005 3742 littera
1025 3686 1219 3742 terminantur.
1236 3697 1264 3739 et
1277 3686 1365 3738 noni-

870 3778 961 3829 nativo
992 3790 1055 3825 casu
1095 3773 1196 3825 numeri
1228 3772 1369 3840 singular-ic

871 3887 935 3919 um·
961 3867 1065 3935 syilubu
1097 3877 1158 3918 unte
1190 3867 1221 3916 ·i·
1251 3865 1370 3920 litterum

868 3954 1089 4008 definiuntur,ad
1109 3953 1254 4022 exemplum
1272 3950 1366 4004 scrinii

868 4060 915 4112 per
943 4058 1031 4095 omncs
1063 4057 1156 4094 casuue
1192 4039 1367 4093 declinantur.
