3382 5206
365 554 430 671 '90
745 595 896 645 sernum
921 596 980 645 vu.

353 700 533 774 solvendis
566 700 867 800 problematibus
897 702 942 803 (a)
971 700 1168 779 admodum
1199 704 1365 779 eruditus

354 832 378 872 “
407 847 478 894 con
494 822 505 920 (
514 822 546 921 ι)
562 837 656 893 tecta
668 817 853 893 numande
867 820 1008 895 iubelos
1021 823 1101 895 soni
1116 842 1150 896 et
1161 822 1317 897 laetitiae
1330 881 1365 913 „.

353 938 432 1014 Hoc
459 957 514 1014 est
533 940 684 1032 dicere,
704 959 789 1040 aput
806 940 1025 1015 habitatores
1045 958 1237 1017 tectorum.
1258 942 1367 1016 Glen·

351 1087 416 1158 gus
437 1089 586 1162 quoque
606 1059 665 1135 ille
684 1059 800 1133 nostri
820 1059 1036 1133 Maximiani
1048 1079 1151 1162 puter
1169 1062 1209 1135 in
1230 1062 1366 1162 exposi-

351 1181 452 1255 tione
473 1181 519 1255 de
540 1179 610 1255 diis
628 1183 724 1255 facta
744 1181 794 1253 ita
814 1207 962 1254 exorsus
983 1197 1049 1259 est:
1069 1194 1092 1226 ‘⁴
1117 1181 1231 1255 salion
1252 1182 1364 1256 solem

354 1359 379 1393 ‚,
406 1302 460 1375 dii
480 1320 584 1377 erant
600 1359 625 1393 ‚,
643 1301 683 1375 id
704 1317 862 1375 estante
883 1301 1005 1375 solem.
1024 1299 1127 1374 Idem
1148 1303 1198 1402 (b)
1223 1301 1364 1375 etiamsi

349 1420 390 1494 in
408 1420 587 1494 latinitate
610 1419 750 1520 opimus
771 1435 868 1507 erat,
887 1418 957 1492 alio
975 1419 1101 1493 intulit
1120 1419 1159 1492 in
1180 1420 1260 1494 loco
1273 1434 1297 1467 “
1312 1451 1365 1497 se·

353 1601 377 1636 ‚‚
402 1543 526 1644 pelum
538 1568 738 1643 pereneum
755 1541 890 1616 vissere
910 1557 1074 1615 montem
1088 1541 1162 1631 „id
1183 1561 1237 1616 est
1256 1571 1363 1643 supra

348 1682 518 1739 montem.
547 1662 761 1759 Galbungus
789 1690 936 1764 quoque
964 1661 1004 1733 in
1032 1662 1188 1762 quadarn
1213 1665 1363 1764 epistola

350 1787 393 1860 ad
415 1785 580 1859 asianum
599 1782 728 1883 scripta
749 1779 951 1880 Gargilium
971 1795 994 1827 “
1018 1781 1196 1871 altitudo,
1216 1783 1362 1885 inquit,
1403 1790 1407 1798 '

353 1961 377 1994 ‚‚
406 1901 634 2005 eloquentiae
657 1919 739 1975 tuas
760 1900 855 1997 gabil
869 1901 1033 2000 pervenit
1052 1902 1198 1975 aethera
1214 1959 1237 1991 ‚‚
1251 1903 1288 1976 id
1309 1923 1364 1978 est

351 2019 533 2124 usquead
560 2021 716 2094 aethera.
743 2009 824 2117 Ego
848 2045 996 2121 quoque
1024 2019 1109 2092 olim
1136 2033 1159 2065 “
1189 2021 1364 2112 bellatis,

352 2199 378 2232 „
404 2141 588 2243 inquam,
617 2167 731 2240 syron
757 2167 814 2213 me
838 2197 862 2229 „
881 2141 952 2214 hoe
972 2155 1025 2212 est
1049 2155 1175 2212 contra
1200 2166 1268 2214 me.
1296 2141 1365 2215 Ha-

349 2291 432 2339 rum
458 2263 769 2364 praepositionum
800 2279 975 2335 accsntus
1007 2288 1083 2334 non
1112 2278 1185 2333 tam
1212 2262 1364 2336 subtiles

351 2383 501 2458 suntin
529 2410 635 2456 versu
662 2406 771 2483 quam
803 2378 1001 2453 necessarii
1032 2396 1180 2479 propter
1211 2381 1365 2477 tegenda

348 2503 517 2605 mysteria
545 2560 555 2592 ‚
591 2519 626 2575 et
661 2518 809 2602 propter
850 2500 1138 2600 experimentum
1175 2498 1364 2574 docendae

230 2668 234 2675 ,
345 2625 455 2700 huius
474 2622 672 2697 latinitatis.
693 2621 793 2696 Haec
814 2622 859 2696 de
882 2621 1066 2696 inusitatis
1088 2621 1364 2721 praepositioni-

344 2747 414 2821 bus
442 2745 540 2818 dicta
568 2742 777 2838 sufficiant3
805 2770 907 2816 nune
934 2741 978 2815 sd
1006 2757 1149 2815 nostras
1170 2738 1363 2814 redeamus

347 2893 440 2966 quae
461 2865 501 2937 in
521 2892 590 2938 usu
613 2890 754 2962 semper
773 2880 869 2938 sunt.

426 2986 459 3059 3.
485 2984 594 3058 Nulla
616 2983 835 3085 praepositio
855 2981 985 3056 debuit
1012 2980 1050 3053 in
1071 2975 1117 3052 D·
1130 2981 1236 3054 finire
1259 3040 1268 3071 ‚
1290 2983 1363 3055 nisi

345 3106 445 3203 quod
465 3134 532 3180 nos
553 3105 750 3179 necessitas
771 3103 868 3202 cogit
888 3102 1361 3204 discernendorunrutique

349 3252 523 3300 sonorum
539 3285 548 3314 ‚
567 3227 745 3302 maiorum
766 3225 856 3299 scita
870 3222 1084 3320 transgredi.
1098 3223 1193 3297 Nam
1206 3226 1291 3326 quia
1305 3227 1363 3299 ad-

345 3347 511 3421 verbium
531 3346 570 3419 in
589 3344 641 3418 ·T·
654 3346 751 3420 exire
773 3343 1013 3418 certissimum
1034 3360 1114 3434 est,
1133 3363 1169 3417 et
1189 3347 1365 3419 coniunc-

350 3464 509 3557 tionem,
529 3484 571 3540 ut
590 3466 659 3555 ad,
682 3465 844 3563 cogimur
871 3464 911 3536 in
937 3464 1203 3563 praepositione
1230 3464 1364 3542 adseri·

345 3584 431 3659 bere
444 3615 509 3686 per
523 3584 681 3660 ·D·Nam
693 3603 748 3658 at·
760 3585 952 3685 aliquoties
965 3583 1175 3659 adverbium
1188 3588 1362 3687 temporis

347 3720 401 3777 est
419 3704 640 3806 praesentis,
659 3704 757 3779 iuxta
776 3703 866 3778 illud
886 3702 1116 3802 virgilianum
1131 3707 1182 3805 (2)
1198 3719 1221 3750 ‘⁴
1239 3723 1374 3806 atper·>

426 3861 463 3927 (ι)
480 3869 517 3909 lta
540 3879 591 3909 euru
615 3881 627 3908 s
651 3867 719 3909 stiam
744 3867 765 3908 tn
792 3864 845 3911 alit,
869 3881 923 3911 nus.
947 3867 1073 3910 vetuitus.
1121 3865 1161 3930 (t)
1179 3866 1233 3911 cod.
1258 3869 1285 3912 td
1310 3876 1360 3911 est:

425 3989 471 4063 (r)
494 3993 548 4043 t'on
570 4011 616 4062 pro
633 3991 711 4062 opud
723 4028 730 4048 .
751 3990 777 4042 in
798 3989 881 4059 prima
901 3991 981 4046 buius
1002 3994 1087 4063 operis
1107 3992 1212 4062 pagina.

426 4084 473 4150 (u)
492 4080 589 4150 Nempe
609 4080 715 4146 Virgilii
734 4080 806 4131 haud
825 4079 903 4150 epici.
