3382 5206
511 600 740 653 onauuarrcs
764 602 810 651 rr
834 603 998 651 marmot.
1184 586 1250 674 519

248 718 490 795 competentes,
514 727 594 795 quas
617 704 736 772 Graeci
763 701 936 770 dichronas
960 700 1272 796 dicunt,sagscitcr

250 807 524 875 discriminentur·
550 808 680 875 liuline
704 808 791 874 cnim
814 806 936 898 triplici
960 807 1159 900 syllabarum
1192 808 1270 877 defi-

249 914 501 1001 nitionepotius
532 937 630 1004 quam
662 911 702 980 de
732 910 821 979 fonte
853 930 909 979 aut
938 930 1047 982 monte
1078 938 1272 1002 musarum,

250 1018 291 1085 de
315 1020 436 1111 quibus
459 1021 586 1086 Persius
610 1019 749 1087 Flaccus
772 1023 794 1056 ‘⁶
819 1043 880 1086 nec
898 1017 1008 1103 fonte,
1025 1022 1157 1114 inquit,
1176 1020 1272 1087 labra

251 1173 271 1209 „
296 1122 403 1212 prolui
429 1122 619 1208 caballino,
643 1148 703 1190 nec
726 1123 761 1189 in
783 1124 918 1213 bicipite
940 1125 1115 1193 somniasse
1137 1127 1274 1193 Pamss·

250 1280 271 1313 .,
293 1256 328 1296 so
353 1233 486 1297 memini
507 1256 560 1298 ma
581 1281 604 1316 „
627 1233 732 1299 omnis
753 1249 934 1300 metrorum
954 1234 1037 1299 ratio
1053 1248 1273 1302 monstratur»

248 1353 279 1401 ct
304 1337 360 1426 qui
387 1359 494 1404 versus
517 1335 769 1422 monoschemi,
793 1340 849 1428 qui
874 1335 1116 1426 pentischemi,
1143 1334 1194 1404 rel
1217 1338 1274 1426 qni

251 1442 477 1513 decaschemi,
498 1469 583 1510 eum·
604 1444 754 1511 xxtlll·
772 1444 992 1533 temporibus,
1016 1458 1149 1531 excepto
1164 1444 1190 1510 si
1205 1459 1275 1510 tro·

252 1547 352 1615 clraeo
376 1552 618 1615 terminentur,
643 1550 705 1615 rite
730 1547 890 1614 dicantur.
1254 1624 1257 1629 .

323 1656 390 1720 Hac
407 1657 569 1745 tripertita
585 1655 787 1724 discretionis
801 1652 949 1722 normula
964 1653 1070 1720 omnis
1083 1651 1208 1720 heroici
1220 1650 1277 1720 hs-

252 1762 386 1825 xametri
404 1760 596 1827 versilicatio
612 1759 662 1828 vel
676 1784 884 1827 caesurarum
901 1759 1027 1826 scansio
1050 1755 1276 1848 principaliter

252 1881 397 1947 constat,
413 1862 488 1934 licet
505 1865 751 1956 synaliplmrum
775 1865 862 1934 velut
878 1863 1039 1957 quaedam
1064 1863 1272 1957 conglutina-

253 1972 296 2034 tio
315 1967 443 2058 crplosa
459 1971 646 2039 conlisionis
672 1970 894 2038 additamenta
919 1971 1039 2037 crebro
1057 1969 1145 2059 apud
1163 1977 1275 2059 portas

253 2073 372 2165 lyricos
384 2092 415 2143 et
427 2079 583 2170 satyricos
599 2079 790 2144 necessitate
804 2077 900 2144 metri
914 2077 1181 2164 interponantur,
1191 2098 1274 2167 quac

254 2183 391 2248 inarime
408 2208 443 2251 es
462 2183 630 2250 vocalibus
651 2182 771 2250 litteris
786 2180 838 2249 vel
856 2177 990 2275 syllabis
1013 2205 1069 2247 ιω·
1091 2179 1278 2248 semivocali

256 2291 436 2357 terminatis
463 2291 667 2380 gignuntur.
696 2290 762 2356 llas
791 2303 945 2377 utrasque
974 2288 1085 2354 lunius
1112 2286 1277 2356 luvenalis

258 2397 373 2485 quinto
389 2413 571 2486 satyrarum
590 2392 677 2460 libro
696 2394 791 2459 nnius
808 2417 917 2462 versus
941 2411 1054 2459 tenore
1076 2392 1172 2460 simul
1194 2392 1279 2462 elisit

255 2502 363 2569 dicens
376 2538 394 2550 ·
414 2518 542 2567 omenta
568 2519 603 2566 ut
628 2500 721 2567 video
741 2499 870 2566 nullum
893 2499 1066 2569 discrimen
1084 2498 1277 2568 habendum

254 2626 309 2675 est.
325 2644 342 2658 -
358 2605 551 2689 Scanditur,
565 2630 659 2673 omen
672 2605 877 2696 spondaeus,
897 2605 1043 2672 tautride
1062 2604 1210 2697 dactylus
1227 2653 1238 2689 ,
1256 2628 1277 2673 c

256 2712 310 2778 nul
327 2713 536 2802 spondaeus,
556 2711 625 2778 lum
642 2711 690 2776 dis
704 2711 906 2802 spondaeus,
926 2711 1095 2779 crimenha
1111 2709 1277 2802 dactylus,

254 2817 447 2886 handumest
475 2817 666 2908 spondaeus.
697 2822 834 2886 Rursum
859 2818 945 2884 idem
977 2817 1136 2910 satyricus
1159 2821 1207 2899 (ι)
1232 2814 1277 2882 li-

251 2925 313 2992 bro
336 2926 423 2991 ·llll·
448 2961 493 2978 -
513 2924 677 2993 bellorum
692 2925 827 2992 exubiae
849 2925 972 2991 truncis
989 2923 1093 2990 adfixa
1114 2923 1266 3011 tropaeis.
1300 3007 1303 3013 Ι

252 3067 298 3081 -
318 3029 495 3097 Scanditnr
509 3031 570 3112 ita,
592 3028 683 3097 hello
703 3028 873 3096 rumerubi
887 3052 947 3116 per
968 3026 1200 3120 synaliphams
1224 3049 1275 3093 ac·

253 3147 330 3197 trun
357 3133 462 3217 cisad,
485 3133 602 3200 fixatro
621 3183 631 3218 ,
651 3133 747 3223 pacis.
771 3132 827 3200 Sic
851 3130 1005 3203 Annaeus
1028 3131 1177 3197 Lucanus
1199 3152 1274 3201 cor-

253 3236 404 3303 dubensis
427 3246 518 3327 poeta
544 3262 608 3304 uno
633 3262 729 3304 versu
752 3234 831 3302 libri
855 3237 960 3303 octavi
983 3233 1036 3302 his
1058 3233 1142 3303 elisit
1161 3233 1274 3302 dicens

251 3378 296 3392 -
320 3366 421 3432 qnare
446 3345 532 3434 agite
563 3368 659 3410 eoum
683 3344 814 3410 comites
837 3364 1048 3431 pmperemus
1080 3341 1115 3405 in
1143 3340 1272 3409 orbem.

251 3482 297 3521 -,
316 3448 436 3514 Rursus
460 3447 547 3515 idern
571 3447 658 3515 libro
683 3447 808 3513 decimo
832 3448 877 3511 ait
891 3443 1028 3512 —hinc
1052 3460 1145 3536 tergo
1168 3443 1273 3512 insul·-

254 3567 321 3615 tant
346 3551 491 3640 pedites,
514 3556 565 3619 ria
590 3553 679 3620 nulla
701 3551 807 3621 saluti.
823 3553 901 3618 -Et
923 3549 1004 3617 alibi
1024 3586 1043 3600 ·
1063 3568 1274 3642 extremoque

252 3653 362 3743 epulas
390 3681 581 3749 mensasque
609 3677 756 3747 petemus
779 3657 822 3723 ab
845 3657 936 3724 orbe.
960 3691 1007 3706 -
1029 3653 1128 3720 Unde
1152 3652 1272 3721 Paulus

251 3777 405 3848 quaestor
427 3759 509 3828 elisit
533 3788 587 3840 ·m,·
610 3763 750 3830 litteram
774 3763 820 3827 ita
842 3798 888 3813 -
910 3776 1086 3828 tartaream
1109 3760 1143 3824 in
1162 3758 1274 3827 sedem

249 3864 396 3956 seqnitur
424 3888 509 3933 nora
538 3885 637 3958 nupta
666 3869 830 3936 maritum.
853 3903 900 3918 -
921 3865 976 3937 Sic
1004 3867 1101 3936 etiam
1134 3867 1274 3955 Prosper

303 4064 350 4135 (ι)
369 4063 437 4119 eod.
456 4066 574 4132 lyricus.
