3382 5206
359 555 428 649 348
629 576 775 627 aaronis
804 550 1054 626 rnonracsnsrs

334 698 440 787 gotio,
463 694 602 765 restituit
631 716 668 759 ea
691 693 821 759 veritati
848 689 1038 781 aliquando.
1053 691 1138 758 Nam
1167 690 1246 761 dunt
1272 691 1363 758 dici-

335 824 389 874 ιιι·
410 804 451 874 de
478 801 644 895 prolibat,
669 826 735 871 non
762 821 810 870 est
832 827 953 887 sanus,
976 802 1151 871 addubitat
1177 802 1296 895 aliquis
1319 829 1359 869 u·

335 932 425 980 trum
447 914 578 981 insanus
598 914 674 983 velit
697 909 838 1006 intelligi
855 912 915 977 tid
936 913 1024 981 enim
1043 912 1196 1002 possibile
1214 929 1263 980 est
1280 936 1362 979 con-

337 1027 464 1118 sequir
497 1041 529 1092 et
557 1023 684 1093 idcirco
710 1049 729 1089 a
754 1006 883 1091 dicente
906 1026 1087 1093 necessario
1117 1025 1327 1117 subiungitur
1354 1073 1366 1110 ‚

335 1136 413 1226 quia
437 1159 499 1204 nec
526 1159 620 1204 sanus
648 1151 693 1204 est
729 1157 789 1203 nec
813 1136 953 1201 insanus.
990 1133 1147 1202 Similiter
1174 1156 1250 1223 ergo
1279 1133 1360 1199 dnm

336 1242 409 1311 dico
429 1247 579 1334 spiritum
600 1261 749 1314 sanctum
772 1266 840 1309 non
860 1266 928 1309 erse
947 1243 1119 1332 genitum,
1142 1257 1301 1332 quantum
1317 1243 1362 1310 ad

337 1355 509 1422 veritatem
531 1356 648 1424 sufficit
670 1370 681 1413 ²
701 1352 756 1422 scd
780 1352 823 1418 ad
854 1377 964 1419 ansam
995 1351 1200 1441 calumpniae
1228 1351 1361 1418 solven-

339 1459 416 1528 dam
433 1464 582 1552 prolicit,
597 1466 628 1532 ai
646 1487 707 1530 nec
725 1463 890 1554 genitum,
907 1484 968 1527 nee
992 1461 1170 1553 ingenitum
1190 1484 1257 1529 ease
1277 1479 1364 1527 trac-

338 1583 422 1635 tatus
444 1566 658 1659 patefecerit:
671 1565 836 1659 siquidem
859 1569 998 1657 privatio
1018 1567 1115 1658 erigit
1136 1568 1364 1661 negationem

338 1681 468 1771 negatio
491 1702 568 1747 vero
593 1678 811 1769 privationem
825 1681 1005 1747 necessario
1022 1681 1179 1764 nomine,
1198 1678 1276 1770 qnia
1293 1700 1364 1744 non

340 1811 435 1855 omne
458 1787 548 1878 quod
575 1811 641 1855 non
670 1784 758 1854 videt
786 1811 920 1855 caecum
947 1803 1027 1872 est,
1055 1812 1132 1854 cum
1155 1807 1252 1853 omne
1273 1785 1366 1878 quod

315 1921 472 2005 ,caecum
487 1916 533 1966 est
554 1920 623 1965 non
645 1896 753 1965 rideat
768 1927 777 1963 ε
795 1916 827 1964 ει
839 1922 914 1967 vnon
933 1923 1030 1967 omne
1052 1896 1141 1989 quod
1159 1897 1280 1965 iustum
1295 1921 1366 1965 non

342 2021 390 2071 est
418 2004 573 2074 iniustum
595 2022 643 2074 est
668 2055 678 2089 ,
701 2029 778 2072 cum
805 2029 901 2073 omne
925 2005 1014 2098 qnod
1040 2009 1197 2075 iniustam
1227 2025 1276 2076 eat
1303 2031 1365 2076 ne-

341 2115 478 2183 cessario
503 2133 626 2182 constet
649 2115 737 2207 quod
762 2118 880 2184 iustum
899 2141 965 2185 non
989 2135 1045 2185 est·

431 2250 483 2294 aa.
507 2229 656 2318 Denique
671 2253 745 2295 cum
760 2228 838 2296 talia
851 2228 992 2320 plurima
1006 2246 1178 2320 suppetant
1193 2252 1367 2320 argumen-

346 2352 376 2401 ta
392 2386 402 2420 ,
418 2337 494 2403 satis
515 2339 556 2405 sit
575 2337 746 2408 ostendisse
766 2342 801 2405 in
823 2341 989 2423 numeris,
1006 2363 1146 2430 qnorum
1176 2339 1367 2407 doctrinalis

344 2453 504 2518 sententia
517 2452 739 2542 multipliciter
747 2453 886 2542 suggerit
900 2453 1038 2520 rationes
1051 2452 1215 2543 physicas·
1226 2453 1366 2523 Constat

346 2563 500 2628 nimirum
515 2566 591 2653 quia
607 2588 741 2631 numero
757 2565 841 2630 Dens
859 2563 983 2650 impare
997 2564 1115 2653 gaudet
1129 2586 1140 2642 ς
1160 2564 1216 2653 qui
1230 2566 1364 2631 trinita·

347 2673 385 2737 tis
399 2690 628 2749 snaeassertor
644 2674 746 2740 extitit
760 2722 771 2756 ,
790 2672 869 2740 dnm
884 2675 993 2740 omnia
1007 2674 1042 2739 in
1056 2698 1191 2742 numero
1205 2725 1216 2760 ‚
1230 2701 1363 2743 mensu-

342 2805 394 2864 ra,
409 2799 441 2848 et
456 2786 601 2872 pondere
615 2786 788 2851 constituit·
805 2787 847 2851 Et
862 2784 937 2850 ideo
950 2785 1102 2849 trinitatis
1117 2781 1366 2875 quodammodo

348 2893 564 2962 differentiam
576 2921 636 2986 per
648 2896 747 2964 trium
762 2897 938 2984 imparium
948 2917 1000 2961 se,
1016 2895 1151 2984 paribus
1164 2893 1371 2978 intermissis,

345 3004 549 3094 sequentinm
573 3029 688 3072 censeo
707 3023 856 3072 naturam
873 3003 1127 3080 discutiendam
1143 3026 1286 3092 quorum
1301 3006 1370 3092 pri·

345 3136 414 3181 mus
428 3115 469 3180 sit
490 3116 677 3206 quinarius,
694 3115 857 3184 secundm
871 3113 1209 3203 septenarius‚tertius
1229 3135 1372 3179 novena·

348 3222 442 3307 rius,
466 3227 552 3292 inter
571 3249 653 3317 quos
676 3224 739 3291 duo
767 3223 940 3291 intermissi
966 3225 1097 3314 signant
1121 3220 1284 3310 duplicem
1308 3247 1373 3288 na·

350 3347 454 3398 turam
476 3336 570 3400 nnius
592 3338 664 3403 Iesu
693 3336 845 3419 Christi,
865 3334 1024 3424 qnoniam
1048 3332 1105 3399 ille
1126 3333 1184 3402 Vl.
1199 3357 1236 3400 cx
1262 3336 1372 3422 primo

348 3443 466 3531 impari
490 3442 656 3534 duplicato
672 3445 831 3534 perlectus
855 3444 980 3512 existit=
1002 3441 1058 3511 hic
1074 3444 1135 3510 lx.
1153 3468 1229 3512 vero
1244 3469 1282 3510 ex
1296 3445 1373 3533 pri·

349 3576 402 3620 nro
428 3554 499 3641 pari
528 3555 777 3645 quadruplicato
804 3554 1053 3623 diminutionem
1078 3554 1195 3643 recipit
1219 3552 1281 3619 sub
1318 3577 1373 3619 os-

299 3708 308 3716 -
347 3664 492 3729 tensione
519 3665 653 3733 cubicae
674 3666 861 3754 quantitatis
884 3713 895 3748 ‚
915 3683 948 3731 ut
977 3664 1159 3755 perfectum
1185 3662 1292 3731 Deum
1318 3662 1372 3728 in-

351 3789 456 3837 nuant
485 3773 580 3861 paulo
606 3777 711 3841 minus
740 3776 935 3840 minoratum
963 3774 1004 3839 ab
1030 3772 1151 3863 angelis
1177 3773 1238 3838 sub
1267 3770 1373 3838 fornia

348 3886 444 3950 servi.
465 3886 553 3952 Cum
578 3889 687 3978 itaque
704 3885 788 3953 insra
803 3886 993 3970 denarium,
1008 3902 1142 3974 excepto
1164 3886 1374 3975 septenario,

349 4011 457 4061 omnes
472 3996 601 4060 numeri
617 4012 674 4059 aut
691 3995 824 4084 gignant
847 4011 903 4060 aut
926 3995 1101 4085 gignantur
1112 4041 1122 4076 ‚
1133 3992 1252 4059 horum
1273 4014 1372 4080 prae·
