3382 5206
758 617 900 664 mironis
927 619 948 663 l.
1290 623 1338 698 97

344 724 464 798 suavia
491 741 614 797 autem
641 750 734 823 quae
762 722 1056 825 uniuscuiusque
1083 725 1170 798 artis
1200 755 1241 799 ac
1262 728 1369 802 disci-

340 843 460 942 plinae
481 858 682 939 suggerunt
703 839 893 915 rationem.
922 841 1022 914 Haec
1052 843 1231 943 sapientia
1259 845 1367 918 bifor-

337 964 405 1036 mis
428 980 504 1051 est,
525 977 626 1035 asrea
653 960 832 1060 telleaque
859 963 1019 1061 (a);l10e
1052 980 1106 1035 est
1137 963 1306 1053 humilis,
1327 985 1364 1040 et

337 1086 520 1161 sublimis:
545 1083 691 1156 humilis
713 1083 863 1183 quid'ern
886 1113 979 1184 quae
1000 1084 1044 1156 de
1065 1084 1234 1157 humanis
1253 1087 1364 1161 rebus

338 1221 489 1300 tractat;
516 1203 679 1277 sublimis
698 1231 783 1276 vero
804 1232 897 1303 quae
920 1231 961 1276 ea
991 1231 1083 1303 quae
1113 1231 1220 1302 supra
1249 1204 1362 1279 homi·
1422 1286 1424 1291 ,

337 1349 423 1396 uem
441 1339 528 1396 sunt
555 1321 782 1395 internatae
810 1322 948 1421 pandit.
977 1319 1096 1394 Nemo
1117 1348 1204 1393 sane
1227 1321 1266 1394 in
1293 1324 1361 1399 hae

337 1468 393 1515 rne
423 1459 542 1542 carpat
570 1442 696 1541 pagina
719 1442 800 1544 (b)„
822 1440 920 1541 quod
946 1439 1059 1512 veluti
1091 1459 1359 1539 praeposterato

336 1561 479 1635 telleam
498 1578 620 1635 aereae
643 1561 772 1634 ordine
794 1559 1052 1653 antetulerinr3
1076 1586 1159 1632 eum
1185 1563 1361 1646 scanden-

337 1681 429 1753 tium
448 1681 507 1754 hic
527 1709 605 1753 mos
621 1681 667 1780 (c)
683 1680 756 1767 sit,
770 1696 813 1752 ut
833 1679 877 1751 ab
898 1678 1134 1751 inferioribus
1156 1679 1357 1779 incipiant,

336 1818 372 1873 et
384 1800 428 1873 ad
443 1801 625 1900 superiora
645 1799 807 1872 scalatirn
827 1798 981 1871 tendant
996 1798 1058 1896 (d).
1079 1797 1190 1872 Unde
1213 1817 1250 1873 et
1265 1828 1358 1874 com·

293 1984 296 1989 .
334 1921 562 2020 parationum
592 1921 721 2018 gredau
751 1921 821 1992 hoe
848 1917 955 1992 modo
983 1919 1185 2016 ponimus,
1212 1937 1254 1992 ut
1287 1920 1357 2021 pri·

335 2066 434 2112 mum
446 2038 639 2139 positivum
661 2097 670 2128 ,
693 2056 796 2137 atque
812 2038 856 2135 (e)
873 2036 1157 2109 celsioremdein
1176 2066 1355 2138 compara·

335 2158 471 2247 tivum,
494 2158 576 2231 exin
597 2155 853 2257 superlativum
873 2154 1067 2229 ordiamur.
1088 2154 1208 2230 Huius
1228 2158 1351 2260 itaque

335 2278 532 2377 sapientiae
552 2307 617 2378 per
638 2277 741 2350 illum
765 2275 951 2348 hominem
978 2276 1178 2350 similitudo
1207 2277 1354 2352 demon-

335 2414 491 2487 stratur,
512 2399 576 2499 qui
595 2399 751 2498 plastum
771 2395 920 2468 telleum
940 2452 950 2484 ,
970 2397 1158 2495 asflamque
1182 2398 1221 2496 (ll
1242 2398 1352 2472 habet

335 2519 545 2591 aetheream.
557 2516 656 2591 Haec
671 2545 753 2615 ergo
764 2543 844 2615 pars
859 2515 1078 2615 sapientiae,
1096 2544 1189 2616 quae
1201 2518 1348 2591 humilis

270 2710 276 2731 ‚
336 2652 412 2723 est,
432 2634 579 2708 sublimi
598 2634 728 2708 servire
741 2633 875 2722 debet,
895 2632 991 2705 sicut
1011 2649 1046 2704 et
1063 2632 1218 2731 plastum
1235 2636 1350 2710 afilae.

333 2751 444 2826 Unde
474 2753 584 2826 etiam
609 2781 676 2825 nos
707 2752 771 2853 qui
797 2750 1040 2851 philosophiae
1065 2751 1202 2824 artibus
1235 2753 1348 2828 nimie

332 2874 545 2961 studemus,
567 2872 766 2973 quamlibet
787 2871 844 2942 his
871 2870 1049 2975 quaedam
1075 2898 1225 2961 eorum,
1254 2903 1346 2974 quae

330 2991 603 3091 antiquioribus
630 2991 880 3063 Hebraeorum
910 2988 1049 3086 legibus
1087 2982 1176 3090 quas
1207 2991 1346 3075 divinas

330 3127 523 3184 autumant
553 3110 702 3185 caelitus
735 3109 957 3208 promulgata
989 3126 1098 3199 sunt,
1134 3114 1345 3188 contrariari

329 3228 547 3318 videantur,
575 3257 650 3302 non
680 3229 856 3302 audemus
884 3245 1005 3300 tamen
1031 3227 1146 3300 telleis
1178 3231 1225 3330 (g)
1252 3232 1345 3305 celsa

331 3350 507 3423 subicere.
530 3349 609 3424 Hoc
639 3378 720 3446 ergo
752 3348 857 3420 nobis
889 3347 1163 3420 omnimodatim
1192 3351 1346 3425 catizan·

329 3469 417 3542 dum
439 3472 488 3570 (h)
516 3487 595 3560 est,
620 3488 661 3544 ut
689 3485 851 3543 nostram
881 3467 1151 3567 eloquentiam,
1177 3488 1344 3573 nostrum

328 3590 511 3681 studium,
532 3611 768 3693 nostrumque
785 3589 960 3689 leporem,
981 3588 1020 3659 in
1041 3587 1136 3662 illius
1154 3591 1342 3669 aethereas

326 3708 414 3806 legis
455 3726 771 3783 construmentum
806 3723 1047 3808 ornatumque
1083 3708 1339 3790 ministremus.

408 3905 446 3972 (ι)
464 3910 535 3958 Sicuti
552 3924 564 3951 ι
581 3919 651 3953 terra
675 3919 776 3958 terrra,
800 3910 832 3951 ita
850 3923 864 3950 ι
886 3907 965 3973 tellus
987 3905 1076 3957 rettea.
1123 3909 1163 3970 (b)
1187 3912 1241 3959 eod.
1262 3915 1335 3970 paria.

330 3983 367 4045 (e)
386 3984 440 4027 coct.
456 4000 508 4027 raon.
541 3984 581 4049 (d)
600 3987 657 4033 Cod.
666 3989 774 4047 sandrat·
814 3984 851 4047 (e)
868 3985 923 4032 cod.
942 3987 1049 4044 erfida,
1067 4003 1106 4046 pro
1123 4000 1203 4048 upum
1242 3988 1278 4059 (s)
1297 4000 1334 4041 112

325 4061 376 4108 sol.
392 4079 434 4122 prs
447 4063 563 4121 qfflrtum·
598 4063 638 4127 (g)
656 4065 713 4109 eod·
733 4067 763 4109 cte
782 4065 863 4109 celsis·
897 4059 937 4124 (h)
956 4070 991 4109 tta
1009 4065 1059 4109 tod-

1036 4216 1055 4288 7
