3382 5206
810 602 1003 655 cluunt
1039 600 1064 653 ι.
1301 675 1305 685 Ι
1353 584 1453 693 379¹

429 714 534 782 Verus
548 711 648 776 homo
663 725 709 776 est
726 731 886 799 verusque
901 708 1005 775 Deus:
1026 729 1093 776 non
1107 711 1195 785 inter
1209 727 1381 804 utrumque
1398 745 1406 783 ε

496 818 566 884 Hoc
592 834 708 881 natura
731 833 851 905 neget,
874 806 938 882 hoc
962 814 1081 903 probat
1102 815 1257 886 officium.

330 937 405 998 215.
431 921 580 988 Christus
600 922 705 988 securi
724 920 854 990 tandem
876 947 959 990 nova
978 921 1095 1013 gaudia
1120 924 1235 989 mundi

494 1029 678 1096 Innumeris
703 1027 826 1094 dudum
849 1030 968 1120 scripta
994 1029 1240 1106 voluminibust

429 1135 575 1203 Christus
590 1142 635 1218 (a)
651 1158 822 1203 caecorum
844 1133 954 1202 lumen
970 1185 980 1218 ‚
1001 1138 1153 1227 purgatio
1175 1136 1308 1227 leprae,

494 1242 635 1310 Auditus
658 1240 792 1324 surdis,
817 1239 961 1309 sollicitis
981 1242 1137 1331 requies,

428 1347 631 1415 Cloudorum
657 1370 810 1438 gressus,
833 1362 995 1413 mutorum
1024 1345 1160 1438 lingna,
1182 1345 1369 1437 redemptor

329 1477 402 1522 aas».
495 1456 622 1538 Orbis,
648 1472 679 1523 et
703 1453 825 1520 addicti
840 1452 891 1542 (ι)
908 1477 984 1520 tera
1004 1451 1088 1520 salus
1109 1453 1246 1544 populi,

427 1561 567 1629 Pertulit
588 1579 736 1627 aeternus
760 1563 940 1628 communis
962 1559 1105 1629 claustro
1125 1558 1314 1650 sepulchri,

495 1668 538 1733 Et
565 1682 674 1733 munet
699 1683 849 1733 aeternus
871 1689 969 1757 quem
995 1667 1097 1734 tenuit
1123 1664 1279 1732 tumulus.

425 1771 625 1839 Immortalis
644 1788 713 1837 erat
729 1776 797 1852 (της
818 1788 867 1836 est
887 1787 1054 1848 mortuust
1074 1788 1107 1839 et
1122 1769 1220 1838 modo
1237 1773 1316 1836 sivit
1327 1787 1347 1840 t*

493 1876 581 1944 Ante
603 1878 711 1959 Deus,
734 1874 832 1943 homo
849 1892 913 1952 estt
933 1900 1023 1940 nunc
1037 1876 1123 1942 Deus
1147 1899 1184 1942 ex
1203 1876 1337 1944 homine

325 1993 400 2054 225.
427 1981 624 2052 Conscendit
649 1981 924 2047 caelumsacrats
949 1980 1024 2048 sede
1047 1981 1223 2071 receptut';

490 2087 668 2173 Perpetuus
690 2082 839 2152 dominus
860 2102 905 2153 est
928 2105 997 2152 erat
1020 2105 1051 2153 et
1077 2086 1199 2153 veniet.

426 2194 480 2257 Tu
503 2209 596 2281 puter
617 2193 803 2283 ingenitus;
827 2194 953 2286 genitus
974 2194 1036 2259 tibi
1055 2192 1168 2275 filiust
1195 2219 1231 2262 ex
1261 2209 1293 2260 te

495 2299 570 2365 Non
590 2301 716 2390 genitus
742 2315 872 2367 sauctus
889 2301 1019 2389 spiritus
1044 2300 1236 2393 egreditur3

426 2407 489 2491 Qui
514 2431 644 2495 semper
664 2405 792 2475 medius
815 2409 903 2475 inter
923 2427 1102 2501 natumque
1131 2427 1327 2501 patremque

328 2524 402 2588 230,
494 2512 663 2598 Sentitur,
685 2516 808 2593 sentit;
836 2515 999 2599 traditur,
1019 2518 1188 2606 accipitur.

429 2618 641 2702 Sanctilicat,
662 2621 791 2708 spirat,
816 2619 1030 2706 dominatur,
1055 2639 1140 2689 totus
1163 2623 1286 2713 ubique
1310 2641 1355 2689 est
1376 2672 1387 2706 ,

494 2722 637 2790 Accessu
662 2723 842 2809 emundat,
868 2724 1037 2792 munditiis
1059 2726 1197 2816 capitur.

429 2828 613 2896 Dummodo
629 2831 686 2920 qui
700 2829 813 2920 religat
829 2834 890 2896 tria
904 2835 1056 2916 uomina,
1071 2851 1135 2901 tres
1150 2858 1282 2926 quoquo
1298 2831 1417 2899 formas
1437 2876 1441 2883 ·

497 2934 607 2999 Unum
632 2933 794 3002 consultus
815 2960 881 3002 non
905 2956 1000 3029 neget
1019 2962 1086 3005 esse
1111 2942 1242 3007 Deum:

332 3044 405 3113 235,
429 3037 568 3105 vinum
592 3023 865 3124 simitts‚stm1tts
891 3045 1044 3132 putatu,
1066 3045 1102 3110 ta
1129 3046 1236 3134 ipsum

493 3144 606 3210 Unum
627 3170 692 3213 uon
714 3173 839 3233 unum,
860 3149 915 3216 sed
938 3174 1029 3241 mage
1052 3150 1164 3216 credat
1185 3151 1282 3217 idem.

429 3250 516 3315 Haec
532 3275 592 3342 ego
611 3277 676 3318 non
695 3271 855 3344 quantum
870 3254 955 3321 volui
974 3280 1033 3345 pro
1048 3255 1193 3345 pondere
1207 3282 1316 3323 rerum
1333 3307 1342 3340 ,

497 3353 563 3422 Sed
589 3374 747 3446 quantum
775 3359 859 3423 vitiis
886 3359 1063 3449 implicitus
1092 3363 1192 3450 potui.

429 3464 483 3529 Tu
500 3461 664 3547 concede,
684 3482 801 3557 pater,
825 3465 919 3531 duret
934 3466 1015 3530 mihi
1032 3490 1163 3555 semper
1178 3485 1212 3533 ut
1234 3469 1293 3532 ista

330 3563 403 3648 240·
496 3569 571 3634 Una
592 3593 691 3658 super
714 3571 799 3638 trina
825 3575 956 3640 nomina
982 3573 1034 3668 (b)
1061 3573 1249 3641 credulitas.

500 3768 542 3834 (ι)
560 3770 618 3816 cod·
635 3771 744 3817 Christe.
777 3771 815 3835 (b)
833 3773 913 3818 rtatim
930 3782 991 3820 tirno
1006 3784 1104 3821 nomine.

515 3928 556 4001 (ι)
577 3932 671 3984 Recole
689 3951 714 3985 r·
733 3949 777 4005 92.

514 4019 553 4090 (n)
574 4020 689 4072 Caesura
710 4019 804 4090 longas
824 4035 855 4077 ut
876 4023 943 4077 inira
961 4025 1088 4077 dominus
1107 4036 1135 4079 et
1152 4029 1237 4078 nt'na.
