3382 5206
589 594 819 650 omunarrcr
843 598 890 646 ar
912 595 1077 651 rarrnrcu
1255 580 1321 669 559

327 701 375 767 De
399 699 519 790 quibus
540 697 707 790 Vergilius
730 732 776 749 -
798 694 923 789 qualis,
945 697 1072 789 inquit,
1093 697 1263 767 commotis
1285 720 1344 765 ex-

328 806 393 872 cita
414 805 513 873 sacris
535 804 655 897 thyasis
681 805 736 870 ubi
760 802 873 870 andito
895 801 1060 870 stimulant
1083 804 1247 871 trieterica
1263 804 1348 872 Bac-

327 910 391 976 cho
415 912 515 1002 orgia.
538 945 584 963 ·-
606 909 698 977 ldem
727 909 816 978 libro
837 910 895 979 Vl.
918 906 1041 974 -illa
1073 908 1212 975 chorum
1243 909 1350 977 simu·

328 1014 397 1097 lans
420 1016 579 1083 Evanshis
604 1010 768 1108 orgia-3
785 1038 870 1107 quae
892 1038 1010 1106 graece
1032 1014 1200 1107 nycthelia
1224 1038 1350 1083 vocan-

330 1135 403 1205 tur,
422 1119 458 1185 id
481 1138 526 1188 est
549 1138 719 1189 nocturna.
743 1120 843 1188 Unde
864 1116 1027 1211 Vergilius
1051 1156 1085 1168 --
1107 1136 1349 1212 nocturnusque

292 1310 294 1314 Ι
330 1242 423 1291 vocat
445 1225 587 1294 clamore
610 1225 789 1317 Cytherou.
804 1259 843 1274 --
857 1223 1056 1314 Nycticorax
1081 1240 1259 1291 nocturnus
1279 1247 1348 1293 cor

331 1353 386 1395 vus
410 1327 541 1396 dicitnr.
568 1331 628 1396 Hic
653 1352 730 1420 ergo
752 1352 808 1418 pes
822 1329 858 1395 in
879 1327 1025 1417 aescupla
1046 1326 1203 1394 divisione
1222 1344 1279 1394 est.

527 1432 533 1471 i

681 1541 729 1607 De
751 1537 1001 1630 palimbacchio.

375 1765 409 1822 Δ.
432 1754 487 1819 Ob
520 1776 621 1843 quam
653 1775 722 1819 rem
754 1748 980 1818 antibacchius
1009 1750 1059 1817 vel
1092 1749 1351 1840 palimbacchius

331 1855 435 1922 dictus
461 1854 532 1928 est?
557 1856 795 1925 Antibacchias
809 1859 991 1923 contrarius
1006 1856 1166 1942 bacchio,
1189 1850 1274 1925 sicut
1293 1885 1352 1925 an·

332 1963 445 2027 titbcta
470 1962 713 2051 contraposita,
736 1978 769 2027 et
791 1959 1013 2030 Antichristus
1032 1961 1214 2030 contrarius
1246 1963 1351 2030 Chri-

330 2085 402 2139 sto:
439 2066 697 2158 palimbacchius
727 2091 805 2135 vero
836 2068 955 2133 iterum
988 2067 1144 2135 bacchius
1176 2069 1353 2158 reciprocis

332 2175 458 2241 vicibus
481 2174 608 2266 syllaba
633 2176 792 2242 inmutata
815 2175 925 2240 vocari
951 2173 1143 2241 dinoscitur.
1168 2187 1203 2242 Δ.
1227 2177 1278 2244 Da
1296 2200 1354 2243 ex-

332 2280 438 2370 empla
464 2308 481 2348 a
505 2282 691 2349 nominibus
717 2282 878 2347 venientia
901 2297 936 2347 et
964 2278 1204 2369 palimbacchio
1233 2305 1354 2373 conpe-

333 2390 444 2455 tentia.
472 2391 517 2456 M.
542 2391 690 2474 Natura,
713 2387 867 2473 fortuna,
888 2411 1068 2479 pressura,
1091 2407 1249 2476 tonsura,
1278 2392 1356 2458 bas-

334 2491 436 2557 cauda
455 2544 464 2577 ,
485 2517 628 2575 aurora,
652 2511 686 2559 ut
708 2529 746 2542 ·-
770 2517 888 2560 aurora
911 2495 946 2559 in
968 2496 1065 2561 roseis
1093 2491 1242 2585 fulgebat
1269 2492 1354 2562 lutea

333 2599 426 2689 bigis.
451 2637 486 2649 ··
509 2601 679 2691 Captura,
704 2600 852 2682 foetura,
877 2617 1030 2685 maturo,
1053 2624 1192 2684 rasura,
1222 2602 1355 2668 strictu-

335 2730 387 2789 ra,
410 2705 581 2790 basterna,
600 2732 759 2796 persona,
782 2705 905 2790 fixura,
927 2707 1077 2796 picturas
1101 2701 1253 2774 facturas
1276 2707 1359 2774 scri·

334 2830 444 2902 ptura,
465 2838 622 2898 censura,
645 2838 796 2881 caesura,
820 2812 969 2905 farrago,
994 2811 1182 2903 Carthago,
1204 2831 1354 2904 sartago,

333 2942 479 3009 aerugo,
509 2918 665 3009 salsugo,
697 2920 851 3008 ferrugo,
876 2916 1022 3006 lanugo,
1048 2919 1207 3007 prurigos
1245 2914 1356 3007 uligo,

337 3022 488 3115 caligo*‚
513 3022 677 3091 formido,
695 3022 841 3090 fiscella,
867 3021 992 3089 tessella
1008 3059 1018 3089 2
1043 3020 1214 3104 umbella,
1237 3019 1359 3089 lauter-

336 3155 400 3205 na,
425 3132 558 3220 reginas
590 3133 744 3218 Europa,
775 3129 895 3212 urina,
928 3127 1089 3195 formica,
1113 3127 1265 3213 testudo,
1298 3151 1358 3194 au·

335 3233 440 3302 laeum
455 3272 466 3302 s
488 3252 676 3324 portentum
690 3272 702 3303 s
724 3253 924 3301 sarmentum
938 3272 949 3302 2
974 3232 1156 3303 electrum,
1179 3235 1356 3326 antiquuss

336 3356 494 3429 argutus,
518 3341 668 3406 cristatus
700 3338 788 3431 quod
823 3356 932 3405 tamen
963 3339 1174 3428 participium
1209 3355 1258 3406 est
1288 3337 1359 3405 sine

336 3446 459 3537 origine
482 3447 600 3531 verbi,
633 3465 669 3512 nt
692 3450 841 3517 cristatus
865 3443 1037 3514 Achilles,
1071 3446 1105 3512 id
1131 3465 1176 3515 eet
1200 3447 1296 3516 crista
1327 3464 1359 3515 et

336 3574 417 3615 cono
433 3550 596 3640 galeatus,
621 3553 772 3635 vittatus,
797 3569 962 3634 versutus,
986 3568 1161 3634 cornutus,
1184 3574 1357 3619 nervosus,

337 3653 512 3723 frontosus,
535 3680 739 3748 squamosus,
764 3680 893 3724 exosus,
911 3655 1084 3723 barbatus,
1109 3655 1273 3723 larvatus,
1291 3678 1360 3720 cer·

336 3761 425 3826 ritus.
457 3760 556 3830 Unde
588 3762 806 3854 Hieronymus
831 3798 865 3810 ·-
888 3761 1187 3851 floccipendentes,
1226 3762 1358 3851 inquit,

335 3865 492 3955 imagines
526 3867 726 3958 umbrasque
749 3864 941 3936 larvarum,
974 3892 1115 3960 quarum
1148 3885 1262 3933 natura
1294 3892 1361 3936 osae

338 3969 459 4038 dicitur
482 3989 609 4041 terrere
630 3971 810 4064 parvulos,
842 3990 875 4040 et
897 3974 933 4039 in
954 3969 1080 4064 angulis
1110 3975 1237 4063 garrire
1270 3989 1361 4039 tene·

332 4076 448 4157 brosis.
471 4114 508 4129 -
532 4076 588 4148 Sic
611 4076 792 4177 pauxillus,
814 4077 985 4165 tantillus,
1008 4075 1160 4167 taxillus,
1185 4076 1358 4157 cultellns3
