3382 5206
362 632 429 682 212

325 743 409 787 terum
429 734 457 786 in
476 733 506 786 ·i·
526 746 682 791 convertat.
699 735 749 788 boc
775 735 818 788 di-

322 836 382 873 cere
399 821 551 876 noluerunt:
571 831 598 873 et
616 822 695 880 ideo.
718 833 749 875 ut
767 841 815 875 su-

323 908 498 980 prediximus
510 945 517 965 .
540 927 636 963 vanum
647 922 815 982 praeceptum

325 994 481 1066 supradicto
499 996 572 1049 cusai
593 994 739 1050 instituisse
761 1015 814 1049 non

321 1084 519 1138 intellexerunt.
537 1086 624 1156 Quare
645 1084 696 1139 boc
724 1103 811 1138 mone·

326 1188 402 1230 mus,
420 1172 493 1241 quod
507 1171 643 1240 genetivus
665 1190 741 1226 casus
766 1193 814 1226 nu·

320 1259 504 1316 meriscilicet
524 1261 649 1331 pluralis,
672 1262 721 1331 qul
742 1261 813 1314 abla-

321 1347 377 1400 tivo
401 1366 463 1401 casu
487 1349 590 1402 numeri
612 1350 753 1418 singularis
778 1368 811 1402 ·e·

320 1433 412 1488 littera
429 1446 549 1506 correpta
568 1437 743 1493 terminatur,
767 1453 812 1488 ve-

320 1520 379 1574 nire
392 1527 555 1593 repperitur,
573 1524 682 1593 quando
696 1541 759 1574 ·um·
772 1522 813 1575 lit·

324 1610 386 1660 teris
404 1620 465 1679 post
478 1620 687 1668 consonantem,
706 1609 814 1678 quando

297 1746 300 1752 .
322 1695 399 1748 ium·
413 1697 510 1750 litteris
525 1697 716 1754 concludatur.
737 1698 764 1749 iu
774 1716 815 1750 so·

251 1796 254 1802 ·
321 1786 365 1838 nis
391 1797 562 1856 conpetenter
582 1797 697 1841 tractare
722 1787 817 1840 debea-

322 1889 391 1925 mus.

358 1963 426 2014 ltem
461 1961 490 2015 in
522 1962 680 2033 supradictis
712 1967 817 2032 generi-

321 2047 371 2103 bus
401 2050 451 2104 boc
475 2068 607 2105 monemus
629 2086 636 2107 .
662 2053 734 2121 quod
762 2054 816 2106 sint

323 2137 415 2206 ulique
440 2137 546 2190 nomina
571 2157 639 2208 quae
666 2141 815 2193 accusativo

322 2243 384 2279 casu
413 2227 515 2280 numeri
543 2227 683 2294 singularis
707 2229 734 2281 in
762 2248 814 2282 uuo

322 2312 453 2367 vocabulo
471 2332 520 2369 sno
543 2314 646 2370 duobus
672 2314 714 2365 bis
742 2316 815 2368 sonis

322 2404 506 2473 repperiantur
532 2406 658 2462 definiri,
693 2406 720 2457 id
750 2418 813 2464 est,

324 2510 386 2544 ·em.
404 2503 432 2545 et
451 2493 526 2551 ·im·.
542 2504 572 2546 ut
591 2504 656 2564 puta
669 2491 737 2544 hanc
749 2511 813 2562 pup-

322 2581 393 2650 pim.
412 2591 440 2633 et
459 2581 527 2633 banc
553 2598 681 2651 puppem:
712 2579 759 2631 sed
787 2589 814 2631 et

320 2668 386 2725 baec
411 2671 517 2723 nomina
543 2689 596 2740 qua
621 2670 654 2723 de
679 2686 759 2722 carisa
786 2668 814 2721 in

322 2756 475 2826 supradicto
493 2775 555 2810 casu
573 2775 605 2811 ex
624 2767 737 2826 utraque
760 2755 814 2809 ior·

321 2862 363 2897 nra
381 2847 506 2915 permissa
528 2848 583 2900 sint
610 2844 755 2899 declinari,
786 2845 814 2896 in

322 2933 393 2985 souis
418 2944 604 3005 coupententer
632 2929 813 2985 tractabimus.

264 3018 267 3023 ’
323 3019 362 3071 De
382 3018 499 3074 ablativo
517 3038 596 3079 cusu,
614 3020 662 3089 qui
682 3037 716 3072 ·e·
744 3019 815 3071 litte·

323 3123 353 3157 ru
376 3118 495 3178 correpta
523 3108 695 3164 terminatur.
727 3123 815 3175 quan·

323 3203 378 3245 turn
390 3195 458 3248 ratio
472 3193 612 3265 poscebat.
630 3193 696 3248 sutis
713 3203 815 3246 tracta-

326 3282 421 3336 vimus.

497 3373 540 3431 32.
556 3392 592 3428 nr
612 3394 643 3429 ·1·

359 3465 392 3513 ·l·
413 3463 500 3516 littera
519 3473 623 3515 tanturn
633 3461 763 3515 ablativus
774 3478 816 3510 ca·

322 3568 367 3603 sus
387 3551 487 3603 numeri
503 3551 644 3617 singularis
658 3547 815 3602 terminatus

322 3656 415 3704 genera
445 3637 511 3689 hacc
538 3648 666 3705 quattuor
696 3637 814 3688 continet

323 3737 442 3782 tantum,
452 3726 632 3782 masculinum,
643 3723 796 3778 femininum
806 3760 813 3779 .

321 3825 462 3873 neutrum,
482 3830 564 3866 omne.

605 630 863 681 GRAMMATICUS
886 632 1087 682 VATIGANUS
1163 642 1165 646 '

910 733 954 792 33.
974 754 1008 790 or
1025 754 1134 791 orrrrn
1155 752 1323 790 urscunrrro.

869 854 1041 964 Masculini
1052 911 1153 976 generis
1165 911 1281 966 nomina.
1292 925 1364 978 quae

866 995 983 1050 ablativo
1010 1013 1071 1048 casu
1098 1001 1198 1050 numeri
1217 996 1361 1065 singularis

869 1085 898 1135 ·i·
918 1083 1010 1137 littera
1029 1093 1133 1136 tuntum
1163 1085 1361 1139 terminantur,

865 1182 893 1223 et
911 1183 1003 1243 aptota
1022 1191 1079 1227 esse
1097 1173 1360 1243 nonrepperiuntur.

865 1260 930 1313 haec
951 1263 978 1314 iu
997 1262 1160 1315 nominativo
1178 1279 1240 1313 casu
1257 1260 1359 1312 numeri

865 1346 1006 1415 singularis
1025 1366 1078 1400 una
1105 1350 1156 1402 hac
1184 1350 1265 1400 iorrna
1291 1347 1359 1399 deii-

867 1435 978 1489 niuntur
997 1447 1101 1490 tantum
1116 1438 1176 1493 ·is·.
1192 1447 1223 1489 ut
1241 1447 1306 1507 puta
1326 1434 1362 1486 ab

866 1524 917 1576 boc
942 1523 1051 1582 Tiberi.
1071 1526 1114 1578 bic
1132 1524 1257 1586 Tiberis;
1277 1534 1305 1577 et
1321 1523 1355 1575 ιιι]

867 1611 916 1662 hoo
929 1611 1075 1682 exemplum
1096 1611 1274 1664 declinantur.
1298 1609 1357 1660 llu-

868 1699 931 1752 meri
962 1699 1104 1766 singularis
1125 1733 1132 1754 ,
1161 1697 1204 1747 bic
1227 1695 1352 1752 Tiberis,

867 1787 948 1839 buius
986 1786 1119 1842 Tiberis,
1152 1777 1215 1837 buin
1241 1783 1359 1840 Teberi.

869 1876 940 1929 bunc
963 1874 1100 1929 Tilierim.
1120 1895 1137 1929 o
1163 1873 1289 1931 Tiberis,
1320 1872 1355 1924 ab

868 1966 918 2018 hoc
936 1963 1035 2016 Tiberi
1056 1964 1127 2015 Haec
1147 1980 1239 2015 sonum
1263 1961 1354 2032 plura·

868 2052 918 2104 lem
945 2051 1028 2104 lucere
1051 2049 1233 2122 probibentur·
1258 2047 1301 2098 Sic
1326 2057 1354 2099 et

870 2141 921 2192 alia
945 2140 1046 2206 generis
1072 2137 1210 2191 masculini
1229 2133 1353 2189 nomina»

869 2246 938 2297 quae
956 2227 1073 2281 ablativo
1091 2244 1152 2278 casu
1171 2225 1272 2278 numeri
1297 2222 1355 2276 sin·

871 2318 968 2386 gularis
988 2317 1017 2369 ·i·
1031 2316 1119 2369 littera
1138 2324 1244 2368 tantum
1261 2311 1354 2366 termi-

868 2416 983 2460 nantur.
1001 2413 1029 2456 et
1047 2401 1212 2457 nominativo
1226 2418 1288 2453 cusu
1307 2419 1353 2451 uu·

868 2490 930 2542 meri
956 2489 1098 2558 singularis
1118 2491 1159 2540 ·is·
1190 2487 1286 2540 litteris
1305 2488 1356 2540 ‹le-

866 2579 1011 2634 finiuutur,
1031 2577 1065 2628 ad
1086 2577 1232 2648 exemplum
1246 2575 1354 2628 Tiberis

866 2665 1041 2718 declinantur.
1055 2664 1131 2716 Nunc
1144 2682 1176 2717 es
1190 2664 1239 2716 buc
1253 2663 1356 2722 forma,

865 2772 920 2825 qua
948 2752 1064 2805 diximus
1094 2751 1194 2820 generis
1213 2751 1355 2804 masculini

865 2842 972 2896 nomina
984 2840 1102 2894 ablativo
1110 2857 1172 2892 casu
1184 2841 1285 2893 numeri
1298 2842 1358 2894 sin·

865 2931 1007 2999 singularis
1028 2931 1058 2980 ·i·
1078 2929 1168 2982 littera
1183 2940 1285 2983 tuntum
1305 2942 1359 2984 ter-

867 3019 976 3073 minari,
990 3017 1039 3070 boc
1049 3033 1184 3070 monemus
1193 3053 1200 3073 .
1211 3017 1284 3085 quod
1293 3017 1354 3086 plus

868 3126 947 3178 quum
958 3106 1046 3159 decem
1055 3117 1155 3176 septem
1167 3107 1240 3160 soni.
1251 3104 1300 3158 boc
1314 3117 1354 3158 est

867 3213 946 3266 quarn
958 3194 1046 3246 decem
1053 3204 1150 3263 septem
1162 3192 1285 3248 nomina.
1301 3210 1354 3245 non

868 3281 969 3353 possint
987 3279 1116 3332 exbiberi.

921 3452 963 3522 34·
975 3471 1010 3507 nr
1031 3471 1140 3507 onrnrr
1156 3471 1301 3507 rnururrro·

850 3576 1005 3687 Feminini
1025 3632 1126 3698 generis
1151 3629 1257 3682 nomina
1285 3647 1355 3699 quae

866 3724 983 3778 ablativo
1002 3741 1064 3775 casu
1082 3722 1184 3776 numeri
1210 3720 1353 3787 singularis

867 3814 897 3866 ·i·
916 3815 1005 3867 littera
1022 3823 1127 3867 tantum
1141 3811 1353 3864 terminanturet

866 3911 957 3970 aptota
967 3917 1022 3953 csse
1029 3916 1083 3952 non
1094 3896 1279 3968 repperiuntur
1287 3894 1352 3946 brec

867 3989 895 4040 in
913 3986 1076 4040 nominativo
1095 4002 1157 4037 casu
1177 3982 1279 4036 numeri
1296 3982 1352 4033 sin·

865 4077 950 4147 gulari
969 4094 1023 4129 unu
1041 4075 1092 4127 hac
1111 4073 1193 4127 iorma
1218 4070 1352 4125 definiun-
