3382 5206
382 542 452 637 346
652 567 799 616 aaronis
820 563 1070 614 atoniacansts

357 682 463 749 maius
489 683 531 747 sit
553 705 699 749 secernas
733 679 831 748 Unda
855 679 1034 746 Martianus
1051 680 1085 744 in
1099 676 1300 768 Philologiae
1321 702 1388 745 nu·
1443 722 1447 733 ·

356 793 460 882 puis,
484 793 589 859 maior
604 789 748 860 filiorum
765 793 951 884 prognaes,
974 788 1148 880 inquit.1u
1167 790 1228 857 Dei
1255 786 1385 878 palino-

357 902 412 968 dia
439 927 539 994 quam
563 907 742 995 composuit
776 904 918 972 Hilarius
942 904 1174 991 pictaviensis,
1206 927 1271 969 nou
1296 907 1386 973 iusta

338 1015 576 1104 'quorumdam
591 1019 817 1107 imperitorum
837 1038 983 1081 errorem
999 1015 1196 1103 “suscepisti
1214 1063 1237 1098 „
1253 1015 1310 1080 sed
1328 1040 1386 1107 po-

357 1121 419 1187 tius
432 1126 454 1161 “
476 1141 720 1213 suscepturus„
740 1119 919 1214 legendum
938 1139 987 1189 est
1007 1125 1032 1162 “
1062 1139 1098 1186 tu
1112 1121 1154 1186 ad
1176 1121 1387 1189 liberandum

358 1252 565 1324 suscepturus
591 1234 757 1305 hominem
773 1284 795 1321 ‚‚
815 1239 977 1302 Futurum
998 1235 1086 1299 enim
1100 1234 1266 1323 participii
1285 1233 1386 1303 activi

358 1366 432 1409 cum
445 1345 589 1413 eiusdem
599 1346 843 1437 significationis
859 1345 961 1411 verbo
974 1346 1142 1427 iunctum,
1153 1346 1296 1435 suggerit
1310 1369 1389 1410 con·

358 1455 561 1544 sequentiam
584 1455 752 1522 cuivssdam
771 1456 983 1544 competentis
1005 1455 1132 1522 ordinis
1150 1452 1388 1522 conditionali-

356 1584 432 1650 ter,
453 1584 492 1633 ut
505 1569 557 1634 vix
574 1567 727 1657 possibile
740 1568 780 1634 sit
794 1565 934 1632 alterum
950 1565 1022 1634 fieri
1035 1616 1045 1650 ,
1060 1565 1121 1634 nisi
1137 1564 1277 1631 alterum
1291 1587 1387 1652 prae-

359 1679 512 1761 cesserit,
525 1693 560 1744 ut
573 1680 596 1715 “
613 1678 797 1743 visitaturus
811 1674 927 1744 iratres
941 1676 1107 1768 anglicos,
1119 1676 1258 1742 maxime
1271 1673 1318 1741 Os
1334 1673 1385 1762 (ι)

357 1785 640 1877 archiepiscopum
655 1836 665 1872 ‚
683 1810 752 1855 nou
767 1786 883 1854 horrui
903 1788 1001 1853 maris
1020 1784 1204 1876 periculum
1224 1833 1256 1870 ,,.
1276 1783 1387 1851 Luca-

356 1922 416 1965 nus
430 1900 452 1936 ‘⁶
474 1897 600 1966 insiluit
618 1897 687 1967 solo
708 1902 875 1967 nociturus
894 1899 1041 1990 pondere
1063 1897 1166 1989 puppi
1188 1944 1219 1980 ,,.
1241 1895 1292 1986 (a)

445 2030 497 2076 ao.
521 2008 613 2078 Sicut
635 2008 774 2079 lustrum
796 2009 967 2077 dicebatur
986 2009 1126 2098 spatium
1150 2008 1299 2098 quinque
1320 2033 1386 2076 an-

356 2143 506 2204 norum,
533 2142 598 2211 quo
620 2119 822 2188 lustrabatur
847 2122 955 2205 urbs,
982 2138 1013 2188 et
1044 2118 1086 2184 ab
1114 2119 1264 2185 omnibus
1299 2140 1384 2209 geu·

355 2232 442 2299 tibus
469 2229 657 2300 solvebatur
680 2232 841 2298 tributum
867 2280 878 2315 ‚
908 2232 954 2296 ita
978 2231 1076 2297 etiam
1106 2227 1264 2320 olympias
1298 2227 1386 2294 dici·

354 2357 408 2406 tur
421 2342 560 2430 spatium
576 2357 717 2433 quatuor
730 2366 895 2408 annorum
913 2392 923 2425 ,
945 2337 1035 2431 quod
1061 2341 1232 2405 inventum
1253 2355 1384 2425 tempo·

354 2450 445 2517 ribus
468 2453 569 2520 Ozias
587 2451 764 2519 sacerdotis
786 2453 960 2542 exigebat,
987 2468 1022 2516 ut
1040 2448 1104 2515 hoc
1123 2452 1226 2537 spatio
1248 2468 1382 2541 peracto

354 2559 516 2630 solverent
538 2561 632 2629 ludos
652 2563 721 2629 Iovi
742 2561 917 2653 olympico.
934 2560 1031 2629 Unde
1054 2579 1085 2627 et
1104 2564 1260 2629 Dominus
1276 2561 1384 2629 fertur

354 2674 529 2737 centesima
548 2671 865 2760 nonagesimatertia
890 2669 1079 2763 olympiade
1095 2688 1215 2750 natus3
1235 2688 1266 2735 et
1289 2673 1324 2737 in
1345 2670 1384 2736 li·

352 2778 415 2845 bro
443 2778 484 2846 de
507 2778 604 2856 laude
632 2781 798 2870 virginum
823 2779 1042 2849 ducentesima
1062 2781 1256 2869 sexagesima
1278 2782 1382 2871 septi-

353 2912 406 2954 ma
431 2887 617 2979 olympiade
642 2887 738 2957 fuisse
762 2891 1005 2958 Diocletianum
1028 2893 1175 2958 novimus
1193 2908 1382 2978 persecuto·

355 3021 425 3065 rem
448 2999 756 3071 christianorumA
776 3004 883 3092 prima
901 3005 989 3080 enim
1009 2999 1194 3092 olympiade
1220 3002 1384 3093 quicquid

355 3106 478 3176 factum
504 3109 626 3177 dicitur
652 3135 710 3200 per
724 3113 970 3205 quaternarium
986 3111 1223 3201 multiplicata,
1249 3115 1381 3178 numeri

353 3240 478 3286 summa
503 3220 728 3289 manifestatur
747 3272 757 3308 ,
778 3226 861 3292 sicut
887 3224 921 3290 in
948 3223 1112 3290 chronicis
1134 3221 1266 3288 dicitur.

448 3351 500 3399 at.
526 3333 565 3400 ln
585 3333 650 3402 lide
680 3358 811 3427 quoqne
837 3333 1000 3402 catholica
1029 3357 1130 3423 quam
1155 3350 1293 3400 assertor
1323 3356 1385 3399 ve-

352 3438 479 3525 ritatis,
500 3440 603 3509 edidit
625 3441 819 3511 Athanasius
843 3460 917 3533 post
937 3443 1055 3512 multas
1077 3443 1317 3533 persecutiones
1331 3466 1384 3507 re-

354 3566 465 3638 pertus
488 3577 548 3643 per
572 3555 679 3621 omnia
704 3552 928 3636 orthodoxus,
950 3580 1033 3622 uuus
1055 3551 1231 3622 versiculus
1255 3553 1302 3618 ita
1327 3550 1378 3619 le-

440 3728 485 3793 (r)
504 3724 611 3778 Scilicet
629 3724 796 3782 oswaldum,
816 3727 967 3781 monasterii
988 3725 1021 3777 ad
1040 3723 1111 3795 quod
1133 3724 1160 3776 in
1179 3723 1301 3790 Angliam
1321 3743 1370 3778 ve·

369 3812 412 3866 nit
429 3811 506 3869 Abbo
521 3814 695 3870 fundatorem·
715 3817 822 3870 Videsis
836 3816 939 3871 lllabill.
954 3817 1040 3869 annal.
1056 3815 1150 3868 Bened.
1167 3814 1200 3865 'l'-
1215 3815 1263 3866 lV.
1277 3836 1304 3887 p·
1322 3815 1368 3870 26.

440 3911 487 3975 (a)
505 3907 556 3961 llic
574 3909 768 3968 articulatam
787 3911 920 3980 quomodo
939 3909 973 3961 ad
992 3909 1159 3980 quaestiones
1178 3908 1369 3974 grammatica-

369 3999 406 4054 lcs
424 4001 576 4072 pertineat.
596 4023 648 4058 non
666 4004 755 4060 rideo·
