3382 5206
340 583 407 677 442
685 611 855 660 tonsurus
879 614 981 663 seori

311 716 404 800 Quae
417 732 517 800 sunt,
540 741 626 806 qnae
641 742 706 784 non
722 735 818 802 sunt,
836 743 930 786 sensu
944 743 1000 786 seu
1017 737 1126 787 mente
1143 718 1324 805 videntur,
1375 732 1423 797 ,5.

314 823 406 908 Quae
425 840 533 910 stant,
557 849 640 916 quae
666 828 756 890 vario
782 823 958 891 volvuntur
982 824 1129 916 praedita
1156 844 1274 910 motu,

319 928 495 996 Pnenmata
521 948 711 1015 ventorum,
737 932 783 998 vis
808 933 927 1021 ignea,
955 931 1084 998 lucidus
1111 932 1252 1016 aether,

318 1033 450 1102 Chorus
471 1054 504 1104 et
532 1039 706 1129 astrigerae
726 1040 861 1126 perpuri
887 1036 1018 1103 luminis
1039 1031 1138 1116 alym.

315 1139 460 1209 Palladis
487 1143 566 1212 hinc
593 1148 731 1237 gemmis
755 1161 876 1233 septem
900 1141 1052 1210 redimita
1076 1166 1196 1212 corona

318 1246 429 1318 delfin,
454 1251 480 1345 ᾗ*
508 1249 655 1322 tropas,
679 1252 706 1345 ἦ*
729 1252 805 1320 diis,
830 1250 856 1344 g}
881 1249 1015 1334 Ἠλλος,
1038 1248 1146 1338 ‘Apus

315 1352 420 1418 Φοίτων
441 1356 468 1450 9⁸
492 1357 619 1429 Φιίνονος
641 1356 726 1449 ἄκροι
749 1355 815 1446 aspi
837 1355 975 1443 altipassi
997 1347 1116 1441 πᾶχνι,

316 1460 401 1550 *Εξὶῑς
423 1466 478 1527 τοῦ
501 1460 608 1550 elapso
631 1463 748 1555 simper
771 1460 854 1533 Olus
875 1459 1002 1544 ἄσχετον
1023 1457 1105 1531 ἕλιξ
1116 1465 1191 1544 (t),

316 1565 471 1643 Caelestis
494 1587 602 1636 motus
631 1568 864 1635 modulaminis
888 1561 1130 1653 ἰννεᾶφθογγος,

313 1670 448 1739 Summa
473 1673 576 1740 chelis
595 1699 712 1742 vocum
736 1672 891 1739 mortales
914 1673 1026 1763 effugit
1045 1657 1135 1744 lurae.
1264 1746 1267 1749 ¹

314 1778 436 1841 Rerum
459 1779 658 1867 principium
682 1779 827 1868 primum
852 1780 1036 1869 cognoscite
1056 1776 1250 1861 Christum,
1366 1792 1416 1855 25,

314 1885 461 1952 Verbum
488 1903 604 1951 cuncta
630 1909 764 1968 creans,
788 1902 899 1950 natum
926 1883 967 1950 de
989 1902 1123 1974 pectore
1144 1886 1266 1972 patris,

315 1986 401 2057 Ars,
428 1990 506 2074 lex,
532 1991 726 2074 consilium,
749 1986 833 2079 (sl,
862 1991 1042 2080 sapientia,
1068 1990 1194 2057 virtus,

313 2099 426 2178 Fons,
449 2096 616 2180 medium,
642 2098 741 2183 finis,
767 2100 913 2190 genitum
941 2095 981 2163 de
1008 2095 1135 2164 lumine
1154 2097 1297 2183 lumen,

315 2203 369 2269 Est
388 2253 397 2285 ,
410 2229 475 2270 non
490 2221 537 2269 est
551 2201 623 2294 (a),
637 2230 734 2294 super
749 2222 815 2272 est,
830 2204 886 2295 qui
902 2204 1064 2293 praestitit
1083 2205 1237 2270 omnibus
1252 2229 1345 2292 esse,

314 2308 376 2390 Qui
404 2310 611 2400 rogitatque
639 2326 730 2377 tenet
756 2327 862 2377 totum
892 2307 981 2399 quod
1006 2305 1155 2374 condidit
1183 2309 1275 2399 ipsc,
1369 2319 1421 2383 30.

312 2413 343 2476 T
346 2428 416 2478 otus
438 2437 498 2501 per
523 2431 644 2480 totum,
676 2414 732 2504 qui
754 2412 853 2480 nullis
877 2413 1026 2501 partibus
1044 2410 1180 2496 haeret,
1262 2486 1266 2493 ,

315 2518 401 2583 Cum
424 2519 463 2584 sit
485 2537 678 2586 cunctorum
704 2518 853 2585 substans
870 2518 1006 2586 essentia
1022 2515 1179 2609 simplex,

317 2618 386 2686 ‘nv
410 2623 509 2694 τῖλος,
532 2621 569 2688 ὧν
594 2620 671 2712 ἀρχῆ
693 2617 819 2688 πάντων
841 2619 878 2688 ὃν
902 2622 972 2690 ὄντα
994 2615 1039 2689 ris
1062 2621 1152 2691 dclv,

314 2723 377 2790 *nv
400 2727 526 2808 ἀγαθὸς
548 2729 575 2822 19*
597 2727 687 2800 rathis
720 2722 835 2800 κᾶλλος
857 2729 979 2819 proprisis
1000 2753 1030 2792 m
1051 2723 1209 2818 χαφακτέρ
1232 2728 1297 2817 (3).

314 2839 376 2922 Qui
398 2838 531 2902 miseros
560 2835 707 2902 homines
734 2859 892 2903 revocans
919 2834 959 2902 de
985 2854 1090 2903 morte
1112 2836 1274 2924 perenni,
1372 2861 1425 2923 35,

317 2942 497 3032 Ἀνθρωπος
521 2939 626 3008 factus
650 2966 777 3008 sumens
799 2938 839 3006 de
871 2940 999 3030 virgine
1022 2962 1179 3022 carnem,

315 3052 491 3116 Promissus
515 3051 603 3114 venit
629 3047 798 3138 complens
816 3047 950 3116 oracula
975 3064 1096 3113 vatum·

316 3154 360 3222 At
389 3154 526 3247 πρόγονος
550 3154 655 3221 David
679 3154 811 3243 proprio
838 3152 880 3219 de
901 3167 1062 3242 spermate
1083 3169 1196 3219 natum

316 3260 476 3344 Viderat,
496 3277 527 3327 et
549 3258 666 3325 mundi
696 3259 821 3325 devicta
847 3275 951 3327 morte
970 3252 1128 3346 λυτρωτέν.

316 3367 346 3432 N
351 3393 386 3432 ec
410 3367 519 3432 miuus
544 3367 579 3430 in
605 3363 702 3431 caelis
729 3380 865 3454 prosunt
890 3365 1042 3455 mysteria
1066 3361 1192 3428 Christi
1373 3392 1430 3476 4⁰·

314 3474 420 3558 Quam
448 3474 561 3538 terris,
584 3470 701 3536 merito
730 3492 805 3535 cum
828 3469 870 3535 sit
889 3471 976 3536 Deus
999 3469 1151 3534 omnibns
1173 3465 1274 3532 idem.

315 3577 388 3644 lllic
411 3576 571 3667 angelicas
596 3574 746 3666 patefecit
773 3574 895 3641 lumine
918 3589 1064 3658 mentes,

315 3681 366 3749 Ac
393 3681 566 3749 tenebrosa
588 3706 662 3748 suae
687 3681 816 3747 virtutis
838 3678 986 3770 prodidit
1007 3679 1092 3769 ipsis.

400 3860 446 3926 (t)
467 3857 533 3910 Sunt
553 3854 692 3911 hiversus
712 3855 782 3926 apud
802 3855 908 3933 glosspp.
928 3852 976 3904 loc.
995 3850 1045 3901 cit.

397 3947 444 4014 (a)
465 3946 523 3998 Non
542 3955 583 3998 est
602 3945 746 4013 quicquum
766 3940 799 3993 dc
818 3957 903 3993 rerum
922 3948 1036 3992 natura.
1055 3935 1101 3990 sed
1121 3952 1213 4005 super.

398 4033 444 4106 (3)
464 4037 531 4087 Sunt
551 4033 621 4105 apud
640 4032 744 4099 glossar.
765 4031 814 4081 loc.
835 4030 881 4081 cit.
