3382 5206
372 550 443 627 33o
644 576 788 628 taaoms
815 581 1068 632 ruorucsrsts

343 691 446 757 sentia
460 693 596 759 minime
608 689 759 783 perfruor
775 746 786 778 ,
809 719 891 786 quae
906 695 1083 788 aliquando
1098 693 1280 789 perfruenti
1294 719 1365 767 erat

326 788 413 890 'ipsa
439 802 503 866 vita
531 801 666 889 dulcior.
683 803 778 870 Nunc
800 809 875 897 qnia
891 808 933 873 ita
957 809 1092 901 contigit
1110 834 1172 899 per
1187 809 1365 877 oboedieu-
1392 883 1396 889 ,

347 913 425 977 tiam
451 962 462 997 ‚
490 938 574 1003 quae
600 914 784 983 meliorest
814 917 980 1002 victimis,
1007 943 1071 983 non
1097 918 1200 985 solum
1226 917 1365 984 fratrum

349 1046 424 1088 cum
452 1023 570 1114 quibus
599 1047 708 1089 moror
737 1026 881 1114 imperiis
910 1026 1072 1093 deservire
1099 1029 1229 1118 gestio,
1253 1051 1365 1093 rernm

346 1136 444 1202 etiam
461 1134 721 1226 quibuscumque
740 1135 834 1203 huius
849 1136 971 1205 insulae
984 1187 993 1220 ‚
1008 1138 1093 1204 iuna
1114 1136 1283 1205 modulum
1299 1161 1367 1202 me·

348 1267 385 1309 ae
407 1245 575 1331 parvitatis
596 1241 742 1312 desidero
763 1246 939 1337 prodesset
964 1252 1118 1338 quoniam
1143 1274 1208 1314 nou
1227 1249 1296 1313 sine
1320 1246 1367 1310 di·

348 1355 423 1420 riuo
442 1369 566 1420 constat
587 1353 810 1421 moderamine
834 1374 985 1446 gestum,
1012 1357 1099 1448 quod
1115 1356 1233 1422 sedatis
1257 1358 1367 1422 flueti-

347 1459 408 1525 bus
423 1460 567 1527 marinae
584 1461 782 1549 tempestatis
809 1461 909 1528 adid
936 1460 1048 1529 deveni
1080 1462 1167 1528 exilii
1189 1487 1264 1528 eum
1282 1464 1365 1527 mira

347 1563 583 1656 tranquillitate
604 1582 671 1633 tatu
697 1569 776 1634 vasti
801 1569 968 1657 aequoris:
988 1570 1043 1633 ubi
1067 1567 1146 1633 dum
1168 1568 1366 1659 quibusdam

346 1669 527 1738 studiorum
548 1673 817 1761 occupationibus
848 1673 1018 1756 detineor,
1042 1672 1145 1741 levior
1169 1673 1205 1738 fit
1228 1672 1367 1738 calami-

346 1785 418 1847 tatis
446 1785 572 1850 miseria
596 1807 696 1873 quam
723 1782 855 1868 tolero,
877 1783 1142 1875 quandoquidem
1170 1784 1367 1852 benivolen-

347 1896 389 1958 tia
415 1916 526 1960 eorsum
556 1919 632 1959 cum
656 1894 777 1985 quibus
803 1894 941 1979 habito,
964 1893 1004 1960 ad
1033 1894 1067 1959 id
1094 1919 1147 1959 me
1176 1892 1368 1981 compellit,

348 2015 383 2064 ut
404 1999 593 2071 nouaclum
617 2024 677 2090 pro
702 2013 791 2088 posse
817 1999 915 2074 velim
941 1997 1093 2066 fraternis
1122 2000 1367 2066 necessitatibus

345 2134 562 2193 succurrere,
583 2110 640 2178 sed
669 2111 766 2176 etiam
790 2110 876 2176 ultra
905 2111 987 2176 vires
1013 2109 1107 2176 velle.
1124 2111 1284 2194 Quocirca
1300 2133 1368 2176 om·

348 2220 439 2288 nium
452 2221 539 2309 apud
554 2219 675 2311 Anglos
690 2222 747 2286 ubi
761 2222 817 2287 ubi
831 2222 1007 2309 positorum
1021 2221 1156 2287 obiectis
1169 2220 1368 2310 respondere

347 2328 474 2398 decrevi
485 2380 495 2413 ‚
506 2333 659 2420 quatinus
674 2330 840 2414 habeatis,
853 2329 1027 2413 karissimi,
1041 2329 1148 2420 aliqua
1165 2331 1363 2397 monimenta

351 2439 446 2506 vestri
473 2439 599 2522 erulis,
624 2440 741 2548 quipus
764 2438 896 2505 valeatis
923 2438 1093 2506 intendere
1110 2463 1244 2506 acumen
1271 2463 1363 2507 erer-

348 2548 464 2616 citatae
493 2549 637 2614 meutist
661 2572 720 2614 nec
748 2544 926 2612 fraudabor
955 2570 1009 2612 vos
1037 2546 1279 2637 quaestionibus
1307 2572 1369 2612 es-

349 2656 489 2746 peditis,
514 2682 593 2747 quas
610 2654 663 2724 vel
687 2655 874 2744 temptando
892 2653 943 2721 vel
964 2654 1117 2722 discendo
1132 2654 1279 2721 obiciunt
1296 2656 1369 2746 qui·

348 2791 412 2855 que
434 2765 592 2833 studiosi:
616 2768 668 2832 oui
686 2766 743 2835 etsi
761 2765 803 2829 ab
826 2763 936 2854 aliquo
955 2782 1137 2854 opponatur
1163 2760 1314 2846 aemulo,
1333 2763 1368 2827 in

346 2876 460 2941 silvam
475 2901 516 2941 ne
531 2873 617 2966 ligna
634 2875 744 2957 seras,
768 2893 893 2940 certum
909 2890 1016 2939 tamen
1032 2874 1164 2956 habeo,
1189 2873 1277 2964 quod
1295 2897 1367 2940 res·
1396 2932 1401 2937 .

348 2987 391 3049 tri
416 2987 534 3076 ingenii
552 2983 703 3052 sterilitas
720 2982 771 3049 rel
787 2985 895 3072 inopia
912 2984 975 3049 mei
996 2984 1117 3048 nonsit
1140 2980 1274 3071 indigna,
1290 3007 1371 3073 qun·

349 3094 513 3188 licumque
528 3096 665 3161 couririi
680 3095 772 3182 copia
788 3143 799 3178 ,
826 3118 909 3185 quae
922 3090 986 3160 hoc
1010 3092 1105 3158 modo
1122 3092 1301 3159 schabest.

429 3227 459 3268 a·
483 3205 522 3271 ln
537 3203 725 3295 quaestione
740 3201 843 3289 prima
860 3201 1098 3293 quaesitumest
1110 3200 1271 3267 salubris·
1286 3223 1368 3288 pen-

349 3315 460 3382 ultima
497 3332 646 3406 correpta
680 3339 722 3380 au
748 3312 909 3401 producta
935 3312 998 3379 dici
1022 3311 1140 3378 debeat
1168 3309 1217 3375 vel
1247 3334 1367 3376 conre-

349 3428 426 3492 nint.
437 3427 566 3509 Quibus
591 3449 649 3515 ego
670 3424 823 3512 proposui
849 3424 981 3513 quaein
999 3422 1140 3512 antiquis
1168 3419 1288 3485 latinae
1306 3417 1371 3484 liu-

348 3558 429 3622 gnae
444 3533 630 3600 auctoribus
644 3554 696 3595 me
719 3528 832 3621 legisse
846 3553 905 3618 pro
925 3546 1014 3594 certo
1030 3529 1129 3593 habui
1149 3577 1158 3610 ‚
1185 3543 1217 3591 ct
1231 3551 1271 3593 ne
1293 3549 1371 3592 ves-

347 3662 396 3709 tra
423 3645 580 3711 memoria
607 3639 797 3707 laberentur
817 3689 827 3720 ,
848 3640 944 3704 etiam
969 3638 1086 3705 litteris
1117 3636 1246 3728 digessi.
1262 3636 1304 3701 Et
1334 3636 1368 3700 in

344 3755 457 3844 primis
475 3756 618 3846 Donatus
639 3750 718 3818 dicit
743 3750 831 3840 quod
855 3750 888 3814 'tn
913 3748 1105 3839 trissyllabis
1130 3766 1161 3813 et
1183 3745 1369 3838 ,tetrasylla-

359 3963 422 4012 aet5
448 3970 607 4022 quamquam
634 3967 725 4020 reapse
749 3946 900 4019 potissimus
928 3940 1072 4012 discipulus
1091 3939 1197 3993 ridetur
1214 3937 1294 3990 fuisse
1314 3937 1364 3990 ti-

356 4041 465 4102 rusinae
