3382 5206
764 642 806 686 nr
823 641 937 717 'mano
1278 623 1328 718 49

331 748 551 820 inmanibus
572 746 762 834 habemus,
784 745 1060 836 ordinationem,
1080 774 1152 819 non
1163 749 1248 821 adeo
1265 751 1356 822 refu·
1417 818 1419 822 Α

328 868 472 940 tandam
498 895 571 940 esse
599 866 848 942 existimemus.
865 866 976 939 Porro
1002 869 1141 940 tertiam
1168 868 1354 941 ordinatio

329 988 469 1060 nemin
494 1004 568 1060 tres
596 987 752 1086 plerique
778 987 1004 1060 dividendam
1032 1003 1227 1087 putarunt,
1248 1004 1288 1060 ut
1307 987 1352 1059 sit

330 1109 439 1208 prima
459 1134 646 1208 quaerero
663 1107 854 1207 producta,
877 1125 917 1182 ut
938 1108 1065 1198 audi0,
1087 1109 1242 1202 dormi03
1263 1136 1352 1207 quae

327 1228 384 1301 vel
408 1228 561 1301 maxime
587 1229 625 1301 in
645 1229 698 1301 his
725 1229 839 1301 modis
861 1228 915 1300 rel
944 1228 1156 1327 temporibus
1176 1227 1354 1300 facillime·

331 1377 403 1448 que
430 1349 645 1438 dinoscitur,
666 1377 754 1449 quae
775 1376 898 1421 sumus
917 1347 1065 1420 inferius
1085 1346 1258 1447 scripturi.
1273 1343 1357 1418 Ete-

330 1468 405 1539 nim
424 1496 496 1540 non
516 1485 588 1558 est,
610 1468 644 1540 id
666 1467 762 1568 quod
782 1467 819 1538 in
840 1482 995 1538 mentem
1015 1465 1119 1538 inodo
1139 1464 1234 1537 venit
1254 1477 1278 1508 “
1302 1463 1354 1536 lu-

329 1585 426 1659 brica
447 1586 611 1686 inrepens
635 1604 748 1687 raptet
769 1586 896 1660 oblivio
919 1590 1037 1685 (1).„

406 1703 461 1778 16.
482 1704 636 1777 Memini
655 1732 713 1778 me
733 1734 753 1778 a
773 1704 925 1805 quodam
947 1701 1048 1801 Lupo
1069 1701 1258 1775 christiano
1276 1702 1349 1775 viro

329 1820 583 1920 atlrenicnsi·(a)
599 1824 634 1894 in
648 1823 782 1896 ratione
793 1824 980 1896 verborum
993 1822 1072 1893 satis
1086 1838 1249 1920 experto,
1267 1846 1350 1893 cum

328 1938 426 2011 illurn
444 1941 696 2018 dc'rerlrorurn
716 1943 917 2016 difficilium
938 1943 1186 2039 interrogarem
1205 1940 1349 2013 ordina·

327 2066 451 2148 tione,
477 2061 626 2158 qualiter
652 2078 687 2134 et
711 2063 886 2161 quomodo
914 2080 946 2135 et
973 2091 1042 2162 qua
1062 2061 1194 2134 ratione
1220 2060 1347 2133 variata

325 2180 394 2266 sit,
415 2180 528 2253 taliter
547 2185 589 2254 ab
608 2210 649 2256 eo
672 2183 847 2257 edoctum.
859 2184 996 2272 Variis,
1018 2184 1155 2283 inquit,
1176 2182 1255 2271 fili,
1275 2180 1346 2278 opi-

326 2301 525 2374 nationibus
551 2332 623 2376 non
645 2305 724 2376 satis
751 2305 898 2394 credas,
918 2307 1001 2404 quia
1023 2320 1093 2375 tarn
1111 2302 1243 2376 multae
1263 2316 1345 2372 sunt

326 2447 434 2518 quam
460 2438 493 2493 et
521 2423 744 2520 cogitationes
764 2425 957 2499 hominurn.
978 2423 1071 2521 Lege
1094 2450 1175 2519 ergo
1195 2419 1346 2517 singulo·

328 2565 407 2610 nun
426 2539 549 2630 libros,
572 2559 606 2614 et
626 2560 805 2632 scrutare,
827 2561 863 2616 et
885 2544 1086 2639 considera,
1108 2558 1143 2615 et
1161 2539 1238 2612 vide
1258 2537 1344 2639 quid
1390 2634 1395 2641 ἢ

327 2657 364 2728 in
394 2657 442 2729 eis
468 2678 697 2757 congruatum
724 2679 826 2761 atque
854 2662 1046 2750 unanime,
1067 2677 1109 2732 ut
1134 2658 1181 2730 ita
1206 2657 1343 2741 dicam,

326 2777 453 2876 quidve
480 2777 627 2858 divisum
654 2808 693 2853 ac
720 2781 946 2854 dissentivum
971 2811 980 2855 z
1007 2797 1041 2852 ct
1068 2772 1237 2877 quiequid
1264 2801 1345 2847 con-

328 2923 404 2967 cors
431 2913 465 2968 et
493 2900 733 2971 consentivam
759 2900 962 2986 inveneris,
990 2899 1056 2970 hoo
1084 2924 1193 2992 sange
1209 2896 1257 2994 (b)
1280 2950 1289 2982 ,
1309 2909 1343 2965 et

327 3014 364 3085 in
393 3014 495 3086 corde
522 3033 582 3089 tuo
609 3017 716 3089 veluti
742 3018 918 3117 quoddam
939 3017 1073 3089 salubre
1102 3043 1142 3087 ac
1168 3040 1270 3086 suave
1296 3013 1345 3084 vi-

327 3162 417 3207 num
443 3137 611 3212 infunde:
630 3138 800 3237 quicquid
825 3156 944 3210 autem
963 3138 1092 3210 discors
1118 3163 1159 3209 ac
1185 3132 1344 3206 dissenti-

261 3288 264 3292 ’
328 3284 411 3328 vum
437 3260 666 3356 repperiens,
688 3259 782 3330 velut
800 3286 1015 3331 venenosum
1041 3287 1080 3331 ac
1107 3257 1264 3330 toxicum
1289 3282 1346 3352 pe-

327 3377 422 3450 nitus
443 3379 665 3453 evitasUnde
686 3399 721 3453 et
743 3408 806 3476 ego
828 3381 896 3452 hoc
917 3379 1071 3467 inserui,
1092 3395 1132 3450 ut
1156 3375 1346 3447 iuratione

328 3498 514 3571 verborum
530 3527 773 3599 ‹puaecumque
800 3529 819 3571 a
846 3501 1033 3572 maioribus
1051 3527 1090 3571 ac
1105 3497 1277 3570 veteribus
1297 3494 1349 3566 in-

327 3635 417 3690 serta
444 3636 526 3691 sunt
552 3677 560 3709 ,
587 3621 734 3692 libenter
760 3620 964 3719 suscipiatis.
998 3617 1099 3712 Quae
1133 3633 1252 3689 autem
1277 3641 1347 3686 me·
1410 3657 1411 3661 =

326 3737 381 3808 dia
403 3755 508 3828 suut,
537 3757 572 3811 et
592 3739 845 3839 quodammodo
865 3739 901 3810 iu
924 3739 1084 3835 ambiguo
1106 3736 1239 3835 posita,
1259 3733 1343 3806 liaeo

411 3931 450 3993 (a)
467 3932 524 3980 Cod-
542 3932 645 3976 sertensi.
692 3933 731 3993 (b)
750 3937 792 3975 Pro
809 3947 876 3989 suge·

411 4094 453 4164 (a)
474 4094 588 4147 Videtur
609 4095 714 4166 antiqui
735 4102 827 4167 poetae
846 4113 936 4147 sersus
957 4115 970 4144 a
991 4106 1080 4166 nostro
1100 4093 1236 4146 laudatus.

1036 4200 1060 4291 4
