3382 5206
734 498 880 547 zenon}
904 494 976 545 Vlll.

618 739 717 814 vm.
741 734 811 841 or
839 733 1056 812 nourna.

322 904 428 1071 De
452 991 598 1062 nomine
625 986 834 1059 breviariam
863 985 1049 1085 epitomem
1066 983 1261 1089 editurus,
1288 945 1342 1063 iii·

321 1142 443 1214 rogare
463 1113 559 1214 prius
585 1112 698 1184 debeo
723 1111 1050 1211 querimonantibus
1076 1111 1209 1208 quade
1235 1141 1341 1187 causa

323 1267 456 1315 nomen
483 1237 649 1312 omnibus
676 1235 835 1335 partibus
861 1234 1048 1308 latinitatis
1075 1236 1270 1332 praelatum
1295 1240 1342 1311 sit

322 1384 388 1441 etc.
422 1364 565 1439 Nomen
598 1359 798 1434 seeundum
832 1384 977 1431 sensum
1009 1358 1226 1459 principium
1258 1381 1342 1452 est,

321 1517 396 1565 non
428 1487 631 1562 seeundum
663 1483 946 1585 appellationem.
977 1479 1074 1555 Cum
1106 1485 1201 1557 enim
1233 1487 1344 1559 nasci·

322 1631 384 1690 tur
410 1616 541 1701 bomo,
567 1627 648 1682 ante
674 1635 781 1708 quam
808 1633 884 1680 rem
910 1607 1062 1704 aliquam
1081 1625 1180 1706 agat,
1208 1637 1341 1682 nomen

323 1739 374 1812 illi
401 1736 561 1810 inditur:
588 1761 718 1807 nomen
746 1760 829 1830 ergo
855 1733 1063 1833 principalis
1089 1764 1167 1834 pars
1193 1739 1343 1812 latinita-

322 1867 366 1938 tis
393 1880 455 1936 est.
484 1859 645 1955 Qualitas
671 1858 858 1931 nominum
883 1885 957 1930 non
984 1858 1174 1958 bipertita,
1202 1879 1244 1934 ut
1263 1864 1340 1963 qui·

322 1991 404 2063 dam
430 2003 579 2075 rentur,
607 1983 667 2056 sed
693 1980 924 2081 multipertita
946 2000 1019 2078 est3
1045 1984 1146 2055 variis
1168 1984 1344 2084 siquidem

321 2131 358 2187 et
383 2111 500 2185 multis
528 2108 689 2182 consistit
719 2105 915 2206 speciebus.
943 2104 1120 2180 Nonnulli
1146 2126 1268 2182 tamen
1296 2110 1340 2183 de

321 2234 472 2336 propriis
499 2250 536 2305 et
560 2229 777 2332 appellativis
800 2228 1008 2302 nominibus
1032 2230 1342 2329 quaestionantur‚

323 2357 423 2459 quasi
442 2356 625 2457 proprium
645 2354 690 2426 sit
709 2353 852 2453 aliquod
876 2379 1006 2425 nomen
1024 2350 1187 2426 latinum.
1210 2353 1343 2429 Omnia

322 2480 564 2571 latina,immo
577 2476 697 2552 omnia
711 2476 842 2575 phone,
860 2475 908 2547 ita
924 2474 1075 2548 invicem
1091 2504 1223 2549 conexa
1240 2496 1345 2569 sunt,

324 2619 365 2678 ut
391 2603 559 2706 quodque
589 2602 685 2674 sicut
708 2598 809 2672 alteri
836 2599 927 2687 erit,
955 2597 1003 2670 ita
1029 2599 1072 2671 ab
1098 2599 1207 2673 altero
1233 2603 1347 2700 appel·

321 2728 424 2802 letur.
452 2725 651 2824 Proprietas
678 2724 765 2795 duas
791 2751 848 2794 res
875 2722 1076 2819 significat,
1103 2740 1164 2796 aut
1190 2726 1345 2823 speciali-

322 2867 451 2941 tatem,
468 2867 529 2925 aut
548 2850 764 2950 propriorem
784 2847 963 2922 ordinem:
975 2847 1107 2945 proprii
1127 2849 1225 2922 enirn
1244 2870 1342 2925 recte

322 2977 493 3051 dicuntur
513 2976 576 3077 qui
598 2977 634 3047 in
658 2973 845 3073 primordio
867 2971 1081 3046 scribuntur.
1103 2971 1213 3046 Unde
1231 2993 1267 3047 et
1286 2974 1345 3048 Ci-

326 3128 406 3174 cero
434 3100 480 3173 de
502 3101 663 3176 Iustino:
689 3113 714 3144 ‘⁶
744 3101 793 3171 ita
809 3097 881 3169 luit
907 3094 1087 3184 lustinus,
1107 3114 1166 3168 aut
1181 3098 1348 3197 proprius

325 3225 485 3300 omnium
499 3255 576 3299 sese
593 3225 767 3312 obsedit„
781 3225 850 3296 lroc
863 3238 914 3294 est
930 3222 1066 3320 primus
1081 3222 1249 3296 omnium
1263 3220 1347 3296 Pro·

324 3350 443 3448 prium
468 3377 625 3437 nomen,
655 3346 862 3447 primarium
882 3345 1076 3417 dicendum
1103 3362 1158 3418 est
1183 3362 1249 3418 etc.
1276 3345 1347 3445 Ap

322 3473 482 3574 pellatira
502 3492 621 3546 autem
641 3473 785 3546 nomina
804 3468 1029 3542 multissimas
1050 3468 1183 3569 species
1210 3469 1345 3541 habent

324 3643 332 3657 ·
359 3643 366 3659 ·
394 3643 401 3655 ·
429 3596 532 3697 lapis
554 3627 595 3670 er
615 3626 687 3697 quo
709 3597 814 3695 babes
841 3591 1060 3691 lapiculum,
1088 3591 1219 3664 ostium
1242 3593 1344 3666 ostio-

321 3724 423 3823 lum,
453 3723 601 3820 llagrum
628 3719 829 3819 flagellum:
856 3718 1002 3818 quidam
1024 3717 1160 3791 addunt
1181 3746 1219 3789 ·r·
1239 3735 1279 3791 ut
1301 3718 1348 3791 sit

323 3851 494 3944 fragrurn:
506 3875 588 3920 nam
602 3848 773 3942 flagrum,
794 3841 892 3942 quod
909 3842 1028 3938 flagrat
1043 3840 1163 3913 odore.
1180 3840 1259 3914 Sed
1272 3870 1347 3915 non

320 3971 423 4046 facite
451 3972 655 4045 ereduntur.
685 3971 740 4046 Ut
758 3985 876 4040 autem
899 3964 1025 4038 Cicero
1046 3964 1180 4037 solebat
1201 3965 1343 4056 dicere,
