3382 5206
410 566 461 661 54
776 593 925 642 urrerem
946 595 995 641 111.

377 703 526 800 sedeos'3
553 701 720 774 dormiam
742 756 751 789 ‚
773 699 885 772 dormi
907 718 941 774 et
959 703 1130 782 dormias:
1153 709 1279 805 pariter
1299 737 1391 783 com-

378 823 479 895 muni
504 838 540 895 et
564 819 780 920 deponenti,
798 819 920 920 loquar
936 878 946 910 ‚
965 822 1106 921 loquere
1131 825 1185 897 vel
1210 825 1360 926 loquaris
1380 858 1391 922 ;

379 943 532 1041 glorier,
556 941 700 1040 gloriare
720 940 774 1013 vel
802 941 954 1039 glorieris
976 973 985 1037 3
1006 944 1126 1016 horter
1143 1002 1152 1033 ‚
1172 946 1310 1018 hortare
1336 947 1391 1019 vel

377 1064 550 1139 honeris.
577 1060 624 1135 Et
651 1062 688 1134 in
714 1063 832 1135 futuro
858 1080 1015 1164 tempore
1042 1063 1197 1136 eiusdem
1222 1067 1315 1138 modi
1341 1066 1390 1137 sic

377 1186 525 1260 hebetur
550 1241 560 1273 ‚
587 1182 726 1256 laudem
751 1241 760 1273 ‚
782 1183 921 1257 laudato
949 1201 982 1256 et
1009 1184 1130 1257 laudes
1154 1215 1164 1281 3
1193 1187 1302 1257 etsie
1329 1215 1391 1285 per

379 1322 495 1380 cetera
519 1304 632 1378 verba.
659 1301 735 1376 Hoc
762 1321 883 1376 utrum
908 1304 952 1376 sit
977 1305 1109 1378 ratione
1135 1305 1281 1404 plenum
1305 1332 1388 1394 ‚on

377 1422 723 1498 consuetudinarium
741 1479 750 1511 ‚
765 1422 870 1495 immo
898 1423 1010 1522 potius
1036 1423 1198 1496 vitiosum
1214 1483 1223 1511 ‚
1237 1423 1317 1497 nolo
1332 1454 1389 1497 au·

376 1544 509 1618 daciter
529 1542 726 1614 discernere
740 1572 750 1638 3
765 1542 846 1641 quia
873 1543 935 1614 etsi
961 1570 1025 1614 nos
1051 1571 1123 1615 non
1149 1545 1334 1616 habeamus
1352 1545 1388 1616 in

377 1693 443 1739 usu
461 1722 470 1754 ‚
487 1665 542 1736 vel
560 1662 800 1735 declinationis
813 1662 918 1760 ipsius
931 1664 984 1735 vcl
1004 1664 1194 1736 celebrium
1208 1681 1390 1736 auctorum

378 1803 472 1859 certe
498 1812 572 1855 rara
599 1781 746 1854 lectione
766 1782 958 1872 docemur,
985 1811 1057 1856 non
1077 1812 1186 1883 usque
1206 1783 1291 1855 adeo
1312 1813 1389 1855 ren·

377 1931 487 1977 nuere
504 1902 555 1991 ‚si
581 1903 669 1973 forte
698 1901 880 1997 contigerit
907 1903 1052 2000 primam
1080 1930 1262 2000 personam
1279 1902 1316 1973 in
1336 1930 1389 1973 su-

377 2050 438 2121 pro
463 2037 654 2093 memorale
680 2019 828 2091 inveniri
855 2020 968 2093 modo.

458 2142 515 2214 23.
544 2138 621 2210 Alio
654 2139 808 2237 quucslio
840 2156 891 2210 est
923 2166 1012 2238 quac
1040 2138 1207 2236 quosdam
1234 2153 1345 2209 morel
1378 2194 1387 2223 ,

376 2259 552 2360 quomodo
577 2260 674 2357 quasi
699 2258 851 2330 confusis
878 2258 933 2330 vel
962 2257 1156 2331 commixtis
1179 2257 1290 2329 modis
1316 2257 1390 2327 iusi-

376 2381 507 2453 nitivus
533 2380 721 2452 indicativo
742 2378 795 2449 vel
814 2377 964 2476 oplalivo
981 2377 1210 2475 orliungilur,
1233 2404 1390 2449 necnon

378 2517 413 2572 et
438 2498 663 2571 coniunclivo
683 2502 740 2597 (a).
760 2495 822 2568 Sic
851 2496 947 2568 enim
968 2497 1096 2584 habes,
1122 2498 1202 2568 dieo
1225 2495 1336 2582 dicis,
1354 2513 1389 2564 al

375 2621 490 2692 dicere
518 2618 569 2689 vel
597 2617 700 2705 dicit,
722 2617 869 2688 dicimus
895 2617 1008 2688 dicitis
1034 2617 1157 2689 dicunt
1183 2617 1235 2688 rel
1262 2616 1386 2687 dicero.

375 2739 548 2838 Tempore
569 2741 687 2811 lulum
708 2738 820 2809 dicam
843 2737 936 2809 dices
956 2737 1008 2807 vcl
1030 2736 1144 2809 dicere
1170 2793 1179 2825 ,
1201 2736 1291 2807 dicet
1310 2793 1319 2822 ‚
1340 2734 1388 2804 di-

376 2861 487 2933 cimus
508 2859 662 2931 dicemus
682 2858 803 2929 dicelis
823 2857 939 2929 dicent
962 2874 993 2928 et
1015 2857 1128 2927 dicere
1141 2856 1257 2927 (licant
1273 2856 1325 2926 vel
1342 2855 1389 2924 dr-

375 3006 464 3055 eere.
487 2977 651 3076 Oplolivo
675 3006 814 3076 quoque
842 2976 944 3048 modo
969 3034 978 3065 ‚
1006 2977 1142 3048 utinam
1167 2976 1319 3047 dicerem
1340 2975 1390 3046 di·

375 3127 470 3172 ceres
495 3099 549 3171 vel
582 3098 707 3170 dicere.
737 3096 913 3169 Futurum
939 3155 947 3184 ‚
983 3098 1118 3168 uliuom
1149 3097 1264 3169 dicum
1294 3096 1388 3168 dicas

307 3314 310 3323 Ι
374 3220 428 3293 vel
461 3219 612 3308 dicere,
646 3219 762 3290 dicant
790 3217 844 3289 vel
870 3219 997 3290 dicere.
1027 3214 1117 3288 llcin
1148 3245 1230 3289 cum
1261 3217 1390 3289 diecre-

375 3371 452 3417 mus
484 3343 645 3415 diceretis
676 3342 832 3414 dicerent
865 3341 917 3411 vel
952 3340 1098 3414 dicero:
1131 3357 1164 3412 cl
1190 3340 1226 3411 in
1256 3343 1389 3437 passivo

374 3467 479 3538 verbo
510 3463 631 3536 iisdem
662 3462 771 3534 modis
798 3461 965 3559 scriplum
993 3461 1167 3533 irwenilur
1198 3461 1322 3535 dicere.
1344 3460 1390 3532 Et

375 3587 453 3659 ideo
484 3585 666 3683 requirunt
704 3611 791 3682 quae
829 3583 871 3654 sil
909 3583 1107 3653 huiusmodi
1141 3584 1226 3655 ratio
1257 3641 1266 3670 ‚
1300 3611 1388 3682 quae

374 3706 587 3779 infinitivum
621 3704 767 3777 modum
798 3721 865 3776 [am
899 3703 1071 3775 mobililer
1105 3720 1281 3775 convertat
1311 3762 1320 3792 ,
1355 3721 1387 3776 el

375 3852 437 3924 per
464 3849 566 3895 omne
594 3824 737 3895 verbnm
764 3823 992 3896 circuml'crul.
1022 3821 1159 3914 Quibus
1181 3823 1389 3894 ralioncma

374 3942 561 4017 maioribus
596 3942 722 4015 nostris
757 3943 915 4014 {ruditum
948 3970 987 4014 oe
1022 3959 1238 4040 pracceptum
1271 3943 1391 4015 redde·

447 4097 483 4158 (a)
500 4103 530 4145 Co
538 4097 554 4138 l·
565 4114 604 4140 con
616 4110 744 4141 :sucinoru-
