3382 5206
360 598 426 673 156

324 738 422 783 ceteras
440 729 541 784 vocales
563 726 643 789 alias.
671 729 695 782 si
714 728 745 783 ·i·
770 727 811 785 rel

331 834 369 869 ιιι·
385 817 490 872 litterae
500 818 529 871 in
538 816 640 887 syllabr
652 834 699 871 sua
712 834 818 889 praepo·

326 914 442 962 uantur.
457 905 511 959 rim
523 905 723 958 consonantium
735 902 814 955 lrabe-

326 1008 355 1044 re
374 991 540 1046 indicantur:
553 995 576 1046 si
595 1010 656 1048 vero
676 990 814 1045 subiciun-

328 1086 391 1137 tur·
404 1079 534 1134 vocalium
547 1079 605 1134 loco
616 1080 771 1148 iunguntur.

400 1270 443 1307 to·
462 1270 497 1307 b!
517 1268 745 1312 ΒΙΙΝΟΕᾸΒῙΙΠΕ·

327 1369 524 1484 Semivocaler
548 1427 749 1484 consonantium
767 1426 815 1478 lit-

326 1524 397 1568 terae
415 1526 477 1570 suot
501 1534 608 1571 numeru
625 1527 734 1585 septem.
759 1513 814 1564 llae

295 1649 297 1653 ,
326 1601 471 1653 secundum
490 1604 615 1656 musicam
629 1601 755 1655 rationem
769 1616 814 1670 per

327 1702 356 1738 se
366 1686 539 1758 proferuntur
550 1690 616 1746 ‚lruc
625 1701 665 1743 est
679 1699 710 1740 ot
723 1686 757 1739 ad
770 1705 813 1740 vu·

327 1773 480 1829 cabulasua
491 1778 589 1830 nullius
610 1775 732 1832 vocabuli
751 1790 816 1842 ege-

327 1870 375 1914 ant
390 1861 531 1921 societate,
546 1874 577 1917 ut
591 1862 610 1914 f.
620 1863 638 1915 l.
646 1881 681 1914 ιιι.
691 1882 717 1915 ιι.
725 1881 746 1914 ι.
754 1880 775 1915 s.
784 1879 811 1912 x·

326 1946 363 1999 At
373 1965 434 2001 vero
444 1949 588 2001 secuudum
600 1960 683 2002 metra
692 1948 776 2000 latina
787 1956 815 2000 et

326 2045 519 2087 structurarum
538 2037 665 2090 rationem
682 2035 816 2090 subiectae

322 2121 457 2176 vocalibus
470 2125 575 2177 nomina
586 2143 634 2178 sua
643 2125 774 2180 efficiunt.
784 2133 816 2177 ut

325 2207 359 2261 ef.
377 2208 410 2263 el.
427 2226 476 2262 eru.
490 2228 534 2263 en.
548 2229 584 2264 er.
596 2229 632 2265 es·
644 2230 691 2271 ex.
708 2211 756 2265 sed
769 2229 815 2282 per

321 2312 350 2348 se
367 2296 495 2365 syllabam
511 2297 595 2351 iacere
612 2317 664 2352 nou
685 2308 811 2369 possuntt

322 2387 424 2440 scilicet
444 2387 571 2456 quoniam
586 2388 752 2441 semivocales
769 2387 814 2438 lit·

323 2477 428 2531 teraesi
445 2478 512 2532 iuter
529 2495 557 2531 sc
575 2479 750 2534 misceantur.
768 2494 812 2529 so·

323 2581 386 2616 num
407 2565 524 2635 syllabae
541 2565 626 2620 facere
642 2584 695 2618 non
718 2580 812 2635 reppe-

322 2653 428 2708 riantur
438 2692 445 2713 ‚
462 2665 492 2707 ut
502 2666 578 2727 puta·
587 2657 613 2709 ss·
625 2673 672 2709 ms.
680 2674 719 2708 rx·
730 2672 772 2707 ns:
784 2663 811 2706 et

324 2742 384 2797 ideo
398 2754 428 2798 ut
447 2744 561 2800 diximus
580 2764 628 2818 per
651 2764 679 2799 se
703 2745 809 2799 seurivo

286 2830 290 2840 '
322 2831 391 2904 cales
402 2832 536 2902 syllabam
558 2833 643 2887 lacere
670 2851 723 2886 uon
745 2849 809 2903 pos·

322 2928 393 2970 sunt.
422 2920 462 2973 Ea
487 2920 530 2975 his
553 2932 641 2975 autem
669 2919 696 2973 id
716 2930 757 2973 est
775 2937 808 2972 ex

323 3005 524 3060 semivocalibus
536 3042 545 3066 .
556 3026 593 3060 01·
610 3008 701 3062 littera
713 3009 810 3081 duplex

321 3095 354 3165 ¹iu
370 3097 481 3157 metris,
508 3099 564 3152 sive
584 3101 744 3158 structuris,
769 3100 814 3152 iu·

323 3183 444 3243 dicatur.
460 3187 482 3239 si
499 3186 607 3257 quidem
624 3189 815 3255 geminataruna

322 3271 416 3326 barum
435 3277 639 3330 consonantium
648 3295 713 3331 sono
726 3278 817 3345 iunga-

324 3369 384 3418 tur.
401 3361 429 3414 id
449 3373 489 3415 est
512 3382 548 3432 gs.
566 3375 613 3417 aut
636 3382 692 3422 cs·.
708 3376 740 3418 ut
758 3383 818 3422 rear

321 3459 349 3501 et
362 3467 433 3517 vegs,
445 3449 506 3521 pia,
520 3461 547 3503 ct
561 3451 625 3523 pica.
642 3452 719 3506 Nunc
734 3453 816 3506 etiam

322 3538 372 3594 boc
394 3540 470 3593 iusta
490 3541 594 3609 aliquos
618 3539 813 3611 reprehenden-

322 3627 385 3678 dum
410 3637 478 3683 est.
515 3626 588 3696 quod
618 3624 682 3679 huie
709 3626 811 3697 duplici

321 3714 454 3773 litterae.
484 3714 511 3766 id
543 3726 583 3769 est
602 3735 638 3768 ·x.
666 3715 700 3770 ad
725 3733 814 3768 exem·-

320 3802 394 3874 plum
410 3801 559 3871 genetivum
575 3820 662 3857 casum
673 3803 814 3858 videantur

321 3887 441 3944 subioere
462 3927 469 3948 .
495 3901 527 3944 ut
545 3902 611 3962 puts
638 3909 684 3945 rex
717 3892 786 3959 regis
807 3929 816 3952 .

246 4003 248 4006 ·
320 3979 367 4051 pix
398 3979 482 4049 picis,
506 3980 618 4050 quoda
649 3980 754 4034 ratione
775 4000 810 4033 ·x.

318 4067 424 4124 litterae
437 4105 445 4128 ‚
461 4086 530 4142 quae
554 4068 650 4141 duplex
666 4079 722 4128 est·
734 4069 810 4138 longe

601 611 858 674 delllld'l'lCllS
883 620 1084 673 vlttcltttts

864 726 977 780 alienum
993 745 1050 783 esse
1065 725 1197 783 vidertur·
1213 725 1249 778 At
1258 723 1288 778 in
1299 724 1351 777 troc

865 818 970 870 nomine
990 837 1043 871 uon
1062 829 1103 872 est
1121 814 1205 870 simile
1219 813 1282 866 huie
1296 823 1353 867 tra·

865 906 950 959 curui
965 939 972 963 .
989 906 1062 976 quud
1080 916 1120 960 est
1139 904 1185 957 nix
1199 898 1291 957 nivis?

1008 1097 1047 1134 tt·
1063 1095 1098 1133 b}
1118 1094 1214 1133 ssll'lld·

866 1195 990 1306 Mutae
1019 1253 1219 1307 consonantium
1248 1252 1353 1306 litterae

865 1351 928 1395 sunt
941 1360 1048 1396 nurnero
1062 1360 1165 1397 novem.
1177 1343 1233 1395 llae
1247 1359 1295 1394 nec
1304 1360 1351 1413 per

864 1448 892 1484 se
904 1431 1089 1502 proteruntur.
1101 1450 1187 1501 neque
1202 1449 1247 1503 per
1259 1449 1287 1484 se
1298 1432 1351 1500 syl·

864 1513 952 1567 labam
971 1515 1056 1570 facere
1071 1527 1188 1588 possunt·
1204 1518 1254 1568 Per
1264 1533 1293 1568 se
1301 1515 1352 1567 hue

864 1622 917 1656 uon
940 1605 1125 1675 proluuntur.
1143 1606 1166 1657 si
1179 1605 1287 1676 quidem
1302 1623 1352 1658 vo-

864 1692 966 1746 calibus
980 1693 1077 1747 litteris
1094 1692 1220 1746 subiectis
1243 1692 1281 1744 sic
1303 1709 1353 1744 no·

864 1781 936 1834 mina
948 1799 995 1834 sua
1007 1781 1140 1837 definiunt
1154 1818 1162 1838 .
1184 1793 1215 1835 ut
1230 1792 1296 1852 puta
1309 1780 1352 1833 be.

864 1868 1353 1941 ωὼμηημῳωω

866 1975 894 2011 se
918 1968 1005 2010 autem
1029 1956 1158 2027 syllabam
1189 1956 1273 2009 facere
1299 1974 1353 2008 non

865 2045 1126 2117 possunt‚.seilieet‚
1150 2044 1277 2113 quoniam
1293 2061 1354 2094 mu-

864 2144 908 2188 tae
925 2133 1032 2187 litterae
1049 2134 1072 2187 si
1091 2133 1161 2186 inter
1175 2151 1202 2186 se
1224 2132 1355 2184 miscean-

865 2238 925 2282 tur.
945 2240 1036 2277 sonum
1056 2221 1173 2291 syllabae
1194 2220 1278 2273 lacere
1301 2236 1354 2273 nou

864 2312 1064 2383 repperiuntur.
1081 2320 1111 2362 ut
1120 2321 1195 2380 putu·
1206 2309 1249 2360 bc.
1261 2313 1302 2379 dg.
1313 2307 1353 2362 tl.

863 2417 908 2469 pq·
930 2411 958 2452 et
981 2408 1066 2450 cetera
1085 2396 1159 2449 talia.
1184 2397 1260 2448 Nunc
1278 2406 1306 2449 et
1326 2396 1354 2448 iu

862 2485 904 2538 his
933 2484 1014 2538 mutis
1039 2499 1216 2554 supervacuae
1238 2483 1354 2552 quibus·

861 2575 921 2627 dam
946 2572 983 2624 a.
1011 2583 1039 2626 et
1063 2591 1100 2643 ·q·
1120 2571 1228 2625 litterae
1251 2573 1354 2643 positae

860 2679 915 2716 esse
924 2661 1063 2717 videntur,
1076 2659 1149 2729 quod
1161 2660 1253 2712 dicant
1263 2677 1297 2710 ·c·
1308 2660 1354 2714 lit·

860 2759 943 2802 teram
951 2746 1093 2798 earundem
1106 2745 1191 2799 locum
1201 2764 1276 2817 posse
1285 2763 1356 2800 corn-

859 2836 942 2907 plere.
953 2845 982 2888 ut
997 2846 1062 2906 puta
1071 2870 1078 2891 ‚
1088 2833 1220 2901 Carthago
1230 2852 1277 2906 pto
1289 2836 1354 2887 liar·

860 2926 950 2992 thago·
963 2924 1039 2977 Nunc
1057 2922 1108 2975 hoc
1120 2920 1218 2975 vitium
1238 2923 1290 2976 etsi
1311 2923 1353 2977 fe-

862 3012 971 3066 rendum
982 3020 1061 3082 puto.
1073 3020 1189 3062 attamen
1200 3029 1352 3081 proquam.

865 3101 926 3169 quis
945 3097 1045 3166 estqui
1063 3097 1194 3150 sustineat
1216 3095 1357 3153 cuamlEt

868 3187 927 3241 ideo
948 3204 999 3240 non
1015 3194 1084 3237 recte
1100 3184 1150 3236 hae
1166 3184 1271 3237 litterae
1291 3185 1356 3254 qui-

866 3277 978 3332 busdum
998 3289 1174 3346 supervacuae
1197 3275 1359 3328 constitutae

867 3381 923 3417 esse
936 3363 1070 3417 videntur.
1083 3364 1148 3414 ltem
1160 3379 1193 3414 cx
1204 3361 1286 3414 isdem
1301 3379 1358 3412 mu·

866 3453 901 3504 tis
911 3449 950 3502 ·la·
958 3449 1126 3521 aspirationis
1136 3459 1239 3504 nutam,
1250 3466 1303 3501 aon
1314 3448 1357 3500 lit·

866 3549 947 3591 teram
958 3573 965 3594 ,
978 3553 1035 3588 esse
1045 3535 1281 3590 existimaverunt.
1296 3551 1358 3589 euna

866 3637 893 3679 et
903 3625 984 3683 hacc,
998 3624 1078 3677 sicuti
1090 3633 1191 3680 cetera.
1206 3634 1306 3676 certum
1316 3642 1357 3677 so·

864 3733 927 3767 num
940 3714 1054 3766 retincat
1063 3712 1203 3784 potestatis
1220 3729 1301 3768 suae.
1325 3723 1358 3766 ut

862 3813 945 3874 puta,
964 3802 1057 3856 lruuos.
1067 3801 1264 3870 Numquidnam
1273 3818 1338 3855 onos
1348 3837 1357 3859 ,

864 3901 1006 3964 autcetera
1021 3885 1102 3943 talia?
1111 3892 1146 3942 Et
1158 3889 1215 3942 ideo
1228 3884 1278 3940 boc
1287 3906 1359 3957 quo·

862 3999 914 4051 que
924 3999 977 4034 non
987 3991 1056 4033 recte
1069 3978 1233 4033 existimasse
1242 3978 1356 4033 notandi

860 4069 1013 4124 suntNuuc
1023 4067 1161 4138 quaeritur
1170 4067 1355 4124 detonsoaan·
