3382 5206
384 540 450 637 39²
673 568 701 614 s.
727 567 917 617 neuuorcrr
945 571 1055 617 cnrsrr

357 694 502 740 annuens
513 671 669 739 voluntati
684 672 825 742 libenter
839 679 966 764 excepi,
981 692 1014 741 et
1026 674 1231 767 breviloquio
1242 679 1276 742 in
1287 700 1382 766 prae-

356 779 438 845 senti
452 778 605 868 opusculo
623 779 773 864 studens,
791 781 924 848 heroico
941 798 973 846 te
992 781 1089 849 melle
1108 805 1236 870 pascere
1257 785 1379 870 cupio,

358 903 392 949 ut
411 884 567 973 paulatim
581 884 622 950 ad
636 889 713 953 artis
727 910 872 952 amorem
889 886 1070 965 adducam
1095 888 1174 956 nesi
1192 887 1286 977 plura
1304 888 1380 975 pri-

356 992 452 1057 mitus
475 993 512 1055 in
531 1016 564 1057 os
583 990 747 1059 tendendo
771 1010 937 1076 retexero,
959 991 1127 1082 pluralitas
1146 991 1311 1061 fastidium
1326 991 1378 1056 sa-

355 1098 441 1178 ciat,
463 1093 627 1162 festidium
644 1097 841 1165 desiderium
860 1096 962 1166 tollat.
979 1100 1067 1189 Ergo
1083 1097 1172 1188 quod
1190 1098 1380 1187 probatissi-

358 1224 448 1266 mum
464 1202 570 1270 habeo
589 1204 752 1270 succincta
772 1206 999 1294 supputatione
1022 1205 1216 1293 perstrinxi3
1239 1221 1276 1267 ut
1296 1202 1378 1267 dum

358 1311 416 1374 ista
440 1332 538 1397 opere
563 1307 777 1400 liquidissimo
801 1336 877 1376 vera
902 1335 970 1377 esse
994 1312 1209 1401 probaveris,
1234 1307 1378 1399 plurima

357 1392 440 1506 quad
463 1433 603 1500 restant,
623 1418 785 1486 ardentius
802 1435 898 1508 atque
918 1417 1100 1509 diligentius
1121 1419 1306 1509 assequaris.

736 1630 761 1693 l.
787 1653 830 1697 ne
856 1650 990 1707 cartre.

355 1767 416 1906 Si
439 1855 537 1927 caput
560 1839 741 1907 innumeris
763 1841 902 1929 agitatur
924 1838 1070 1928 pulsibus
1094 1861 1249 1929 aegrum,

355 1942 405 2009 Ac
428 1944 634 2009 circumflexo
656 1944 809 2010 turbatur
827 1943 975 2032 pondere
994 1941 1163 2033 quodam,

355 2046 506 2114 Protinus
525 2072 562 2133 ex
582 2045 723 2113 hederae
742 2047 873 2112 studeas
896 2046 1053 2113 redimire
1079 2071 1210 2114 corona.
1268 2115 1271 2118 ,

357 2156 426 2220 Tus
448 2178 578 2249 quoque
603 2179 677 2222 cum
698 2153 769 2219 diro
792 2152 941 2220 libanum
965 2151 1136 2243 copulatur
1155 2169 1255 2219 aceto.

356 2260 495 2353 Myrrha
518 2264 616 2328 etiam
636 2259 764 2352 liquido
783 2261 907 2348 pariter
928 2262 1071 2326 sociatur
1093 2259 1209 2342 olivo,

355 2368 397 2436 Et
420 2367 590 2458 cephalota
611 2366 708 2436 simul
733 2367 869 2435 celebris
894 2391 968 2433 cum
987 2365 1053 2433 sale
1074 2369 1196 2434 savina.

352 2477 431 2541 Pars
452 2491 561 2540 tamen
586 2500 623 2541 cx
642 2478 711 2564 ipso
731 2476 877 2571 quatitur
896 2476 921 2540 si
943 2476 1071 2541 concita
1095 2476 1237 2557 morbo,

353 2577 461 2668 Talpc
482 2581 591 2669 vigens
612 2581 758 2668 capitur,
782 2578 888 2646 oleum
913 2603 1011 2668 quam
1032 2595 1215 2668 concoquat
1234 2602 1355 2662 omne,

357 2685 400 2750 Et
422 2700 570 2773 caputet
592 2681 687 2752 facies
710 2683 846 2750 linietur
870 2685 1016 2775 unguine
1040 2681 1079 2748 de
1103 2708 1168 2773 quc
1184 2682 1244 2768 (r).

633 2897 676 2961 ΙΙ.
701 2918 744 2963 ue
768 2917 924 2965 uuurrum
948 2915 1090 2962 uouonn.

359 3035 433 3173 At
454 3109 480 3174 si
500 3105 695 3195 multiphagi
718 3106 911 3196 quatiuntur
935 3103 1066 3169 turbine
1090 3100 1228 3181 dentes,

354 3212 595 3304 symphoniaca
616 3210 726 3278 valens
744 3211 905 3299 premitur
925 3232 1000 3274 eum
1014 3205 1131 3297 pollice
1152 3204 1263 3271 denti:

355 3321 504 3387 Protinus
525 3345 562 3386 ex
584 3320 651 3407 ipso
677 3315 812 3382 rabidus
836 3314 930 3382 dolor
952 3315 1055 3381 omnis
1079 3312 1193 3377 abibit.

355 3425 406 3493 Ne
428 3424 543 3516 glutias
563 3443 673 3491 tamen
695 3422 879 3505 admoneo,
904 3423 979 3511 quia
1000 3417 1123 3509 perlida
1143 3417 1239 3506 pestis

352 3530 487 3621 Sumpta
509 3530 595 3618 rapit
616 3553 771 3612 sensnm,
795 3529 922 3615 capitur
941 3525 1032 3616 quasi
1054 3524 1166 3589 mortis
1189 3521 1307 3612 imago.

204 3656 306 3710 *cota
351 3635 484 3703 sivero
509 3636 639 3703 insanus
659 3650 770 3725 guttur
789 3631 876 3719 rapit
901 3647 932 3696 et
955 3629 1059 3719 quatit
1079 3629 1099 3667 ⁴
1122 3627 1257 3717 algens,

205 3730 301 3782 ‘'mm'‘
354 3739 457 3808 Sistcr
475 3741 537 3807 erit
558 3755 652 3830 potus
667 3787 678 3825 ,
694 3759 828 3828 unguen
850 3732 1014 3802 medicina
1033 3730 1183 3796 salubris.

437 3966 479 4038 (r)
498 3965 541 4021 Sic
560 3915 628 4020 inira
645 3981 703 4036 cap·
722 3959 822 4024 XXqu
840 3979 866 4017 r·
884 3957 924 4017 13·
943 3967 1027 4013 cessat
1049 3972 1138 4012 versus
1155 3957 1184 4008 in
1204 3972 1271 4028 quc.
