3382 5206
672 571 716 618 υι
744 570 1003 624 ammom.
1269 547 1319 655 95

332 745 357 777 „
387 704 485 760 terna
498 683 637 757 flumen
649 681 771 753 sontes
782 679 911 753 [ronda
929 709 971 754 ex
984 707 1057 755 una
1068 682 1234 756 undatim
1245 682 1347 760 datu·

329 864 354 896 ‚‚
381 806 413 879 ri
433 830 543 905 aepna
563 827 704 902 semper
723 816 805 875 atur
833 799 927 900 aspir
949 801 1056 874 annis
1082 805 1252 919 peremnis
1270 833 1346 881 rec-

329 986 355 1019 „
382 928 429 1001 'tia
448 955 487 1000 ra
506 951 644 1025 perque
671 939 752 996 tura
777 921 986 1020 toregmatia
1010 950 1136 1023 magna
1160 924 1197 997 di
1221 926 1343 1000 decies

327 1105 354 1137 „
380 1047 476 1121 dena
495 1043 692 1119 dilfenaum
712 1069 820 1143 quam
829 1041 946 1142 possit
956 1043 1066 1118 malos
1091 1044 1277 1119 minuatur
1294 1048 1341 1147 (a)

328 1225 354 1259 ‚‚
379 1164 513 1241 atrocis
526 1191 612 1238 aevo
629 1190 694 1236 seu
705 1162 813 1260 igneo
829 1163 878 1263 (b)
893 1164 1069 1264 nymphae
1086 1165 1248 1263 neganda
1263 1194 1345 1264 gna·

327 1344 354 1376 „
381 1314 422 1359 ro
434 1285 478 1359 ab
487 1282 645 1381 ignando
659 1281 776 1380 gnaris
789 1282 833 1355 ab
847 1282 1008 1380 gelandia
1020 1283 1054 1356 ·i·
1066 1300 1101 1357 et
1114 1313 1156 1358 ·0·
1165 1285 1342 1388 lectisque

327 1403 439 1494 „lux
466 1429 528 1475 oro
555 1400 629 1473 suis
653 1399 762 1487 ,solim
788 1399 828 1472 in
854 1399 986 1474 throno
1013 1400 1111 1476 trino
1139 1432 1214 1478 uno
1242 1406 1342 1479 omni

328 1581 354 1614 ,,
380 1521 533 1623 praesim
545 1519 688 1620 potenti
699 1517 780 1592 Deo
798 1519 907 1617 digna
921 1548 1032 1618 regna
1049 1541 1241 1620 regnaturo
1262 1525 1342 1598 toni
1432 1530 1436 1537 '

327 1701 355 1734 ‚‚
378 1669 444 1743 per
465 1656 596 1715 cuncta
617 1656 836 1714 cunctorum
854 1656 1004 1714 aeterno
1025 1669 1111 1716 aevo
1133 1671 1171 1717 aa
1191 1645 1278 1719 andi
1291 1648 1340 1748 (c)

328 1820 356 1853 ‚‚
382 1759 523 1836 saecula
553 1816 588 1850 „.

363 2023 500 2075 anuum
517 2025 565 2072 aas
582 2022 768 2086 Quanam
787 2023 928 2072 amoma
946 2024 1116 2077 ama-roua
1136 2031 1307 2084 raucam

578 2138 605 2189 A
625 2115 675 2216 (d)
699 2112 850 2192 Samma
868 2143 1087 2196 masamma.

404 3901 441 3964 (a)
459 3905 515 3954 eod,
531 3906 669 3949 manniatur.
702 3903 740 3964 (b)
756 3906 812 3955 cod.
828 3907 901 3963 ἐμά·
916 3924 951 3951 ιο.
984 3908 1020 3971 (c)
1038 3913 1080 3955 Pro
1096 3906 1172 3960 aute?
1204 3909 1246 3977 (d)
1264 3918 1332 3962 Deest

327 3986 467 4042 prnpoastio
482 3982 509 4027 A
524 3986 547 4026 in
563 3983 647 4028 codice.
664 3982 805 4030 vocabulum
821 3994 899 4030 autam
915 3984 1016 4032 Satara
1032 3988 1181 4049 pupienum
1199 3998 1243 4035 ut.
