3382 5206
609 629 839 683 oamnsmcn
862 632 908 680 rr
931 630 1097 680 sturmen.
1275 610 1340 676 533

335 735 465 800 miuron
492 731 544 801 vel
571 732 714 823 spicode.
739 745 763 795 Δ
789 728 878 817 Quid
901 748 947 800 est
976 726 1179 820 acephalon?
1203 729 1250 797 M.
1272 730 1361 797 Ver-

333 865 385 907 sus
413 843 483 908 sine
511 842 643 931 capite,
670 861 746 906 cum
772 838 879 929 prima
905 834 1032 930 syllaba
1064 856 1178 905 contra
1206 853 1361 906 naturam

331 947 517 1037 corripitur.
544 959 578 1012 Δ.
608 948 659 1013 Da
689 943 872 1034 exemplum
907 943 1098 1010 auctoritate
1128 943 1359 1033 approbatum.

334 1049 380 1117 M.
410 1049 574 1142 Vergilius
592 1046 735 1117 secundo
754 1072 853 1116 versu
876 1046 1031 1117 aeneidos
1051 1046 1233 1138 acephalon
1250 1049 1359 1137 posuit
1426 1090 1433 1105 ·

334 1154 444 1225 dicens
462 1192 496 1207 -·
517 1155 648 1223 ltaliam
669 1153 734 1223 fato
750 1155 918 1247 profugus·
943 1192 978 1205 -·
999 1156 1130 1223 Etenim
1149 1154 1356 1222 barbarismo

333 1262 543 1331 tribrachum
567 1285 630 1352 pro
660 1260 791 1354 dactylo
820 1261 962 1329 admisit.
989 1260 1043 1331 Sic
1068 1277 1100 1328 et
1127 1276 1257 1328 ceterae
1281 1282 1359 1348 pas-

332 1371 441 1440 siones
470 1386 526 1435 aut
553 1368 588 1434 in
617 1368 725 1438 medio
751 1385 808 1434 aut
833 1370 868 1435 in
891 1367 956 1436 fine
986 1368 1185 1434 inseruntur.
1214 1379 1247 1433 Δ.
1276 1364 1360 1451 Quis

332 1472 466 1566 lon'gum
491 1493 538 1543 est
563 1491 600 1540 ut
621 1475 797 1543 sciscitatio
824 1490 857 1541 et
880 1471 996 1542 solutio
1018 1470 1209 1540 earumdem
1234 1472 1360 1562 passio-

334 1606 413 1650 num
433 1605 496 1672 per
514 1581 664 1650 ordinem
692 1581 904 1666 enucleetur,
921 1580 1038 1650 saltem
1064 1583 1250 1651 extremitas
1275 1601 1361 1668 pan·

336 1689 443 1756 datur.
463 1689 550 1775 Quid
568 1706 616 1756 est
638 1689 768 1757 miuron
789 1686 841 1758 vel
868 1683 1103 1779 sphicodium?
1125 1688 1173 1755 M.
1199 1687 1264 1758 Μῦς
1283 1684 1362 1753 lati-

334 1818 376 1859 ne
401 1818 472 1860 mus
493 1792 547 1860 vel
570 1817 663 1860 sorex
686 1795 930 1883 interpretatur.
959 1794 1007 1862 Ex
1030 1790 1145 1862 eadem
1169 1792 1276 1881 prima
1303 1813 1359 1879 po

332 1900 448 1966 sitione
479 1899 696 1967 derivativum
723 1898 854 1966 ducitur
886 1900 1010 1966 miurus
1037 1897 1089 1966 vel
1117 1899 1278 1966 miurinus
1305 1894 1359 1963 rel

330 2006 498 2073 soricinus.
519 2019 553 2071 Δ.
570 2005 657 2091 Quid
676 2003 815 2072 adstruis
831 2029 897 2075 csse
911 2001 1117 2095 sphicodin?
1132 2005 1181 2075 M.
1205 2000 1286 2091 Σφὲξ
1303 2002 1359 2068 (Ιί-

332 2111 418 2175 citur
439 2134 558 2202 graece
583 2113 728 2195 crabro,
748 2111 835 2178 unde
855 2110 1022 2178 derivatur
1038 2109 1222 2201 sphicodis;
1252 2128 1285 2177 et
1309 2125 1361 2175 ta-

334 2240 410 2285 meu
431 2218 554 2286 miurus
575 2219 626 2286 vel
648 2217 814 2310 sphicodis
840 2217 883 2284 ad
908 2241 1007 2286 ranam
1032 2217 1278 2310 significationis
1304 2240 1361 2283 re-

337 2323 447 2415 gulam
471 2328 636 2416 pertinere
658 2342 860 2412 noscuntur,
883 2328 961 2419 quia
978 2342 1121 2419 utraque
1142 2325 1297 2394 animalia
1316 2340 1364 2392 te-

331 2432 387 2496 nui
402 2447 433 2498 et
459 2429 575 2520 gracili
590 2430 816 2498 membrorum
830 2434 1035 2500 extremitate
1059 2434 1291 2501 terminantur.
1305 2435 1359 2501 lta

333 2552 366 2602 et
396 2561 505 2604 versus
535 2539 592 2628 qui
624 2538 819 2627 pyrrhichio
848 2538 1022 2606 clauditur.

378 2653 412 2707 Δ.
430 2643 521 2727 Quae
537 2656 585 2706 est
600 2664 733 2707 caesura
746 2639 1035 2731 penthemimeris,
1048 2658 1082 2707 et
1097 2639 1240 2733 qualiter
1252 2643 1361 2707 inter-

332 2744 499 2836 pretatur?
508 2748 554 2813 M.
570 2747 841 2815 Penthemimeris
852 2747 956 2815 latine
967 2749 1201 2839 semiquinaria
1216 2746 1360 2826 diciturz

334 2846 427 2939 ipsso
441 2853 565 2944 quippe
578 2854 673 2921 semis
683 2870 747 2933 est3
761 2856 844 2922 sicut
854 2853 1153 2945 hemisphaerium,
1166 2852 1361 2943 semisphae-

336 2982 373 3023 ra
386 2957 489 3024 latina
504 2958 615 3049 lingua
629 2957 852 3051 intellegitur,
867 2961 903 3029 id
916 2978 965 3028 est
979 2959 1115 3026 dimidia
1128 2983 1203 3050 pars
1219 2958 1287 3048 poli
1301 2980 1357 3026 su·

336 3086 397 3151 pra
412 3081 468 3129 aut
482 3061 568 3128 infra
582 3079 704 3130 terram
720 3066 832 3155 aequis
850 3062 1001 3135 lancibus
1015 3063 1147 3132 librata.
1164 3065 1196 3130 N
1198 3089 1259 3129 um
1270 3087 1359 3155 pen·

329 3165 535 3232 themimeris
551 3168 585 3234 in
599 3192 696 3236 versu
709 3166 845 3236 heroico
862 3166 988 3235 dicitur
1000 3167 1059 3234 ubi
1071 3184 1147 3257 post
1162 3167 1245 3236 dnos
1257 3167 1359 3258 pedes

327 3274 475 3364 sequitur
507 3271 633 3364 syllaba
663 3299 746 3366 quae
782 3291 910 3365 partem
936 3277 1089 3344 terminet
1116 3277 1299 3363 orationis,
1323 3293 1360 3344 ut

328 3414 364 3427 ··
385 3397 540 3445 truncum
567 3396 655 3447 terra
688 3382 792 3471 tegit,
820 3376 949 3449 latitant
977 3382 1013 3448 iu
1040 3381 1161 3473 cespite
1185 3379 1360 3473 lymphae.

327 3521 364 3534 ··
392 3485 476 3550 Item
497 3486 641 3576 Prosper
669 3487 704 3554 iu
731 3489 972 3580 aenigmatibus
999 3487 1041 3558 de
1073 3492 1219 3559 oratione
1242 3492 1361 3559 Domi-

331 3588 366 3650 ni
392 3623 430 3638 -·
453 3613 528 3655 curn
567 3579 665 3680 prece
699 3593 890 3681 sanguineas
920 3589 1082 3659 fundebat
1110 3615 1247 3681 corpore
1282 3610 1360 3686 gut-

330 3706 377 3755 tas
400 3726 441 3743 ·-
465 3706 500 3760 Δ.
527 3692 615 3780 Quid
641 3712 687 3762 est
716 3692 1020 3785 hepthemimeris?
1049 3695 1098 3764 M.
1120 3697 1239 3763 Latine
1263 3701 1362 3767 semi·

331 3800 519 3887 septenaria
543 3799 729 3890 appellatur
757 3825 926 3887 caesura,
958 3826 1035 3871 cum
1068 3821 1141 3895 post
1172 3821 1237 3872 tres
1261 3805 1363 3896 pedes

326 3904 474 3995 sequitur
495 3903 623 3997 syllaba
642 3923 771 3996 partem
791 3907 947 3983 orationis
968 3907 1164 3992 terminans,
1186 3925 1275 3975 ut-
1293 3933 1367 3977 mu·

326 4034 364 4074 sa
390 4008 472 4079 mihi
492 4033 604 4078 causas
631 4035 787 4082 memora.
816 4048 852 4065 ··
875 4013 920 4082 Et
944 4011 1026 4081 alibi
1052 4049 1091 4065 -
1115 4037 1180 4081 nec
1205 4012 1296 4106 pepli
1315 4038 1367 4081 ra·

328 4115 400 4188 dios
431 4136 580 4211 poscunt.
606 4154 643 4171 ··
667 4121 751 4192 Item
775 4119 902 4191 Phocea
928 4155 967 4174 ··
986 4138 1019 4191 te
1044 4120 1226 4217 longinqua
1250 4140 1366 4214 petens
