3382 5206
728 598 871 651 rrrroun
899 599 949 652 ur.
1248 603 1318 685 ¹¹7

326 726 458 799 morat,
477 737 523 788 ac
541 711 638 785 velut
658 712 694 784 in
714 712 867 812 quodam
885 714 1020 812 integro
1038 739 1120 789 vase
1133 706 1347 815 congegatio

326 831 525 904 innumeris
557 831 828 930 cogitationibus
864 848 979 909 scatet.
1008 833 1113 908 Ratio
1138 862 1219 910 vero
1245 863 1347 937 supe·

326 946 417 1023 riora
443 964 479 1020 et
502 948 662 1022 caelestia
695 948 908 1049 perlustrans
935 950 1155 1024 intellectum
1184 951 1349 1053 quodem-

325 1064 428 1139 modo
449 1066 601 1164 ignitum
619 1067 912 1168 flammosumque
934 1068 1098 1167 possidet.
1123 1067 1208 1143 Non
1229 1069 1348 1145 imme·
1382 1161 1390 1176 ὑ

327 1183 397 1257 rito
426 1185 543 1286 itaque
575 1204 816 1287 praeceptores
845 1187 954 1261 nostri
982 1185 1139 1287 Sulpicia
1168 1189 1214 1288 (a)
1243 1205 1347 1290 atque

327 1297 434 1373 Istius
456 1303 505 1405 (b)
527 1304 709 1378 hominem
727 1306 857 1379 mundi
870 1306 1022 1378 <minoris
1041 1305 1186 1378 nomine
1203 1332 1349 1380 censue·
1406 1352 1412 1381 t
1441 1344 1446 1355 ¹

329 1436 437 1515 runt3
457 1423 591 1522 quippe
611 1423 676 1523 qui
710 1423 746 1495 in
773 1423 881 1496 semet
910 1423 983 1522 ipso
1013 1423 1116 1496 hebet
1143 1423 1281 1512 omnia,
1307 1451 1350 1498 ex

327 1539 458 1638 quibus
477 1542 633 1615 mundus
653 1560 788 1616 constat
806 1543 972 1618 visibilis:
991 1561 1081 1616 terra
1101 1543 1256 1616 enimin
1276 1569 1351 1618 con

327 1683 433 1757 pore,
453 1660 543 1758 ignis
570 1660 607 1733 in
627 1662 764 1752 anima,
794 1690 884 1762 aqua
913 1662 949 1734 in
981 1661 1188 1759 frigiditate,
1219 1676 1277 1735 aer
1310 1663 1347 1734 in

328 1784 641 1880 cogitamentorurn
658 1785 861 1874 velocitate,
881 1784 932 1858 sol
952 1786 988 1857 iu
1010 1784 1195 1885 splendore
1215 1785 1347 1886 sapien·

327 1902 416 1991 tiae,
434 1903 520 1976 luna
545 1903 582 1975 in
609 1904 744 1977 incerto
766 1922 801 1977 et
826 1905 979 1977 instabili
1006 1922 1098 1977 statu
1124 1903 1345 1994 divitiarum,

329 2022 494 2097 iuventus
520 2051 612 2124 quae
644 2040 695 2096 est
727 2047 870 2123 campus
901 2023 1069 2113 floridus,
1099 2023 1134 2096 in
1165 2023 1346 2098 nobilitate

328 2139 498 2213 virtutum
518 2157 553 2213 et
572 2141 799 2214 multitudiue
818 2142 1002 2241 planitiae,
1022 2160 1160 2214 montes
1176 2142 1212 2216 in
1225 2141 1347 2216 exalta·

329 2259 423 2330 tione
444 2260 711 2357 generositatis,
731 2259 837 2333 colles
862 2260 899 2332 in
928 2260 1153 2334 successione
1178 2259 1348 2334 heredita·

330 2380 396 2468 tis,
420 2379 526 2452 valles
545 2381 582 2453 in
603 2381 846 2453 humiliatione
868 2380 1121 2467 tribulationis,
1141 2378 1236 2476 ligna
1254 2367 1376 2451 fruc?

329 2497 426 2569 tilere
447 2497 483 2569 in
510 2499 682 2573 [ructibus
708 2499 892 2596 largitatis,
920 2498 1014 2596 ligna
1045 2497 1176 2570 sterilia
1207 2514 1243 2569 et
1269 2496 1346 2573 loca

329 2646 445 2718 aspera
465 2636 499 2691 et
518 2621 696 2716 voragines
717 2621 753 2692 in
774 2619 1021 2707 immunditia,
1049 2618 1171 2718 spinae
1199 2644 1343 2718 quoque

330 2758 363 2812 et
383 2741 502 2814 tribuli
523 2742 560 2812 iu
581 2741 680 2813 malis
700 2741 857 2813 moribus
877 2740 1057 2838 avarisque
1077 2737 1255 2827 hiatibus,
1282 2765 1350 2812 ser·

331 2879 451 2959 pentes
471 2878 505 2933 et
537 2889 661 2963 pecora
691 2864 727 2934 in
757 2860 978 2961 simplicitate
1007 2877 1114 2960 atque
1140 2858 1347 2958 prudentia,

332 3007 423 3053 mare
442 3006 583 3081 quoque
609 2981 787 3054 undosum
814 2980 1068 3079 beluosumque
1102 2979 1137 3049 in
1169 2977 1348 3052 turbinosa

330 3102 446 3174 cordis
472 3102 711 3202 profunditate
730 3103 881 3174 bominis
903 3119 938 3174 ct
958 3102 995 3174 in
1016 3102 1087 3200 ipsa
1109 3100 1253 3175 ratione.

412 3249 452 3293 rr
485 3221 548 3295 His
572 3223 736 3295 omnibus
767 3238 803 3294 et
830 3222 907 3293 aliis
938 3237 1069 3293 temere
1100 3220 1277 3310 decursis,
1304 3220 1347 3294 ad

330 3358 490 3413 nostrum
509 3341 747 3441 propositum,
774 3340 842 3412 lroc
870 3357 920 3410 est
946 3338 986 3410 ad
1016 3355 1209 3411 metrorum
1232 3364 1349 3412 narra·

331 3458 464 3529 tionem
484 3458 555 3530 line
576 3472 680 3532 tenus
702 3484 933 3532 recurramus.
954 3455 1080 3528 Omnis
1105 3483 1224 3529 versus
1242 3453 1346 3530 hexa-

329 3595 462 3650 metrus
475 3579 522 3676 (e)
537 3595 569 3650 et
590 3595 831 3679 pentametrus
853 3575 1010 3676 poeticus
1024 3576 1102 3650 erit.
1115 3573 1170 3647 De
1183 3574 1347 3674 sapphico

329 3711 446 3768 autern
477 3713 588 3769 metro
621 3714 657 3768 et
685 3697 824 3768 lrcroico
854 3722 954 3767 versu
987 3673 1163 3766 metiendo
1193 3692 1246 3794 (d)
1270 3750 1281 3782 ,
1306 3694 1346 3767 in

410 3907 448 3973 (a)
465 3909 520 3953 cod.
551 3906 663 3966 Sulptta·
725 3906 765 3969 (t.)
790 3914 846 3952 Pauo
869 3889 948 3952 ursnren
981 3910 1113 3967 proprium,
1139 3923 1181 3951 non
1208 3921 1341 3967 pronomen.

334 3993 389 4032 sum
413 3982 532 4046 legandum
557 3987 663 4030 marra·
680 3992 719 4048 qui
737 3989 791 4032 iufra
810 3982 970 4035 artarentur?
1002 3985 1040 4050 (c)
1058 3992 1093 4031 lta
1111 3987 1159 4032 wd.
1221 3983 1261 4048 (d)
1284 3985 1342 4036 cort.

356 4066 429 4102 llin-
