3382 5206
597 538 813 587 noant·
1128 524 1194 617 ⁴⁶7

233 640 296 727 Qui
311 663 395 708 mea
419 638 544 710 letifero
571 641 715 733 pondere
734 642 819 711 colla
845 666 982 735 premat.

188 748 268 815 Geta
289 771 406 836 precor
423 766 558 836 pereat,
576 747 674 815 homo
696 766 789 815 natus
812 748 958 840 pondera
980 751 1089 833 ferr03

92 881 163 928 110.
233 852 381 920 Pondera
404 871 510 943 portet
535 855 820 947 equua,Byr1·hia
842 857 929 925 vivat
948 859 1056 927 homo.

192 1000 345 1136 Intravit
368 1087 479 1160 portua
505 1071 609 1138 ventio
636 1090 768 1160 ereptus
790 1091 821 1141 et
842 1072 937 1142 undio

233 1174 455 1269 Amphitryon
480 1175 581 1243 laetus
605 1176 703 1243 litora
722 1196 789 1245 tuta
812 1196 934 1247 tenens.

188 1282 311 1371 Regnat
331 1305 424 1349 amor
447 1299 550 1350 castus
576 1281 611 1346 iu
630 1299 761 1371 pectore
785 1285 932 1374 coniugis
953 1284 1014 1351 itti·

231 1387 316 1454 Geta
339 1405 469 1454 vocatus
494 1384 604 1453 adest:
631 1388 753 1471 inito,
778 1389 860 1455 dixit
884 1391 924 1456 ei.

98 1504 167 1567 ¹15.
190 1492 221 1555 Τ
224 1488 288 1557 olle
314 1489 442 1576 libros,
463 1513 639 1581 praecurre
663 1489 818 1577 domum,
838 1492 964 1561 salvere
984 1495 1097 1559 iubeto

236 1592 451 1680 Alcmenam,
475 1595 582 1662 reditu
610 1597 748 1688 gaudeat
772 1597 828 1663 illu
852 1621 935 1667 meo·

191 1704 270 1770 Pars
289 1719 336 1771 est
352 1702 440 1769 salva
463 1705 547 1788 mei,
570 1702 712 1772 salvetur
736 1723 770 1771 ut
792 1705 894 1771 altera
916 1731 1058 1797 quaero,

237 1809 364 1877 Pendet
387 1810 428 1875 ab
456 1809 544 1877 illius
562 1828 673 1879 nostra
695 1809 798 1879 salute
817 1811 912 1879 salus.

189 1916 273 1983 Geta
300 1913 407 1999 favet,
430 1914 579 2007 tollitque
601 1915 730 2001 libror,
749 1918 960 2006 praenuntius
979 1917 1059 1983 ibat.

98 2044 168 2087 rao.
238 2022 377 2115 Byrrhia
397 2023 501 2114 carpit
523 2026 607 2109 iter,
629 2025 715 2093 Geta
740 2023 871 2092 videtur
893 2028 932 2093 ei.

192 2133 265 2198 Heu
286 2130 371 2197 Geta
397 2147 468 2212 est,
490 2130 624 2221 inquit;
649 2131 760 2220 perii;
794 2130 1029 2222 quodcumque
1055 2131 1196 2207 verebar

234 2234 393 2314 Accidit3
418 2236 483 2303 hen
508 2252 669 2325 quantum
688 2259 788 2328 quam
809 2237 896 2305 hene
909 2254 1020 2327 portat
1043 2237 1175 2313 honus!

190 2343 340 2412 Pondere
357 2344 417 2409 sub
441 2359 531 2410 tanto
551 2343 685 2412 sudaret
706 2345 864 2411 maximus
884 2343 1001 2425 Atlau

235 2451 305 2519 Hoc
327 2446 447 2518 umeris
465 2443 518 2537 (ι)
534 2450 649 2518 nostris
669 2452 880 2540 impositurus
902 2469 983 2521 erat.

96 2563 166 2627 125.
192 2556 277 2623 Ecce
303 2581 443 2626 caverna
463 2559 596 2626 aubert,
619 2555 738 2623 lateam
767 2554 847 2625 dum
874 2553 1122 2640 transmitte,

237 2659 312 2726 Post
334 2662 398 2730 iter
420 2661 603 2755 aggrediar.
628 2660 786 2743 Dixerat,
808 2676 907 2750 atque
926 2658 1017 2726 latet.

190 2765 346 2834 Providet
371 2766 434 2836 boc
455 2769 565 2852 Geta,
586 2767 644 2858 qui
665 2764 763 2859 longe
783 2781 921 2833 noverat
944 2763 1064 2848 illum,

237 2872 308 2954 Quo
328 2871 428 2941 lateat
450 2892 540 2942 notat
564 2873 644 2957 hic,
668 2870 915 2962 dissimulatque
940 2888 1060 2939 tamen.

188 2974 348 3044 Substetit
367 2975 411 3044 ad
434 3000 590 3057 caveam
614 2976 706 3044 furca
728 2978 889 3043 subeunte
908 2975 1040 3043 bicorni

96 3081 166 3147 130·
232 3082 320 3148 Dum
344 3084 527 3153 substentat
546 3085 674 3168 honus,
696 3084 744 3152 aie
764 3083 810 3148 ait
836 3083 906 3171 ipre
924 3081 998 3148 sibi.

187 3188 238 3255 Ve
257 3187 397 3278 scapulis
412 3192 599 3282 umerisque
624 3191 729 3273 meir,
751 3214 790 3256 ve
817 3185 963 3278 pondere
989 3193 1121 3276 presto!

234 3293 328 3364 Colla
347 3293 459 3385 fatigat
479 3293 610 3378 honus,
631 3311 663 3361 et
685 3294 735 3359 via
756 3291 853 3383 longa
879 3290 990 3381 pedes.

189 3401 257 3470 Sed
284 3397 365 3492 quid
385 3401 420 3465 in
444 3423 618 3467 occursum
644 3398 794 3465 nouerit
816 3396 956 3487 BJrrhia
979 3394 1112 3470 Gerae?

230 3504 375 3572 Pendeat
392 3505 427 3570 iu
449 3502 535 3572 collo
554 3504 682 3571 sarcina
703 3518 813 3569 nostra
836 3524 906 3568 suo.

92 3618 163 3683 135.
185 3614 213 3679 F
215 3636 286 3679 asee
303 3611 364 3678 sub
385 3609 449 3679 hoc
473 3609 606 3677 caderet
628 3612 693 3675 iam
720 3606 870 3700 Byrrhia.
892 3606 1033 3698 Byrrbia
1053 3631 1190 3693 recum,

229 3713 398 3786 Profuerat
424 3716 564 3782 multum
586 3714 634 3783 aic
657 3712 786 3783 latuisse
812 3712 905 3780 mihi.

266 3896 313 3960 (ι)
335 3898 446 3950 Ueneres
465 3894 550 3947 sinai
566 3894 637 3966 apud
655 3893 813 3948 Frontonem
835 3891 955 3960 aliosque
969 3902 1068 3945 veteres
1084 3894 1200 3951 cotta..

203 3983 301 4035 Contra
323 3983 411 4035 horrus
431 4000 489 4035 cum
507 3982 535 4033 Ιι.
895 4054 914 4118 3
951 4049 970 4088 ⁸

915 4072 935 4115 0
