3382 5206
631 594 634 603 '
709 593 756 639 D!
781 589 996 643 nantelmo.

338 695 516 768 exindequod
529 708 556 751 et
569 697 680 764 flgiti-sm
693 698 828 752 nominum

337 787 497 844 ostendant.
524 798 554 840 ut
571 799 636 859 putu
662 805 829 845 umunma-

337 876 433 946 piens.
450 887 479 930 et
497 889 582 930 oeten
605 877 680 931 ιιΙίιι.
697 877 748 930 Sed
776 894 832 946 qus

336 965 439 1019 ratione
465 966 530 1019 haec
559 966 674 1035 intellegi
704 967 829 1036 possint.

336 1053 445 1122 quando
462 1053 516 1106 sint
534 1057 659 1111 nomina,
676 1064 706 1106 et
720 1054 829 1123 quando

336 1139 503 1211 participio.
522 1138 639 1194 breviter
667 1139 829 1194 subiciamus

336 1240 501 1300 praecepte,
533 1227 632 1299 quibus
661 1228 711 1281 hoc
737 1245 830 1281 mone-

337 1335 414 1376 mus.
432 1329 464 1371 nt
481 1318 592 1388 quondo
617 1317 681 1370 haec
706 1334 829 1386 conpara·

334 1405 404 1459 titos
431 1406 472 1459 vei
501 1406 676 1478 superlativos
697 1405 828 1473 gruduus.

335 1494 391 1548 sive
410 1493 535 1549 adverbio
545 1495 629 1549 iacere
639 1507 748 1566 possunt
762 1533 768 1550 .
785 1497 826 1548 vei

337 1582 457 1648 genetivo
473 1584 549 1636 casui
561 1582 721 1650 iunguntur,
741 1584 826 1634 nomi·

335 1688 442 1725 ιιιιιιο
470 1671 671 1739 intellegantur.
697 1682 729 1724 ut
761 1683 825 1742 puto

335 1776 424 1814 emens
435 1788 451 1800 -
462 1760 657 1814 amentissimus
664 1778 673 1821 ι
693 1760 800 1830 sopiens
809 1789 824 1801 -

334 1851 466 1921 supienter
480 1887 487 1908 .
499 1850 617 1904 docens-
627 1850 743 1908 doctior,
764 1851 826 1904 aiic-

336 1940 364 1992 ni
398 1941 545 2012 adpetens.
576 1939 695 2008 fugitans
726 1943 824 1996 litium.

334 2026 377 2080 Sic
401 2039 429 2082 et
458 2038 544 2082 cetere
582 2028 676 2087 tatis,
716 2031 825 2100 quando

333 2116 388 2170 sint
419 2116 543 2172 nomint.
570 2115 636 2171 haee
669 2119 822 2189 supradicta

333 2213 474 2273 praecepta
492 2203 647 2257 discernunt
665 2222 680 2255 ι
709 2205 823 2276 partici-

334 2291 435 2359 piorum
454 2290 551 2357 figura:
569 2290 672 2345 scilicet
696 2293 828 2362 quonism,

334 2375 421 2428 omnia
434 2375 576 2447 participia
592 2396 678 2448 noque
692 2397 821 2451 comparo·

336 2464 403 2540 tivos
429 2475 476 2516 aut
502 2464 675 2534 superlativos
690 2466 823 2532 precluus,

332 2552 378 2604 sed
396 2567 444 2604 nee
463 2550 589 2605 adverbia
599 2552 682 2606 iacere
695 2564 822 2625 possunt.

331 2649 358 2692 et
376 2639 526 2691 accusativo
551 2657 604 2692 non
632 2640 753 2708 genetivo
781 2657 824 2691 cu.

332 2726 374 2778 sui
392 2726 467 2794 iungi
486 2728 677 2798 repperiuntur.

367 2813 434 2866 Item
452 2824 513 2866 tunt
536 2816 659 2886 temporis
685 2815 821 2886 praeteriti

331 2907 493 2979 participia.
512 2924 580 2976 quoe
596 2917 624 2960 et
641 2907 775 2960 nominum
794 2910 823 2961 ii·

332 3011 424 3062 guum
441 2994 603 3049 ostendant.
621 3004 651 3047 ut
664 3005 821 3065 putausus.

330 3084 457 3140 auditus.
474 3083 586 3140 missus.
604 3093 632 3136 et
645 3095 730 3135 oeten
746 3083 820 3136 tolie.

331 3172 408 3225 Nune
426 3189 480 3241 qua
499 3170 602 3223 ratione
623 3169 738 3237 intellegi
754 3188 820 3241 pos-

329 3262 409 3319 sint}
439 3259 547 3330 quando
578 3258 633 3312 sint
665 3259 771 3311 nomina
795 3270 822 3313 et

330 3346 438 3417 quando
468 3345 633 3417 participia.
660 3344 819 3400 subiciemus

331 3445 469 3505 praecepta
480 3468 487 3487 .
499 3432 599 3502 quibus
610 3432 659 3484 hoc
669 3451 802 3487 monemus
814 3472 820 3491 .

328 3537 359 3581 ut
377 3538 441 3579 tnnc
469 3526 533 3577 hoec
563 3524 678 3594 intetlegi
705 3526 819 3579 debcant

329 3614 452 3670 nomine.
476 3613 584 3683 quando
609 3614 642 3665 ml
667 3615 816 3686 exemplum

329 3703 424 3754 fluctus
442 3716 488 3770 pet
511 3715 606 3752 casuus
634 3703 818 3772 repperiuntur

327 3807 381 3843 etse
404 3789 553 3844 declinato.
578 3792 702 3858 quoniam
730 3792 817 3844 omnio

326 3876 469 3950 participia
487 3876 624 3947 praeteriti
638 3879 761 3950 temporis
776 3898 816 3931 ne·

325 3983 394 4020 cette
411 3980 452 4021 est
470 3966 504 4018 td
533 3967 605 4019 docti
630 3967 737 4021 sormam
769 3988 815 4041 pet

325 4072 418 4111 etsuus
436 4074 491 4108 esse
509 4059 714 4127 pronuntianda.

1275 569 1345 670 ²⁶7

917 702 982 754 item
991 699 1376 774 suntnliquaptastetititcm·

879 787 950 856 poris
969 786 1132 858 participio.
1149 806 1219 858 quae
1237 798 1267 842 et
1284 791 1373 844 nomi·

880 890 943 926 num
962 874 1182 943 significationem
1200 875 1373 934 continent·

879 973 911 1017 ut
928 974 993 1034 puta
1018 975 1147 1033 rogatus.
1176 965 1313 1021 donatus.
1343 974 1373 1019 et

881 1058 967 1102 cetero
986 1051 1066 1104 tuiis.
1085 1051 1136 1104 Sed
1155 1051 1220 1105 hoec
1238 1051 1261 1105 si
1279 1068 1376 1123 perpe-

880 1147 926 1190 tua
939 1137 994 1193 sint
1008 1138 1144 1195 hominum
1157 1138 1287 1194 voeabula
1302 1175 1309 1197 .
1328 1157 1372 1195 no·

869 1227 951 1280 'mina
968 1239 1033 1282 sunt
1052 1227 1225 1300 appellanda.
1249 1227 1291 1282 sin
1310 1246 1372 1283 vero

880 1312 913 1364 nd
933 1324 1035 1385 tempus
1058 1316 1114 1369 sint
1132 1314 1246 1386 propriis
1261 1316 1372 1371 nomini·

879 1399 929 1454 bus
948 1402 1067 1459 adiectu.
1086 1403 1228 1476 partieipia
1242 1413 1305 1457 sunt
1312 1421 1370 1475 pro·

878 1489 1039 1542 nuntiando.

914 1578 979 1630 item
997 1587 1060 1631 sunt
1078 1575 1222 1636 voeabula.
1241 1594 1310 1649 quoe
1321 1594 1369 1648 pu·

878 1674 936 1719 tent
959 1665 1059 1735 ntiqui.
1075 1667 1148 1737 quod
1167 1667 1280 1738 speciem
1305 1684 1370 1738 ptr-

878 1753 1008 1826 cipiotum
1026 1757 1163 1829 praeteriti
1184 1758 1309 1830 temporis
1323 1756 1370 1810 hs·

875 1843 974 1900 beent.
993 1857 1026 1899 ut
1045 1855 1111 1919 putu
1138 1845 1293 1901 tunicatus.
1322 1861 1370 1911 gs·

876 1939 978 1997 leatus.
998 1949 1132 1996 cometus.
1152 1948 1179 1992 et
1192 1948 1279 1991 cetere
1289 1935 1367 1990 tulit.

875 2026 926 2079 Sed
944 2026 1010 2080 haec
1031 2043 1089 2077 eum
1108 2043 1156 2080 nec
1174 2023 1249 2079 verbi
1267 2034 1368 2096 partem

873 2114 1008 2174 habeant,
1027 2131 1074 2170 nec
1093 2113 1198 2185 aliquid
1213 2113 1368 2185 participio·

873 2225 931 2260 tum
949 2207 1078 2277 capient.
1096 2203 1189 2274 utique
1215 2203 1268 2255 itm
1298 2200 1367 2256 nulii
1451 2208 1457 2225 '

873 2295 984 2349 dubium
1003 2304 1060 2351 est,
1078 2291 1149 2362 quod
1173 2307 1252 2361 supet
1277 2287 1365 2360 suspi-

873 2385 974 2438 cionem
993 2381 1192 2455 participiorum
1213 2376 1366 2432 incurrunt.

871 2482 900 2527 et
919 2472 978 2525 idoo
996 2471 1062 2522 haec
1081 2467 1186 2522 nomino
1214 2474 1278 2518 sunt
1302 2480 1365 2534 pro·

873 2559 1032 2615 nuntianda.

910 2651 977 2704 item
993 2660 1056 2703 sunt
1074 2647 1179 2701 nomino
1197 2682 1204 2702 .
1224 2661 1293 2712 quse
1321 2659 1368 2694 su-

872 2739 1014 2809 spicionem
1044 2734 1244 2807 participiorum
1281 2728 1365 2782 iututi

874 2825 1006 2897 temporis.
1023 2825 1115 2896 siquae
1125 2824 1153 2876 in
1164 2839 1227 2873 mus·
1239 2817 1365 2888 syiiahnm

873 2925 984 2969 exeunt,
1004 2913 1158 2966 incurrunt.
1176 2919 1207 2961 ut
1227 2917 1291 2978 putu
1318 2904 1365 2955 hi-

874 3003 963 3060 torus.
983 3003 1082 3056 cintus.
1099 3009 1127 3052 et
1136 3007 1221 3049 cetero
1234 2994 1305 3046 tulit.
1314 2991 1365 3043 Sed

872 3113 932 3147 cum
950 3091 1038 3146 omnia
1051 3085 1194 3161 participis
1207 3082 1290 3136 futuri
1300 3093 1363 3136 tem·

872 3181 942 3252 poris
954 3218 961 3236 ‚
980 3195 1049 3248 quoe
1068 3173 1230 3230 nominativo
1239 3188 1299 3222 casu
1311 3189 1364 3221 nu-

872 3270 934 3324 meri
954 3267 1095 3336 singularis
1110 3266 1136 3317 in
1154 3281 1217 3316 mus·
1235 3259 1362 3330 syllabam

872 3371 986 3413 exeunt.
1014 3357 1122 3409 eundem
1144 3371 1207 3404 mus·
1236 3349 1362 3420 syllohom

873 3450 899 3501 in
919 3467 950 3500 ·s·
979 3447 1093 3500 litteram
1124 3451 1299 3496 convertunt,
1331 3448 1363 3492 ιιι

870 3534 1007 3609 praeteriti
1038 3532 1161 3602 temporis
1190 3526 1360 3599 participium

870 3623 1032 3678 ostendent.
1052 3629 1081 3670 ut
1101 3628 1164 3688 puto
1183 3615 1308 3667 taturus-
1326 3613 1364 3664 Ιι-

870 3727 928 3777 tus3
949 3710 1059 3764 nuncsi
1079 3707 1198 3760 hilarus.
1218 3703 1257 3757 vei
1277 3703 1362 3755 clerus

871 3819 934 3854 mus·
944 3798 1071 3869 synaham
1085 3797 1110 3848 in
1126 3814 1156 3847 -s·
1172 3795 1287 3847 litterum
1303 3810 1360 3844 con·

868 3899 994 3945 vertunt,
1013 3883 1203 3954 numquidnam
1222 3882 1359 3953 praeteriti

867 3973 992 4044 temporis
1010 3971 1180 4043 perticipium
1205 3960 1361 4020 ostentent?

867 4061 902 4115 Et
914 4058 975 4114 ideo
992 4058 1058 4113 hacc
1076 4056 1183 4113 nomint
1193 4092 1199 4112 .
1209 4072 1262 4109 non
1279 4048 1361 4125 pttti·
