<?xml version="1.0" encoding="UTF-8"?>
<!DOCTYPE html PUBLIC "-//W3C//DTD XHTML 1.0 Transitional//EN"
    "http://www.w3.org/TR/xhtml1/DTD/xhtml1-transitional.dtd">
<html xmlns="http://www.w3.org/1999/xhtml" xml:lang="en" lang="en">
 <head>
  <title>
</title>
<meta http-equiv="Content-Type" content="text/html;charset=utf-8" />
  <meta name='ocr-system' content='tesseract 3.04.00' />
  <meta name='ocr-capabilities' content='ocr_page ocr_carea ocr_par ocr_line ocrx_word'/>
</head>
<body>
  <div class='ocr_page' id='page_1' title='image "./classicorumauct00vatigoog_0047.png"; bbox 0 0 3382 5206; ppageno 0'>
   <div class='ocr_carea' id='block_1_1' title="bbox 361 568 987 643">
    <p class='ocr_par' dir='ltr' id='par_1_1' title="bbox 361 568 987 643">
     <span class='ocr_line' id='line_1_1' title="bbox 361 568 987 643; baseline -0.002 -1"><span class='ocrx_word' id='word_1_1' title='bbox 361 596 487 643; x_wconf 81' lang='lat' dir='ltr'><strong>xssrur</strong></span> <span class='ocrx_word' id='word_1_2' title='bbox 708 594 750 640; x_wconf 83' lang='lat' dir='ltr'><strong>us</strong></span> <span class='ocrx_word' id='word_1_3' title='bbox 777 568 987 643; x_wconf 75' lang='lat' dir='ltr'><strong>crsuusrrco</strong></span> 
     </span>
    </p>
   </div>
   <div class='ocr_carea' id='block_1_2' title="bbox 274 706 1357 1818">
    <p class='ocr_par' dir='ltr' id='par_1_2' title="bbox 274 706 1357 1818">
     <span class='ocr_line' id='line_1_2' title="bbox 330 706 1353 820; baseline 0.006 -35"><span class='ocrx_word' id='word_1_4' title='bbox 330 706 360 805; x_wconf 40' lang='lat'><strong>⁴„</strong></span> <span class='ocrx_word' id='word_1_5' title='bbox 390 742 472 787; x_wconf 87' lang='lat' dir='ltr'><strong>curn</strong></span> <span class='ocrx_word' id='word_1_6' title='bbox 487 714 638 811; x_wconf 86' lang='lat' dir='ltr'><strong>coguitis</strong></span> <span class='ocrx_word' id='word_1_7' title='bbox 655 712 758 788; x_wconf 80' lang='lat' dir='ltr'>Probi</span> <span class='ocrx_word' id='word_1_8' title='bbox 774 715 912 815; x_wconf 86' lang='lat' dir='ltr'><strong>seriptis</strong></span> <span class='ocrx_word' id='word_1_9' title='bbox 926 714 1023 788; x_wconf 85' lang='lat' dir='ltr'><strong>valde</strong></span> <span class='ocrx_word' id='word_1_10' title='bbox 1043 717 1222 791; x_wconf 78' lang='lat' dir='ltr'><strong>consentit</strong></span> <span class='ocrx_word' id='word_1_11' title='bbox 1244 717 1353 820; x_wconf 87' lang='lat' dir='ltr'><strong>iisque</strong></span> 
     </span>
     <span class='ocr_line' id='line_1_3' title="bbox 339 838 1357 941; baseline 0.004 -30"><span class='ocrx_word' id='word_1_12' title='bbox 339 899 362 929; x_wconf 85' lang='lat'><strong>‚,</strong></span> <span class='ocrx_word' id='word_1_13' title='bbox 389 838 563 939; x_wconf 83' lang='lat' dir='ltr'><strong>persimile</strong></span> <span class='ocrx_word' id='word_1_14' title='bbox 578 857 627 910; x_wconf 88' lang='lat' dir='ltr'><strong>est</strong></span> <span class='ocrx_word' id='word_1_15' title='bbox 644 897 652 926; x_wconf 81' lang='grc'><em>,</em></span> <span class='ocrx_word' id='word_1_16' title='bbox 675 839 734 911; x_wconf 82' lang='lat' dir='ltr'><strong>sed</strong></span> <span class='ocrx_word' id='word_1_17' title='bbox 749 840 850 938; x_wconf 89' lang='lat' dir='ltr'><strong>longe</strong></span> <span class='ocrx_word' id='word_1_18' title='bbox 865 839 1029 912; x_wconf 75' lang='lat' dir='ltr'><strong>uberiora</strong></span> <span class='ocrx_word' id='word_1_19' title='bbox 1053 856 1088 912; x_wconf 92' lang='lat' dir='ltr'><strong>et</strong></span> <span class='ocrx_word' id='word_1_20' title='bbox 1111 841 1283 941; x_wconf 88' lang='lat' dir='ltr'><strong>copiosius</strong></span> <span class='ocrx_word' id='word_1_21' title='bbox 1300 870 1357 915; x_wconf 85' lang='lat' dir='ltr'><strong>ex·</strong></span> 
     </span>
     <span class='ocr_line' id='line_1_4' title="bbox 337 964 1352 1068; baseline 0 -29"><span class='ocrx_word' id='word_1_22' title='bbox 337 1021 362 1051; x_wconf 85' lang='lat'><strong>‚‚</strong></span> <span class='ocrx_word' id='word_1_23' title='bbox 389 966 498 1064; x_wconf 88' lang='lat' dir='ltr'><strong>posita</strong></span> <span class='ocrx_word' id='word_1_24' title='bbox 513 967 672 1039; x_wconf 86' lang='lat' dir='ltr'><strong>continet</strong></span> <span class='ocrx_word' id='word_1_25' title='bbox 686 993 792 1068; x_wconf 85' lang='lat' dir='ltr'><strong>quam</strong></span> <span class='ocrx_word' id='word_1_26' title='bbox 805 966 844 1036; x_wconf 94' lang='lat' dir='ltr'><strong>in</strong></span> <span class='ocrx_word' id='word_1_27' title='bbox 858 964 1034 1063; x_wconf 77' lang='lat' dir='ltr'><strong>impressis</strong></span> <span class='ocrx_word' id='word_1_28' title='bbox 1044 965 1230 1040; x_wconf 84' lang='lat' dir='ltr'><strong>habentur.</strong></span> <span class='ocrx_word' id='word_1_29' title='bbox 1247 1024 1272 1056; x_wconf 79' lang='lat'><strong>,‚</strong></span> <span class='ocrx_word' id='word_1_30' title='bbox 1292 967 1352 1039; x_wconf 87' lang='lat' dir='ltr'><strong>Vi·</strong></span> 
     </span>
     <span class='ocr_line' id='line_1_5' title="bbox 335 1088 1355 1192; baseline 0.007 -31"><span class='ocrx_word' id='word_1_31' title='bbox 335 1088 475 1164; x_wconf 84' lang='lat' dir='ltr'><strong>debunt</strong></span> <span class='ocrx_word' id='word_1_32' title='bbox 494 1092 601 1190; x_wconf 85' lang='lat' dir='ltr'><strong>igitur</strong></span> <span class='ocrx_word' id='word_1_33' title='bbox 624 1092 647 1162; x_wconf 92' lang='lat' dir='ltr'><strong>ii</strong></span> <span class='ocrx_word' id='word_1_34' title='bbox 666 1150 676 1179; x_wconf 82' lang='grc'><em>,</em></span> <span class='ocrx_word' id='word_1_35' title='bbox 695 1091 758 1192; x_wconf 91' lang='lat' dir='ltr'><strong>qui</strong></span> <span class='ocrx_word' id='word_1_36' title='bbox 773 1090 931 1165; x_wconf 86' lang='lat' dir='ltr'><strong>codicem</strong></span> <span class='ocrx_word' id='word_1_37' title='bbox 944 1091 1150 1164; x_wconf 83' lang='lat' dir='ltr'><strong>bobiensem</strong></span> <span class='ocrx_word' id='word_1_38' title='bbox 1162 1118 1269 1166; x_wconf 88' lang='lat' dir='ltr'><strong>manu</strong></span> <span class='ocrx_word' id='word_1_39' title='bbox 1288 1112 1355 1168; x_wconf 89' lang='lat' dir='ltr'><strong>tra·</strong></span> 
     </span>
     <span class='ocr_line' id='line_1_6' title="bbox 337 1214 1355 1311; baseline 0.006 -26"><span class='ocrx_word' id='word_1_40' title='bbox 337 1228 432 1285; x_wconf 88' lang='lat' dir='ltr'><strong>etant</strong></span> <span class='ocrx_word' id='word_1_41' title='bbox 449 1271 458 1298; x_wconf 86' lang='lat'>‚</span> <span class='ocrx_word' id='word_1_42' title='bbox 478 1231 598 1287; x_wconf 89' lang='lat' dir='ltr'><strong>utrum</strong></span> <span class='ocrx_word' id='word_1_43' title='bbox 615 1230 711 1286; x_wconf 89' lang='lat' dir='ltr'><strong>vetus</strong></span> <span class='ocrx_word' id='word_1_44' title='bbox 733 1214 816 1286; x_wconf 83' lang='lat' dir='ltr'><strong>illud</strong></span> <span class='ocrx_word' id='word_1_45' title='bbox 832 1215 1068 1311; x_wconf 79' lang='lat' dir='ltr'><strong>fragmentum</strong></span> <span class='ocrx_word' id='word_1_46' title='bbox 1081 1216 1123 1288; x_wconf 85' lang='lat' dir='ltr'><strong>ad</strong></span> <span class='ocrx_word' id='word_1_47' title='bbox 1150 1217 1355 1291; x_wconf 89' lang='lat' dir='ltr'><strong>vaticanum</strong></span> 
     </span>
     <span class='ocr_line' id='line_1_7' title="bbox 336 1339 1353 1440; baseline 0.003 -28"><span class='ocrx_word' id='word_1_48' title='bbox 336 1368 423 1440; x_wconf 89' lang='lat' dir='ltr'><strong>opus</strong></span> <span class='ocrx_word' id='word_1_49' title='bbox 439 1342 637 1440; x_wconf 84' lang='lat' dir='ltr'><strong>pertineat,</strong></span> <span class='ocrx_word' id='word_1_50' title='bbox 656 1369 725 1413; x_wconf 88' lang='lat' dir='ltr'><strong>nec</strong></span> <span class='ocrx_word' id='word_1_51' title='bbox 744 1369 799 1414; x_wconf 87' lang='lat' dir='ltr'><strong>ue.</strong></span> <span class='ocrx_word' id='word_1_52' title='bbox 817 1340 877 1415; x_wconf 83' lang='lat' dir='ltr'><strong>lV.</strong></span> <span class='ocrx_word' id='word_1_53' title='bbox 895 1339 1088 1415; x_wconf 84' lang='lat' dir='ltr'><strong>Cledonirts</strong></span> <span class='ocrx_word' id='word_1_54' title='bbox 1107 1343 1353 1439; x_wconf 87' lang='lat' dir='ltr'><strong>grammaticus</strong></span> 
     </span>
     <span class='ocr_line' id='line_1_8' title="bbox 334 1466 1354 1566; baseline 0.003 -30"><span class='ocrx_word' id='word_1_55' title='bbox 334 1466 371 1537; x_wconf 89' lang='lat' dir='ltr'><strong>in</strong></span> <span class='ocrx_word' id='word_1_56' title='bbox 390 1469 599 1566; x_wconf 89' lang='lat' dir='ltr'><strong>putschiana</strong></span> <span class='ocrx_word' id='word_1_57' title='bbox 624 1467 782 1540; x_wconf 74' lang='lat' dir='ltr'><strong>editione</strong></span> <span class='ocrx_word' id='word_1_58' title='bbox 805 1495 836 1565; x_wconf 88' lang='lat' dir='ltr'><strong>p.</strong></span> <span class='ocrx_word' id='word_1_59' title='bbox 858 1468 964 1564; x_wconf 74' lang='lat'>1933.</span> <span class='ocrx_word' id='word_1_60' title='bbox 988 1467 1254 1562; x_wconf 82' lang='lat' dir='ltr'><strong>gratnmaticum</strong></span> <span class='ocrx_word' id='word_1_61' title='bbox 1270 1466 1354 1539; x_wconf 86' lang='lat' dir='ltr'><strong>vati·</strong></span> 
     </span>
     <span class='ocr_line' id='line_1_9' title="bbox 288 1589 1352 1665; baseline 0.003 -3"><span class='ocrx_word' id='word_1_62' title='bbox 288 1597 291 1601; x_wconf 83' lang='grc'><strong>’</strong></span> <span class='ocrx_word' id='word_1_63' title='bbox 336 1618 466 1665; x_wconf 90' lang='lat' dir='ltr'><strong>canum</strong></span> <span class='ocrx_word' id='word_1_64' title='bbox 480 1592 545 1665; x_wconf 89' lang='lat' dir='ltr'><strong>sub</strong></span> <span class='ocrx_word' id='word_1_65' title='bbox 559 1592 703 1665; x_wconf 90' lang='lat' dir='ltr'><strong>nomino</strong></span> <span class='ocrx_word' id='word_1_66' title='bbox 717 1590 823 1663; x_wconf 88' lang='lat' dir='ltr'><strong>Probi</strong></span> <span class='ocrx_word' id='word_1_67' title='bbox 837 1590 1097 1663; x_wconf 83' lang='lat' dir='ltr'><strong>evidentissime</strong></span> <span class='ocrx_word' id='word_1_68' title='bbox 1111 1590 1275 1662; x_wconf 80' lang='lat' dir='ltr'><strong>exscribit</strong></span> <span class='ocrx_word' id='word_1_69' title='bbox 1288 1589 1352 1665; x_wconf 90' lang='lat' dir='ltr'><strong>sic:</strong></span> 
     </span>
     <span class='ocr_line' id='line_1_10' title="bbox 274 1713 1354 1818; baseline -0.002 -30"><span class='ocrx_word' id='word_1_70' title='bbox 274 1716 277 1723; x_wconf 79' lang='grc'><strong>’</strong></span> <span class='ocrx_word' id='word_1_71' title='bbox 327 1722 613 1818; x_wconf 81' lang='lat' dir='ltr'><strong>praepositiones</strong></span> <span class='ocrx_word' id='word_1_72' title='bbox 634 1731 713 1787; x_wconf 81' lang='lat' dir='ltr'><strong>sant</strong></span> <span class='ocrx_word' id='word_1_73' title='bbox 731 1773 743 1799; x_wconf 90' lang='lat'><em>‚</em></span> <span class='ocrx_word' id='word_1_74' title='bbox 764 1715 959 1788; x_wconf 79' lang='lat' dir='ltr'><strong>seeumlunr</strong></span> <span class='ocrx_word' id='word_1_75' title='bbox 988 1713 1180 1800; x_wconf 82' lang='lat' dir='ltr'><strong>Probum,</strong></span> <span class='ocrx_word' id='word_1_76' title='bbox 1204 1740 1354 1786; x_wconf 79' lang='lat' dir='ltr'><strong>rrrsmrro</strong></span> 
     </span>
    </p>
   </div>
   <div class='ocr_carea' id='block_1_3' title="bbox 332 1837 1351 1945">
    <p class='ocr_par' dir='ltr' id='par_1_3' title="bbox 332 1837 1351 1945">
     <span class='ocr_line' id='line_1_11' title="bbox 332 1837 1351 1945; baseline -0.003 -29"><span class='ocrx_word' id='word_1_77' title='bbox 332 1845 592 1945; x_wconf 81' lang='lat' dir='ltr'><strong>quinquaginta</strong></span> <span class='ocrx_word' id='word_1_78' title='bbox 604 1854 637 1910; x_wconf 78' lang='lat' dir='ltr'><strong>rt</strong></span> <span class='ocrx_word' id='word_1_79' title='bbox 649 1844 807 1941; x_wconf 77' lang='lat' dir='ltr'><strong>quinqua</strong></span> <span class='ocrx_word' id='word_1_80' title='bbox 815 1868 829 1926; x_wconf 91' lang='lat'><em>;</em></span> <span class='ocrx_word' id='word_1_81' title='bbox 843 1865 894 1908; x_wconf 76' lang='lat' dir='ltr'><strong>ear</strong></span> <span class='ocrx_word' id='word_1_82' title='bbox 906 1837 960 1910; x_wconf 83' lang='lat' dir='ltr'><strong>lu&#39;s</strong></span> <span class='ocrx_word' id='word_1_83' title='bbox 977 1837 1132 1911; x_wconf 80' lang='lat' dir='ltr'><strong>tributae</strong></span> <span class='ocrx_word' id='word_1_84' title='bbox 1149 1853 1230 1910; x_wconf 80' lang='lat' dir='ltr'><strong>suru</strong></span> <span class='ocrx_word' id='word_1_85' title='bbox 1246 1865 1351 1913; x_wconf 87' lang='lat' dir='ltr'><strong>accu-</strong></span> 
     </span>
    </p>
   </div>
   <div class='ocr_carea' id='block_1_4' title="bbox 318 1960 1351 4186">
    <p class='ocr_par' dir='ltr' id='par_1_4' title="bbox 318 1960 1351 4186">
     <span class='ocr_line' id='line_1_12' title="bbox 329 1960 1351 2065; baseline -0.005 -27"><span class='ocrx_word' id='word_1_86' title='bbox 329 1970 439 2038; x_wconf 82' lang='lat' dir='ltr'><strong>sativo</strong></span> <span class='ocrx_word' id='word_1_87' title='bbox 465 1970 610 2064; x_wconf 83' lang='lat' dir='ltr'><strong>triginta</strong></span> <span class='ocrx_word' id='word_1_88' title='bbox 630 2021 644 2049; x_wconf 87' lang='lat'><em>‚</em></span> <span class='ocrx_word' id='word_1_89' title='bbox 663 1960 814 2034; x_wconf 74' lang='lat' dir='ltr'><strong>ablativo</strong></span> <span class='ocrx_word' id='word_1_90' title='bbox 841 1963 1044 2064; x_wconf 76' lang='lat' dir='ltr'><strong>quindecim.</strong></span> <span class='ocrx_word' id='word_1_91' title='bbox 1062 2020 1076 2048; x_wconf 91' lang='lat'><em>,</em></span> <span class='ocrx_word' id='word_1_92' title='bbox 1094 1968 1239 2064; x_wconf 79' lang='lat' dir='ltr'><strong>utrique</strong></span> <span class='ocrx_word' id='word_1_93' title='bbox 1265 1990 1351 2065; x_wconf 76' lang='lat' dir='ltr'><strong>qrat-</strong></span> 
     </span>
     <span class='ocr_line' id='line_1_13' title="bbox 329 2084 1346 2191; baseline -0.002 -33"><span class='ocrx_word' id='word_1_94' title='bbox 329 2102 413 2158; x_wconf 88' lang='lat' dir='ltr'><strong>tuor</strong></span> <span class='ocrx_word' id='word_1_95' title='bbox 431 2144 446 2172; x_wconf 89' lang='lat'><em>,</em></span> <span class='ocrx_word' id='word_1_96' title='bbox 472 2091 621 2191; x_wconf 79' lang='lat' dir='ltr'><strong>loquelis</strong></span> <span class='ocrx_word' id='word_1_97' title='bbox 646 2112 724 2160; x_wconf 80' lang='lat' dir='ltr'><strong>sear.</strong></span> <span class='ocrx_word' id='word_1_98' title='bbox 746 2084 848 2181; x_wconf 89' lang='lat' dir='ltr'><strong>Quae</strong></span> <span class='ocrx_word' id='word_1_99' title='bbox 877 2086 993 2159; x_wconf 91' lang='lat' dir='ltr'><strong>omnia</strong></span> <span class='ocrx_word' id='word_1_100' title='bbox 1023 2103 1103 2157; x_wconf 89' lang='lat' dir='ltr'><strong>sunt</strong></span> <span class='ocrx_word' id='word_1_101' title='bbox 1130 2084 1346 2183; x_wconf 78' lang='lat' dir='ltr'><strong>grammatici</strong></span> 
     </span>
     <span class='ocr_line' id='line_1_14' title="bbox 329 2210 1346 2314; baseline 0 -31"><span class='ocrx_word' id='word_1_102' title='bbox 329 2211 485 2284; x_wconf 82' lang='lat' dir='ltr'><strong>vaticani</strong></span> <span class='ocrx_word' id='word_1_103' title='bbox 504 2212 607 2284; x_wconf 89' lang='lat' dir='ltr'><strong>verba</strong></span> <span class='ocrx_word' id='word_1_104' title='bbox 622 2238 782 2314; x_wconf 84' lang='lat' dir='ltr'><strong>p.272.a.</strong></span> <span class='ocrx_word' id='word_1_105' title='bbox 798 2211 920 2312; x_wconf 77' lang='lat' dir='ltr'><strong>Atque</strong></span> <span class='ocrx_word' id='word_1_106' title='bbox 940 2211 1036 2285; x_wconf 74' lang='lat' dir='ltr'><strong>hautl</strong></span> <span class='ocrx_word' id='word_1_107' title='bbox 1057 2212 1128 2284; x_wconf 90' lang='lat' dir='ltr'><strong>scio</strong></span> <span class='ocrx_word' id='word_1_108' title='bbox 1149 2240 1191 2283; x_wconf 87' lang='lat' dir='ltr'><strong>an</strong></span> <span class='ocrx_word' id='word_1_109' title='bbox 1214 2210 1346 2313; x_wconf 85' lang='lat' dir='ltr'><strong>aliquid</strong></span> 
     </span>
     <span class='ocr_line' id='line_1_15' title="bbox 330 2334 1346 2438; baseline -0.001 -29"><span class='ocrx_word' id='word_1_110' title='bbox 330 2364 472 2438; x_wconf 90' lang='lat' dir='ltr'><strong>quoque</strong></span> <span class='ocrx_word' id='word_1_111' title='bbox 493 2335 658 2436; x_wconf 87' lang='lat' dir='ltr'><strong>ponderis</strong></span> <span class='ocrx_word' id='word_1_112' title='bbox 680 2336 823 2426; x_wconf 86' lang='lat' dir='ltr'><strong>lrabeat,</strong></span> <span class='ocrx_word' id='word_1_113' title='bbox 843 2336 938 2437; x_wconf 85' lang='lat' dir='ltr'><strong>quod</strong></span> <span class='ocrx_word' id='word_1_114' title='bbox 961 2353 1082 2408; x_wconf 90' lang='lat' dir='ltr'><strong>noster</strong></span> <span class='ocrx_word' id='word_1_115' title='bbox 1104 2363 1134 2435; x_wconf 90' lang='lat' dir='ltr'><strong>p.</strong></span> <span class='ocrx_word' id='word_1_116' title='bbox 1150 2336 1233 2435; x_wconf 77' lang='lat'><strong>293.</strong></span> <span class='ocrx_word' id='word_1_117' title='bbox 1249 2363 1277 2408; x_wconf 91' lang='lat' dir='ltr'><strong>a.</strong></span> <span class='ocrx_word' id='word_1_118' title='bbox 1298 2334 1346 2408; x_wconf 87' lang='lat' dir='ltr'><strong>ait</strong></span> 
     </span>
     <span class='ocr_line' id='line_1_16' title="bbox 332 2457 1348 2560; baseline -0.005 -26"><span class='ocrx_word' id='word_1_119' title='bbox 332 2475 356 2506; x_wconf 88' lang='lat'>“</span> <span class='ocrx_word' id='word_1_120' title='bbox 385 2457 476 2535; x_wconf 85' lang='lat' dir='ltr'><strong>salva</strong></span> <span class='ocrx_word' id='word_1_121' title='bbox 507 2461 616 2532; x_wconf 79' lang='lat' dir='ltr'><strong>forma</strong></span> <span class='ocrx_word' id='word_1_122' title='bbox 650 2459 826 2535; x_wconf 83' lang='lat' dir='ltr'><strong>catholica</strong></span> <span class='ocrx_word' id='word_1_123' title='bbox 857 2518 881 2549; x_wconf 89' lang='lat'><strong>„</strong></span> <span class='ocrx_word' id='word_1_124' title='bbox 910 2460 1002 2560; x_wconf 84' lang='lat' dir='ltr'><strong>quod</strong></span> <span class='ocrx_word' id='word_1_125' title='bbox 1036 2458 1249 2532; x_wconf 86' lang='lat' dir='ltr'><strong>vocabulum</strong></span> <span class='ocrx_word' id='word_1_126' title='bbox 1277 2485 1348 2532; x_wconf 86' lang='lat' dir='ltr'><strong>esse</strong></span> 
     </span>
     <span class='ocr_line' id='line_1_17' title="bbox 328 2583 1348 2690; baseline 0.004 -32"><span class='ocrx_word' id='word_1_127' title='bbox 328 2583 439 2660; x_wconf 92' lang='lat' dir='ltr'><strong>Probi</strong></span> <span class='ocrx_word' id='word_1_128' title='bbox 453 2587 630 2690; x_wconf 82' lang='lat' dir='ltr'><strong>peculiare</strong></span> <span class='ocrx_word' id='word_1_129' title='bbox 643 2588 804 2678; x_wconf 88' lang='lat' dir='ltr'><strong>videtur,</strong></span> <span class='ocrx_word' id='word_1_130' title='bbox 818 2590 921 2663; x_wconf 91' lang='lat' dir='ltr'><strong>cuius</strong></span> <span class='ocrx_word' id='word_1_131' title='bbox 934 2588 1024 2660; x_wconf 90' lang='lat' dir='ltr'><strong>liber</strong></span> <span class='ocrx_word' id='word_1_132' title='bbox 1038 2587 1215 2662; x_wconf 77' lang='lat' dir='ltr'><strong>catlwlioa</strong></span> <span class='ocrx_word' id='word_1_133' title='bbox 1230 2602 1348 2662; x_wconf 83' lang='lat' dir='ltr'><strong>exstat.</strong></span> 
     </span>
     <span class='ocr_line' id='line_1_18' title="bbox 327 2706 1349 2811; baseline 0.005 -33"><span class='ocrx_word' id='word_1_134' title='bbox 327 2706 532 2784; x_wconf 85' lang='lat' dir='ltr'><strong>Priscianus</strong></span> <span class='ocrx_word' id='word_1_135' title='bbox 552 2710 634 2783; x_wconf 89' lang='lat' dir='ltr'><strong>libri</strong></span> <span class='ocrx_word' id='word_1_136' title='bbox 655 2712 795 2811; x_wconf 92' lang='lat' dir='ltr'><strong>septimi</strong></span> <span class='ocrx_word' id='word_1_137' title='bbox 816 2711 919 2783; x_wconf 89' lang='lat' dir='ltr'><strong>initio</strong></span> <span class='ocrx_word' id='word_1_138' title='bbox 940 2710 1010 2784; x_wconf 87' lang='lat' dir='ltr'><strong>ait:</strong></span> <span class='ocrx_word' id='word_1_139' title='bbox 1037 2710 1224 2783; x_wconf 85' lang='lat' dir='ltr'><strong>“Probus</strong></span> <span class='ocrx_word' id='word_1_140' title='bbox 1243 2714 1349 2783; x_wconf 84' lang='lat' dir='ltr'><strong>inin·</strong></span> 
     </span>
     <span class='ocr_line' id='line_1_19' title="bbox 323 2835 1347 2918; baseline 0.004 -17"><span class='ocrx_word' id='word_1_141' title='bbox 323 2837 450 2907; x_wconf 81' lang='lat' dir='ltr'><strong>stitutis</strong></span> <span class='ocrx_word' id='word_1_142' title='bbox 475 2841 609 2908; x_wconf 76' lang='lat' dir='ltr'><strong>artium</strong></span> <span class='ocrx_word' id='word_1_143' title='bbox 634 2836 784 2909; x_wconf 76' lang='lat' dir='ltr'><strong>osterulit</strong></span> <span class='ocrx_word' id='word_1_144' title='bbox 810 2835 879 2910; x_wconf 84' lang='lat' dir='ltr'><strong>boc</strong></span> <span class='ocrx_word' id='word_1_145' title='bbox 905 2861 1014 2906; x_wconf 78' lang='lat' dir='ltr'><strong>ursum</strong></span> <span class='ocrx_word' id='word_1_146' title='bbox 1040 2860 1167 2905; x_wconf 71' lang='lat' dir='ltr'><strong>nomeu</strong></span> <span class='ocrx_word' id='word_1_147' title='bbox 1186 2849 1347 2918; x_wconf 73' lang='lat' dir='ltr'><strong>turmam,</strong></span> 
     </span>
     <span class='ocr_line' id='line_1_20' title="bbox 324 2954 1347 3062; baseline 0.007 -35"><span class='ocrx_word' id='word_1_148' title='bbox 324 2954 394 3030; x_wconf 84' lang='lat' dir='ltr'><strong>boo</strong></span> <span class='ocrx_word' id='word_1_149' title='bbox 420 2975 471 3032; x_wconf 79' lang='lat' dir='ltr'><strong>est</strong></span> <span class='ocrx_word' id='word_1_150' title='bbox 496 2964 587 3031; x_wconf 73' lang='lat' dir='ltr'><strong>alites</strong></span> <span class='ocrx_word' id='word_1_151' title='bbox 613 3017 627 3044; x_wconf 91' lang='lat'><em>,</em></span> <span class='ocrx_word' id='word_1_152' title='bbox 653 2987 762 3062; x_wconf 90' lang='lat' dir='ltr'><strong>quam</strong></span> <span class='ocrx_word' id='word_1_153' title='bbox 788 2966 945 3033; x_wconf 79' lang='lat' dir='ltr'><strong>maxime</strong></span> <span class='ocrx_word' id='word_1_154' title='bbox 967 2973 1122 3060; x_wconf 76' lang='lat' dir='ltr'><strong>propter</strong></span> <span class='ocrx_word' id='word_1_155' title='bbox 1147 2975 1347 3034; x_wconf 85' lang='lat' dir='ltr'><strong>structuras</strong></span> 
     </span>
     <span class='ocr_line' id='line_1_21' title="bbox 319 3085 1347 3182; baseline 0.005 -28"><span class='ocrx_word' id='word_1_156' title='bbox 319 3088 473 3180; x_wconf 77' lang='lat' dir='ltr'><strong>genitivo</strong></span> <span class='ocrx_word' id='word_1_157' title='bbox 492 3099 528 3156; x_wconf 80' lang='lat' dir='ltr'><strong>et</strong></span> <span class='ocrx_word' id='word_1_158' title='bbox 546 3085 662 3158; x_wconf 74' lang='lat' dir='ltr'><strong>cbrtioo</strong></span> <span class='ocrx_word' id='word_1_159' title='bbox 681 3113 769 3160; x_wconf 87' lang='lat' dir='ltr'><strong>casu</strong></span> <span class='ocrx_word' id='word_1_160' title='bbox 787 3090 930 3158; x_wconf 77' lang='lat' dir='ltr'><strong>numeri</strong></span> <span class='ocrx_word' id='word_1_161' title='bbox 948 3089 1167 3182; x_wconf 85' lang='lat' dir='ltr'><strong>singularis,</strong></span> <span class='ocrx_word' id='word_1_162' title='bbox 1193 3090 1244 3158; x_wconf 85' lang='lat' dir='ltr'><strong>sic</strong></span> <span class='ocrx_word' id='word_1_163' title='bbox 1263 3111 1347 3158; x_wconf 81' lang='lat' dir='ltr'><strong>orso·</strong></span> 
     </span>
     <span class='ocr_line' id='line_1_22' title="bbox 322 3208 1347 3310; baseline 0.001 -28"><span class='ocrx_word' id='word_1_164' title='bbox 322 3214 415 3282; x_wconf 89' lang='lat' dir='ltr'><strong>male</strong></span> <span class='ocrx_word' id='word_1_165' title='bbox 441 3210 686 3310; x_wconf 74' lang='lat' dir='ltr'><strong>corfirnutum</strong></span> <span class='ocrx_word' id='word_1_166' title='bbox 712 3211 888 3284; x_wconf 77' lang='lat' dir='ltr'><strong>deelirmri</strong></span> <span class='ocrx_word' id='word_1_167' title='bbox 907 3269 921 3296; x_wconf 91' lang='lat'><em>,</em></span> <span class='ocrx_word' id='word_1_168' title='bbox 948 3209 1007 3283; x_wconf 76' lang='lat' dir='ltr'><strong>laic</strong></span> <span class='ocrx_word' id='word_1_169' title='bbox 1034 3215 1125 3282; x_wconf 80' lang='lat' dir='ltr'><strong>aliur</strong></span> <span class='ocrx_word' id='word_1_170' title='bbox 1149 3267 1160 3293; x_wconf 91' lang='lat'>,</span> <span class='ocrx_word' id='word_1_171' title='bbox 1185 3208 1293 3283; x_wconf 78' lang='lat' dir='ltr'><strong>leuius</strong></span> <span class='ocrx_word' id='word_1_172' title='bbox 1310 3236 1347 3282; x_wconf 89' lang='lat' dir='ltr'><strong>a·</strong></span> 
     </span>
     <span class='ocr_line' id='line_1_23' title="bbox 326 3330 1346 3432; baseline 0.005 -29"><span class='ocrx_word' id='word_1_173' title='bbox 326 3337 418 3417; x_wconf 80' lang='lat' dir='ltr'><strong>lius,</strong></span> <span class='ocrx_word' id='word_1_174' title='bbox 437 3330 523 3407; x_wconf 78' lang='lat' dir='ltr'><strong>huic</strong></span> <span class='ocrx_word' id='word_1_175' title='bbox 543 3339 614 3406; x_wconf 84' lang='lat' dir='ltr'><strong>alii.</strong></span> <span class='ocrx_word' id='word_1_176' title='bbox 628 3332 675 3407; x_wconf 86' lang='lat' dir='ltr'><strong>llt</strong></span> <span class='ocrx_word' id='word_1_177' title='bbox 697 3335 792 3407; x_wconf 91' lang='lat' dir='ltr'><strong>enim</strong></span> <span class='ocrx_word' id='word_1_178' title='bbox 812 3352 929 3406; x_wconf 89' lang='lat' dir='ltr'><strong>noster</strong></span> <span class='ocrx_word' id='word_1_179' title='bbox 949 3334 1198 3431; x_wconf 82' lang='lat' dir='ltr'><strong>grammaticus</strong></span> <span class='ocrx_word' id='word_1_180' title='bbox 1219 3335 1346 3432; x_wconf 83' lang='lat' dir='ltr'><strong>p.215.</strong></span> 
     </span>
     <span class='ocr_line' id='line_1_24' title="bbox 324 3456 1347 3533; baseline 0.002 -3"><span class='ocrx_word' id='word_1_181' title='bbox 324 3486 354 3531; x_wconf 93' lang='lat' dir='ltr'><strong>a.</strong></span> <span class='ocrx_word' id='word_1_182' title='bbox 376 3456 413 3529; x_wconf 84' lang='lat' dir='ltr'><strong>id</strong></span> <span class='ocrx_word' id='word_1_183' title='bbox 434 3457 482 3530; x_wconf 90' lang='lat' dir='ltr'><strong>ait</strong></span> <span class='ocrx_word' id='word_1_184' title='bbox 501 3457 545 3530; x_wconf 83' lang='lat' dir='ltr'><strong>de</strong></span> <span class='ocrx_word' id='word_1_185' title='bbox 566 3459 707 3533; x_wconf 85' lang='lat' dir='ltr'><strong>duobus</strong></span> <span class='ocrx_word' id='word_1_186' title='bbox 731 3460 934 3532; x_wconf 87' lang='lat' dir='ltr'><strong>nominibus</strong></span> <span class='ocrx_word' id='word_1_187' title='bbox 955 3477 1036 3533; x_wconf 75' lang='lat' dir='ltr'><strong>teter·</strong></span> <span class='ocrx_word' id='word_1_188' title='bbox 1057 3477 1091 3532; x_wconf 87' lang='lat' dir='ltr'><strong>rt</strong></span> <span class='ocrx_word' id='word_1_189' title='bbox 1112 3467 1224 3533; x_wconf 71' lang='lat' dir='ltr'><strong>ariter:</strong></span> <span class='ocrx_word' id='word_1_190' title='bbox 1246 3459 1347 3532; x_wconf 73' lang='lat' dir='ltr'><strong>arltlit</strong></span> 
     </span>
     <span class='ocr_line' id='line_1_25' title="bbox 322 3583 1346 3672; baseline 0.004 -18"><span class='ocrx_word' id='word_1_191' title='bbox 322 3599 438 3657; x_wconf 89' lang='lat' dir='ltr'><strong>tamen</strong></span> <span class='ocrx_word' id='word_1_192' title='bbox 460 3641 470 3672; x_wconf 87' lang='lat'>‚</span> <span class='ocrx_word' id='word_1_193' title='bbox 496 3611 530 3655; x_wconf 88' lang='lat' dir='ltr'><strong>se</strong></span> <span class='ocrx_word' id='word_1_194' title='bbox 551 3583 595 3656; x_wconf 86' lang='lat' dir='ltr'><strong>de</strong></span> <span class='ocrx_word' id='word_1_195' title='bbox 616 3584 669 3656; x_wconf 82' lang='lat' dir='ltr'><strong>his</strong></span> <span class='ocrx_word' id='word_1_196' title='bbox 690 3584 724 3655; x_wconf 91' lang='lat' dir='ltr'><strong>in</strong></span> <span class='ocrx_word' id='word_1_197' title='bbox 749 3584 882 3657; x_wconf 87' lang='lat' dir='ltr'><strong>ratione</strong></span> <span class='ocrx_word' id='word_1_198' title='bbox 904 3601 1097 3657; x_wconf 82' lang='lat' dir='ltr'><strong>metrorum</strong></span> <span class='ocrx_word' id='word_1_199' title='bbox 1117 3585 1168 3656; x_wconf 82' lang='lat' dir='ltr'><strong>vol</strong></span> <span class='ocrx_word' id='word_1_200' title='bbox 1191 3602 1346 3658; x_wconf 91' lang='lat' dir='ltr'><strong>structu·</strong></span> 
     </span>
     <span class='ocr_line' id='line_1_26' title="bbox 320 3707 1343 3806; baseline 0.001 -26"><span class='ocrx_word' id='word_1_201' title='bbox 320 3735 443 3780; x_wconf 87' lang='lat' dir='ltr'><strong>rarum</strong></span> <span class='ocrx_word' id='word_1_202' title='bbox 462 3737 583 3783; x_wconf 87' lang='lat' dir='ltr'><strong>rursus</strong></span> <span class='ocrx_word' id='word_1_203' title='bbox 601 3709 794 3782; x_wconf 85' lang='lat' dir='ltr'><strong>dicturum.</strong></span> <span class='ocrx_word' id='word_1_204' title='bbox 806 3707 941 3781; x_wconf 85' lang='lat' dir='ltr'><strong>Utrum</strong></span> <span class='ocrx_word' id='word_1_205' title='bbox 954 3737 1033 3806; x_wconf 90' lang='lat' dir='ltr'><strong>ergo</strong></span> <span class='ocrx_word' id='word_1_206' title='bbox 1047 3708 1256 3781; x_wconf 87' lang='lat' dir='ltr'><strong>Priscianus</strong></span> <span class='ocrx_word' id='word_1_207' title='bbox 1279 3709 1343 3781; x_wconf 89' lang='lat' dir='ltr'><strong>hoc</strong></span> 
     </span>
     <span class='ocr_line' id='line_1_27' title="bbox 319 3831 1345 3934; baseline -0.003 -27"><span class='ocrx_word' id='word_1_208' title='bbox 319 3831 517 3907; x_wconf 83' lang='lat' dir='ltr'><strong>secundum</strong></span> <span class='ocrx_word' id='word_1_209' title='bbox 539 3861 627 3934; x_wconf 89' lang='lat' dir='ltr'><strong>opus</strong></span> <span class='ocrx_word' id='word_1_210' title='bbox 648 3833 913 3933; x_wconf 83' lang='lat' dir='ltr'><strong>respexerit,an</strong></span> <span class='ocrx_word' id='word_1_211' title='bbox 936 3834 1106 3907; x_wconf 90' lang='lat' dir='ltr'><strong>mendoso</strong></span> <span class='ocrx_word' id='word_1_212' title='bbox 1128 3832 1173 3904; x_wconf 91' lang='lat' dir='ltr'><strong>sit</strong></span> <span class='ocrx_word' id='word_1_213' title='bbox 1195 3831 1345 3919; x_wconf 85' lang='lat' dir='ltr'><strong>locutus,</strong></span> 
     </span>
     <span class='ocr_line' id='line_1_28' title="bbox 321 3953 1348 4057; baseline -0.007 -24"><span class='ocrx_word' id='word_1_214' title='bbox 321 3984 369 4033; x_wconf 87' lang='lat' dir='ltr'><strong>au</strong></span> <span class='ocrx_word' id='word_1_215' title='bbox 388 3959 564 4033; x_wconf 85' lang='lat' dir='ltr'><strong>diversum</strong></span> <span class='ocrx_word' id='word_1_216' title='bbox 583 3958 695 4035; x_wconf 91' lang='lat' dir='ltr'><strong>Probi</strong></span> <span class='ocrx_word' id='word_1_217' title='bbox 715 3961 834 4035; x_wconf 91' lang='lat' dir='ltr'><strong>locum</strong></span> <span class='ocrx_word' id='word_1_218' title='bbox 854 3956 979 4055; x_wconf 87' lang='lat' dir='ltr'><strong>legerit</strong></span> <span class='ocrx_word' id='word_1_219' title='bbox 1000 4019 1010 4050; x_wconf 85' lang='lat'>‚</span> <span class='ocrx_word' id='word_1_220' title='bbox 1029 3985 1103 4030; x_wconf 90' lang='lat' dir='ltr'><strong>non</strong></span> <span class='ocrx_word' id='word_1_221' title='bbox 1126 3983 1217 4057; x_wconf 90' lang='lat' dir='ltr'><strong>queo</strong></span> <span class='ocrx_word' id='word_1_222' title='bbox 1239 3953 1348 4052; x_wconf 84' lang='lat' dir='ltr'><strong>dispi-</strong></span> 
     </span>
     <span class='ocr_line' id='line_1_29' title="bbox 318 4083 1342 4186; baseline -0.004 -24"><span class='ocrx_word' id='word_1_223' title='bbox 318 4113 408 4163; x_wconf 86' lang='lat' dir='ltr'><strong>cere.</strong></span> <span class='ocrx_word' id='word_1_224' title='bbox 420 4085 493 4160; x_wconf 88' lang='lat' dir='ltr'><strong>Sed</strong></span> <span class='ocrx_word' id='word_1_225' title='bbox 515 4107 550 4161; x_wconf 92' lang='lat' dir='ltr'><strong>et</strong></span> <span class='ocrx_word' id='word_1_226' title='bbox 570 4087 656 4161; x_wconf 87' lang='lat' dir='ltr'><strong>aliae</strong></span> <span class='ocrx_word' id='word_1_227' title='bbox 673 4088 803 4162; x_wconf 90' lang='lat' dir='ltr'><strong>multae</strong></span> <span class='ocrx_word' id='word_1_228' title='bbox 824 4114 843 4159; x_wconf 89' lang='lat' dir='ltr'><strong>a</strong></span> <span class='ocrx_word' id='word_1_229' title='bbox 864 4085 1084 4186; x_wconf 87' lang='lat' dir='ltr'><strong>putschianis</strong></span> <span class='ocrx_word' id='word_1_230' title='bbox 1101 4083 1342 4183; x_wconf 83' lang='lat' dir='ltr'><strong>grammaticis</strong></span> 
     </span>
    </p>
   </div>
   <div class='ocr_carea' id='block_1_5' title="bbox 0 0 1696 5206">
    <p class='ocr_par' dir='ltr' id='par_1_5' title="bbox 0 0 1696 5206">
     <span class='ocr_line' id='line_1_30' title="bbox 0 0 1696 5206; baseline 0 5"><span class='ocrx_word' id='word_1_231' title='bbox 0 0 1696 5206; x_wconf 95' lang='lat' dir='ltr'><strong> </strong></span> 
     </span>
    </p>
   </div>
  </div>
 </body>
</html>
