3382 5206
635 520 702 607 tos
938 547 966 592 s.
991 542 1171 593 annuatur
1196 544 1239 592 na
1263 545 1308 595 nr

601 649 774 730 iuuantes,
791 643 993 730 enodantes,
1017 662 1247 738 emungentes,
1270 645 1495 717 fecundantes
1519 647 1575 714 lta
1592 648 1648 715 fu·

602 751 697 833 turi,
723 751 909 817 truncaturi
929 800 940 834 ,
967 749 1153 834 sulcaturi,
1181 754 1358 818 surrecturi
1378 802 1390 837 ,
1417 756 1646 842 porrecturi,

601 856 853 941 summersuri,
883 857 1088 944 possessuri,
1117 850 1312 924 consenum.
1337 870 1371 923 A.
1396 858 1446 923 Da
1474 859 1654 926 rationem.

604 978 767 1028 accentus.
795 958 844 1025 M.
867 958 1091 1051 Dispondaeus
1117 983 1249 1051 semper
1274 979 1369 1028 acuto
1393 979 1535 1031 accentu
1565 987 1644 1053 pro·

603 1064 731 1136 sertum
757 1065 835 1133 dum
857 1069 937 1134 arsis
966 1083 998 1133 et
1024 1064 1122 1135 thesis
1149 1066 1279 1160 aequali
1305 1085 1495 1158 temporum
1519 1068 1644 1138 discri-

604 1175 694 1242 mine
719 1172 947 1259 diritnuntur,
969 1173 1034 1241 hoc
1062 1191 1110 1241 est
1133 1173 1184 1242 bis
1208 1189 1384 1265 quaterno.

1007 1385 1056 1451 De
1083 1383 1237 1452 diiambo.
1281 1383 1285 1391 ⁵

653 1605 688 1658 A.
711 1595 802 1678 Quae
827 1609 904 1660 suut
926 1595 1096 1661 nominum
1122 1590 1271 1681 exempla
1298 1591 1341 1657 ad
1365 1592 1513 1657 iambum
1539 1595 1644 1683 perti·

608 1697 741 1772 nentia?
761 1701 809 1769 M.
833 1701 923 1769 Haec
948 1716 1095 1767 actutum
1109 1716 1261 1790 prompta
1285 1697 1478 1789 depromere
1498 1723 1567 1767 non
1590 1725 1644 1767 me

609 1823 791 1898 pertaesum
814 1807 961 1897 pigebit,
989 1822 1100 1897 utpote
1127 1806 1333 1897 paternitas,
1351 1806 1545 1890 inormitas,
1581 1808 1644 1873 ini-

610 1913 737 2002 quitas,
760 1909 1007 2003 propinquitas,
1029 1907 1188 1992 fidelitas,
1215 1908 1420 1999 profunditas
1433 1947 1450 1982 2,
1462 1914 1646 1994 severitas,

612 2016 763 2084 ferocitas
783 2054 793 2085 2
817 2019 999 2098 atrocitas,
1022 2016 1211 2100 acerbitas,
1237 2013 1405 2083 latinitas,
1432 2017 1644 2105 procacitas,

611 2125 828 2215 benignitas,
853 2121 1044 2214 cupiditas,
1070 2122 1220 2188 inanitas.
1246 2121 1372 2191 Verum
1398 2119 1480 2189 haec
1505 2123 1644 2189 nomina

614 2231 704 2301 tertii
730 2228 858 2298 ordinis
881 2229 918 2296 iu
941 2227 1096 2321 singulari
1121 2251 1259 2297 numero
1285 2226 1466 2295 secuudum
1495 2225 1646 2317 regulam

614 2333 750 2405 casualis
775 2335 899 2406 formae
923 2352 1111 2426 pentaptota
1135 2358 1202 2404 esse
1218 2350 1420 2418 noscuntur,
1440 2322 1565 2424 plurali
1589 2338 1646 2402 tri-

617 2459 720 2532 ptota.
742 2443 827 2510 ltem
854 2441 1034 2532 imagines,
1060 2443 1223 2532 origines,
1245 2439 1460 2535 hirundines,
1481 2436 1646 2506 harundi-

616 2574 698 2632 nes,
721 2549 935 2640 propagines,
966 2545 1147 2638 voragines.
1179 2543 1292 2612 Verba
1321 2542 1471 2611 similiter
1497 2559 1646 2633 tempore

617 2658 795 2745 praeterito
817 2652 891 2744 plus
913 2675 1015 2744 quam
1037 2644 1181 2741 perfecto
1204 2650 1255 2717 his
1279 2649 1408 2744 legibus
1433 2648 1646 2717 subduntur,

616 2777 653 2824 ut
673 2774 883 2827 amaverant,
909 2755 1110 2847 ligaverant,
1130 2772 1347 2839 necaverant,
1372 2769 1588 2842 putaverant,
1609 2751 1648 2820 li·

618 2880 791 2946 taverant,
818 2865 1029 2952 rigaverant,
1051 2877 1265 2951 negaverant,
1288 2874 1320 2924 et
1348 2874 1470 2924 cetera.
1501 2870 1535 2924 A.
1557 2859 1649 2944 Quae

617 2966 770 3058 prosodia
793 2968 913 3034 tenoris
931 2966 966 3033 in
989 2965 1135 3032 diiambo
1153 2959 1331 3032 statuitur?
1356 2964 1403 3029 Μ.
1427 2962 1571 3029 Nomina
1592 2987 1650 3030 seu

619 3074 723 3141 verba
743 3070 890 3137 diiambo
914 3073 1097 3159 mancipata
1122 3086 1283 3135 acuuntur
1305 3067 1440 3159 quidem
1457 3084 1493 3133 ut
1517 3065 1652 3156 dispon-

621 3180 746 3248 daeus,
775 3176 832 3246 sed
857 3179 892 3243 in
926 3175 989 3243 hoc
1019 3176 1208 3264 discrepare
1237 3190 1432 3240 cernuntur,
1462 3171 1554 3264 quod
1585 3173 1653 3241 dis·

622 3284 787 3377 pondaeus
812 3285 846 3349 in
873 3281 1074 3372 penultimas
1103 3280 1266 3346 diiambus
1293 3304 1370 3348 vero
1393 3283 1429 3346 in
1452 3279 1652 3368 antepenul-

622 3394 700 3458 tima
716 3407 847 3456 acutum
862 3387 1000 3456 habebit
1014 3406 1183 3456 accentum
1197 3438 1207 3470 ,
1221 3403 1252 3458 et
1268 3404 1374 3454 cetera
1390 3386 1633 3477 gravabuntur.

1003 3601 1053 3665 De
1078 3598 1277 3666 ditrochaeo.

675 3827 708 3882 A.
734 3817 782 3881 Da
803 3812 959 3881 formulas
986 3814 1230 3903 exemplorum,
1254 3812 1374 3903 quibus
1401 3810 1586 3877 ditrochaei
1612 3836 1661 3879 re

628 3922 703 4014 gula
731 3937 944 4011 conpetenter
962 3920 1136 3989 clarescat.
1166 3921 1213 3986 M.
1238 3918 1432 4008 Cartilagos
1467 3918 1663 3986 cantilena,

630 4027 810 4111 celsitudo,
834 4025 994 4094 altitudo,
1021 4025 1215 4116 gippitudo,
1242 4023 1431 4114 lippitudo,
1458 4022 1660 4115 longitudo·
