3382 5206
749 549 891 599 mnonn
917 551 975 598 xn.
1273 532 1343 632 147

357 659 540 762 praedicto
566 656 749 758 participio
772 659 927 760 typicata
952 676 1047 736 sunt.
1075 658 1227 757 Quando
1254 681 1374 738 autem

357 782 467 879 gerit,
493 796 582 854 tunc
608 796 747 852 tantum
767 767 921 878 'gerendi
945 781 1259 883 nomen'accipitt
1284 785 1371 885 typi·

355 900 429 974 cale
458 916 580 972 autem
599 925 755 986 nomen,
782 899 852 971 sive
878 918 971 996 gerat
996 901 1067 973 sive
1088 902 1193 974 etiam
1219 929 1294 974 non
1314 929 1369 999 ge·

354 1036 426 1106 rat,
438 1018 658 1090 immobiliter
670 1017 814 1093 tenebit.
827 1016 905 1117 Ipsa
924 1036 1044 1091 autem
1060 1018 1247 1118 participia
1259 1047 1369 1119 quan·

354 1139 554 1239 documque
579 1138 694 1211 verbis
714 1138 848 1211 luerint
875 1138 1071 1239 applicata,
1098 1156 1278 1239 tamquam
1295 1166 1368 1212 ver·

352 1260 396 1331 ba
415 1262 601 1335 sonabunt.
624 1257 719 1331 Sunt
739 1259 984 1357 compositiva,
1004 1276 1045 1332 ut
1063 1259 1180 1356 legens
1192 1287 1285 1333 eram
1303 1289 1365 1360 pro

348 1378 507 1477 legebam
531 1380 586 1452 vel
612 1379 713 1476 legi3
741 1396 775 1452 et
802 1379 920 1477 legens
950 1408 1008 1452 ero
1037 1408 1100 1479 pro
1126 1380 1248 1477 legam.
1278 1378 1364 1455 Duo

347 1500 470 1573 futura
496 1499 552 1573 vel
578 1500 648 1573 duo
666 1500 880 1598 praeterita,
909 1516 951 1593 ut
976 1499 1159 1573 salvandus
1180 1528 1265 1588 ero,
1292 1501 1363 1575 sive

347 1620 492 1692 salvatus
516 1620 591 1708 sui,
619 1620 713 1719 quod
736 1621 785 1692 sic
806 1619 1004 1692 dicendum
1024 1619 1170 1693 salvatus
1189 1647 1269 1693 sum
1289 1619 1360 1694 sive

346 1738 529 1827 salvandus
547 1766 635 1814 sum.
658 1739 749 1813 Sum
762 1740 856 1812 enim
866 1740 1012 1812 verbum
1026 1739 1155 1812 mobile
1174 1757 1245 1829 est,
1266 1740 1361 1840 quod

345 1860 531 1959 participia
551 1888 673 1934 secum
691 1863 838 1955 ferunt3
866 1877 900 1934 et
919 1876 1024 1958 prout
1044 1859 1102 1931 illa
1125 1861 1284 1949 fuerint,
1311 1861 1360 1932 sic

347 2005 413 2066 es,
441 1996 521 2067 est,
548 2006 702 2067 sumus,
729 1980 845 2066 estis,
872 1995 966 2050 sunt.
994 1976 1036 2048 In
1070 1979 1214 2078 reliquis
1240 1996 1360 2052 autem

346 2099 563 2196 temporibus
585 2127 603 2170 a
625 2126 689 2170 suo
711 2114 802 2170 statu
825 2098 956 2171 moveri
975 2126 1048 2170 non
1069 2118 1227 2196 possunt.
1250 2097 1358 2173 Finit.

532 2477 636 2552 XIII.
663 2477 730 2552 DE
759 2476 1165 2554 CONIUNCTIONE.

340 2627 566 2791 Videntur
580 2719 667 2790 mihi
684 2719 951 2792 coniunctiones
967 2744 1086 2790 omnes
1101 2719 1286 2792 cuiusdam
1301 2749 1355 2793 ca·

342 2853 440 2908 tenae
461 2838 514 2908 vel
535 2866 687 2911 nexurae
707 2840 821 2913 vicem
842 2841 992 2937 exequi,
1019 2838 1114 2936 quod
1135 2867 1256 2911 omnes
1277 2869 1354 2913 sen·

339 2956 468 3028 tentias
494 2975 694 3032 annectant.
723 2958 856 3030 Tamen
887 2958 1079 3030 nonnullae
1109 2989 1149 3030 ex
1178 2960 1229 3031 cis
1259 2989 1353 3060 sepa·

337 3101 409 3144 rare
438 3074 634 3162 dicuntur,
663 3093 703 3147 ut
728 3092 846 3148 atatem
868 3095 901 3147 et
923 3104 1033 3161 een),
1061 3079 1087 3147 si
1110 3078 1146 3148 in
1173 3078 1352 3178 principio

336 3194 506 3266 dictionis
532 3196 664 3293 positae
686 3199 833 3292 fuerint:
857 3198 892 3268 in
915 3198 1034 3269 mediis
1054 3197 1266 3271 dictionibus
1286 3229 1349 3298 pro
1420 3286 1423 3293 Ι

337 3314 543 3412 copulativis
559 3316 741 3388 habentur.
760 3316 957 3414 tlnptotino
977 3333 1097 3388 autem
1113 3316 1199 3387 duas
1215 3318 1258 3388 ob
1272 3346 1351 3389 eau-

334 3459 387 3501 sas
413 3432 463 3504 sic
490 3452 690 3528 vocantu1·;
719 3436 869 3534 primnm
895 3436 988 3534 qnod
1015 3461 1158 3505 sensum
1183 3435 1348 3508 dictionis

332 3552 521 3650 expleant,
554 3555 606 3625 vel
639 3556 731 3654 quod
762 3556 797 3627 in
828 3556 947 3627 metris
979 3582 1081 3626 snum
1114 3554 1233 3626 locum
1263 3557 1348 3627 obti-

332 3688 462 3764 neant3
490 3672 585 3743 iuxta
609 3673 692 3745 illud
716 3673 861 3745 Catonis
882 3688 905 3717 “
929 3673 1028 3744 virile
1050 3700 1196 3772 qnoque
1218 3675 1347 3748 certari

331 3790 498 3886 competit
519 3818 641 3886 agmen
667 3850 700 3879 „.
722 3791 788 3862 llic
810 3792 905 3863 enim
925 3819 1069 3894 (situque
1083 3850 1098 3877 ,
1118 3810 1256 3892 praeter
1275 3822 1345 3868 me-

330 3908 373 3977 tri
396 3910 630 4004 expletionem
652 3913 785 3984 nnllam
806 3894 947 3985 causam
970 3913 1083 3985 hahet.
1110 3913 1207 3987 luter
1227 3930 1346 3988 autem

326 4036 472 4100 etenim
495 4031 558 4102 hoc
580 4032 710 4119 distat,
738 4035 818 4133 qnia
838 4050 955 4104 tactem
979 4032 1175 4107 dictionum
1195 4063 1341 4110 sensum

979 4163 1023 4209 10
1049 4141 1068 4180 *²
