3382 5206
727 577 871 624 nrrroma
899 578 949 624 m.
1258 555 1329 625 113

462 676 571 750 Nobis
596 678 709 750 anima
733 707 800 752 uua
820 680 938 751 haeret
958 707 1066 778 aquae
1090 695 1237 779 arctum.
1261 684 1319 781 (a).

412 793 444 867 6.
466 791 510 866 Et
529 797 696 894 quoniam
714 796 759 869 de
788 796 985 869 rhetoribus
1005 824 1045 868 ac
1067 796 1229 895 leporicis
1258 826 1354 871 meu·

333 912 491 986 tiuncula
519 916 607 989 lacta
633 933 707 1005 cst,
734 918 837 990 etde
863 918 982 991 metris
1008 934 1111 1017 atque
1141 917 1352 993 carminibus

331 1061 443 1108 sermo
464 1064 709 1136 progressurus
732 1055 803 1124 est,
823 1038 960 1112 videtur
971 1038 1058 1111 mihi
1068 1039 1354 1115 commodumes·

329 1183 390 1244 se,
412 1172 453 1229 ut
471 1155 647 1257 aliquanta
666 1157 709 1230 de
739 1157 977 1258 philosophiae
1010 1160 1195 1256 generibus
1223 1187 1352 1236 memo-

330 1301 414 1350 rem.
441 1273 662 1375 Philosophia
690 1294 741 1351 est
766 1304 863 1350 amor
888 1276 1032 1393 quidam
1057 1294 1094 1352 et
1118 1278 1273 1383 intentio
1301 1307 1352 1353 sa·

332 1395 506 1495 pientiae,
527 1397 609 1498 quia
628 1399 708 1470 lons
728 1413 763 1470 et
781 1397 906 1471 matrix
929 1414 982 1470 est
1002 1397 1115 1471 omnis
1135 1399 1217 1472 artis
1241 1427 1283 1474 ac
1304 1399 1355 1473 di-

331 1514 522 1615 sciplinae:
541 1515 635 1590 unde
658 1534 695 1591 et
715 1545 837 1593 omnes
856 1518 974 1618 quiin
999 1547 1225 1620 quacumque
1255 1536 1351 1619 parte

331 1635 400 1707 sive
427 1633 567 1709 caelesti
594 1635 664 1708 sive
690 1637 847 1711 terrestri
872 1664 958 1738 pura
989 1638 1124 1711 animae
1152 1655 1189 1712 et
1217 1638 1354 1711 intenta

330 1751 563 1826 sollicitudine
585 1753 765 1852 sapificat,
785 1753 1011 1855 philosophus
1023 1755 1195 1831 dicendus
1216 1774 1352 1830 estree-

332 1888 374 1945 te.
404 1871 556 1946 Nostrae
582 1887 700 1944 autem
723 1871 956 1972 philosophiae
976 1889 1065 1946 artes
1086 1891 1168 1949 suut
1191 1875 1347 1965 multae,

327 2018 480 2090 quarum
504 1991 620 2064 studia
638 1991 841 2092 principalia
869 2009 954 2065 suut
980 2009 1125 2093 poema,
1147 1996 1345 2085 rhetorica,

328 2112 571 2210 grammatica,
606 2111 761 2211 leporia,
793 2111 1007 2203 dialectica,
1035 2115 1222 2210 geometria
1253 2134 1349 2206 etc,

330 2259 418 2333 quae
444 2258 517 2304 non
546 2248 615 2304 tam
645 2229 863 2317 emulitatern
893 2232 943 2331 (h)
976 2260 1084 2332 quam
1114 2235 1353 2310 curiositatem

332 2348 577 2450 praetendunt.
596 2351 695 2423 luter
713 2363 834 2448 poema
854 2367 891 2424 et
909 2352 1121 2425 rhetoricam
1140 2354 1206 2428 hoc
1218 2353 1352 2444 distat,

331 2470 424 2572 quod
454 2485 577 2570 poema
607 2469 663 2545 aui
688 2467 854 2544 varietate
887 2487 1129 2558 contentum,
1161 2490 1353 2570 angustum

330 2607 435 2692 atque
454 2590 647 2665 obscurum
673 2608 743 2669 est:
769 2592 942 2665 rhetorica
967 2606 1086 2677 autem
1112 2589 1169 2663 sui
1199 2592 1353 2664 amoeni·

334 2727 402 2783 tate
429 2708 586 2806 gaudens
612 2708 838 2784 latitudinem
868 2737 909 2782 ac
940 2707 1245 2807 pulchritudinem
1269 2737 1353 2783 cum

333 2828 483 2929 quadam
501 2845 694 2903 metrorum
713 2829 846 2929 pedum
863 2844 1077 2901 accentuum
1101 2850 1269 2900 sonorum
1288 2828 1354 2927 syl·

331 2951 559 3049 laborumque
580 2950 798 3048 magnificata
816 2948 1063 3022 numeratione
1081 2966 1274 3048 praeparat

412 3098 444 3170 7.
466 3066 540 3142 Sed
560 3068 665 3142 multi
683 3069 722 3142 in
741 3069 810 3142 hoc
836 3084 991 3165 tempore
1010 3067 1083 3139 vim
1101 3065 1354 3144 differentiam-

332 3216 398 3287 que
431 3186 516 3260 artis
547 3187 770 3284 ignorantes,
800 3188 836 3258 in
867 3185 1044 3259 rhetorica
1074 3200 1221 3285 poema,
1251 3203 1288 3259 et
1314 3188 1352 3260 in

333 3322 488 3406 poemate
510 3307 721 3380 rhetoricam
745 3305 948 3403 agglomunt
977 3306 1051 3402 (c),
1081 3329 1154 3374 non
1185 3304 1352 3379 habentes

333 3427 370 3501 in
391 3425 676 3525 memoriaquod
696 3422 910 3497 Aristoteles
929 3421 1126 3494 Alexandri
1139 3449 1283 3497 morum
1297 3423 1348 3524 (d)

333 3548 497 3645 magister
518 3545 756 3648 praeceperit:
789 3570 1046 3643 unaquaeque,
1075 3543 1267 3642 inquiens,
1296 3571 1352 3618 ars

332 3670 424 3742 iutra
452 3695 531 3741 suas
563 3667 788 3741 contineatur
807 3681 926 3738 metas.
946 3662 1030 3737 Non
1050 3663 1146 3737 euim
1164 3663 1353 3740 formidant
1398 3690 1404 3715 ¹
1449 3729 1455 3732 .

332 3787 505 3862 maiorum
515 3803 622 3859 metas
635 3783 798 3859 scindere
809 3838 819 3872 ,
831 3799 866 3855 et
877 3781 974 3856 nulla
986 3781 1258 3883 reprehensione
1271 3812 1352 3860 con·

397 3971 434 4033 (a)
452 3979 490 4020 lta
507 3973 556 4018 sod·
587 3971 627 4033 (h)
645 3976 687 4017 Pro
702 3970 892 4015 emolumentum.
955 3968 993 4030 (c)
1011 3972 1046 4012 lta
1061 3968 1112 4016 eod.
1125 3969 1345 4028 proagglomerant.

335 4052 375 4119 (d)
386 4053 444 4099 cod·
455 4052 532 4100 Salax
548 4051 694 4098 Alexandri
706 4064 826 4108 agrorum.
