3382 5206
586 552 649 637 540
888 575 915 622 a.
941 569 1119 620 tenuram
1144 572 1188 621 us
1212 571 1257 621 ax

558 673 686 740 iambus
707 671 901 741 hexametro
922 673 1058 739 heroico
1082 674 1202 757 inseri,
1218 671 1297 739 dum
1319 669 1465 762 exempla
1489 670 1593 740 hexa-

557 780 671 844 metris
695 777 843 845 versibus
865 775 1055 866 protulisti?
1071 777 1117 843 M.
1132 777 1167 845 si
1190 775 1358 867 praedicta
1378 777 1588 866 coniugatio-

553 904 633 947 uum
658 883 854 951 carbasina
877 900 1025 951 contextu
1049 885 1194 973 partium
1217 883 1587 972 orationia,etahsque

552 1003 736 1053 metrorum
768 988 1003 1055 versificatione
1029 986 1276 1077 proferuntur,
1306 986 1493 1080 pyrrhichii
1527 1003 1616 1052 aut.

555 1090 657 1157 iambi
680 1089 810 1181 regulis.
823 1093 1060 1180 mancipantur.
1088 1090 1232 1178 Quodsi
1255 1095 1290 1160 iu
1315 1089 1478 1182 dactylico
1501 1115 1584 1156 car-

555 1194 644 1266 mina
664 1194 840 1264 scandendi
863 1198 947 1264 ratio
965 1211 997 1260 et
1014 1219 1221 1263 caesurarum
1238 1196 1352 1264 divisio
1379 1217 1439 1282 per
1462 1191 1535 1261 cola
1553 1212 1586 1261 et

556 1318 717 1367 commata
732 1321 939 1392 sequestrare
951 1300 1156 1389 conpulerit,
1169 1302 1322 1391 spondaei
1341 1300 1506 1367 dumtaxat
1525 1319 1585 1366 aut

555 1404 676 1498 dactyli
699 1405 828 1499 legibus
855 1408 1115 1497 subiungantur,
1136 1407 1227 1500 quod
1250 1405 1392 1474 millenis
1409 1405 1583 1494 exemplo-

552 1536 627 1579 rum
653 1510 803 1581 formulis
828 1515 898 1583 sinc
924 1516 1110 1604 inpoaturae
1131 1533 1164 1580 et
1186 1512 1333 1580 falsitatis
1352 1510 1471 1578 frivolo
1497 1537 1581 1601 pro·

554 1613 627 1685 latis
658 1615 813 1685 facillime
848 1618 1047 1708 conprobari
1079 1634 1195 1707 potest.
1229 1629 1264 1687 Δ.
1293 1620 1379 1683 Tam
1405 1614 1581 1705 multiplex

554 1723 723 1790 nominum
744 1739 776 1790 et
794 1723 970 1792 verborum
992 1724 1172 1815 congestio,
1189 1746 1275 1814 quae
1290 1721 1332 1786 ad
1346 1719 1582 1813 pyrrhichium

551 1826 717 1914 pertinere
739 1825 955 1912 dinoscitur,
984 1851 1051 1918 quo
1073 1843 1209 1892 accentu
1234 1824 1286 1892 vel
1313 1824 1467 1914 prosodia
1495 1848 1583 1912 pro-

547 1925 759 1999 nunciatur?
785 1931 832 1997 M.
861 1931 899 1996 ln
928 1929 1098 2022 disyllabis
1128 1930 1185 1996 uhi
1217 1930 1333 1997 amhae
1358 1930 1475 1997 hreves
1503 1928 1583 1996 fuc-

551 2037 618 2100 rint
645 2033 825 2125 penultima
851 2060 927 2104 cum
954 2051 1050 2102 acuto
1076 2053 1213 2104 accentu
1232 2035 1408 2125 profertur.
1433 2034 1582 2127 Explicit

551 2138 592 2206 dc
616 2139 822 2232 pyrrhichio.

773 2397 777 2404 .
870 2351 990 2441 Incipit
1013 2349 1055 2416 de
1082 2350 1256 2440 spondaeo.

597 2574 630 2625 Δ.
658 2494 721 2629 N
726 2583 790 2625 unc
802 2558 957 2648 spondaei
973 2556 1145 2649 regulascx
1159 2555 1292 2626 diversis
1306 2560 1490 2626 orationum
1504 2583 1583 2648 par-

551 2665 637 2731 tihus
665 2664 801 2752 exempli
825 2665 926 2754 gratia
952 2680 1116 2752 congestas
1139 2665 1292 2752 promito.
1316 2664 1363 2730 Μ.
1389 2665 1478 2732 Haec
1501 2685 1581 2732 suut

553 2769 687 2837 secundi
709 2770 800 2859 pedis
823 2768 967 2858 exempla
990 2770 1211 2837 auomiuibus
1225 2771 1411 2849 venientia3
1429 2789 1466 2837 ut
1482 2769 1581 2855 felix,

552 2878 686 2963 pernix,
716 2873 864 2963 perdex,
886 2874 1007 2941 index,
1038 2871 1147 2957 inlex,
1174 2891 1308 2956 cortex,
1333 2898 1471 2943 remex,
1502 2900 1584 2942 cor-

550 2985 628 3066 nix,
644 2983 804 3066 bombix,
824 2984 949 3067 cervix,
973 2980 1098 3067 audax,
1120 2980 1244 3065 forfex,
1261 2981 1386 3072 forceps
1403 3033 1413 3067 ,
1438 3007 1585 3074 anceps,

548 3110 670 3176 auceps
683 3137 693 3170 ,
708 3090 883 3178 princeps,
908 3110 1083 3176 praeceps,
1106 3088 1232 3170 virtus,
1252 3086 1368 3169 tellus,
1395 3104 1503 3169 aetas,
1520 3115 1581 3155 ae·

545 3209 631 3278 stas,
655 3218 798 3283 pumex,
821 3194 941 3276 iudex,
964 3216 1098 3274 rumex,
1124 3207 1254 3260 vertex,
1283 3192 1427 3261 caudex,
1451 3193 1586 3278 codex,

549 3300 712 3385 mordax,
734 3299 846 3367 fornax
861 3338 871 3368 ›
899 3298 1017 3383 fallax,
1039 3298 1147 3389 pollex
1162 3348 1173 3383 ,
1197 3323 1332 3384 murex,
1346 3299 1408 3369 ilex
1423 3348 1433 3383 ,
1461 3324 1585 3389 ccccx,

546 3405 583 3472 id
606 3423 654 3474 est
677 3405 782 3472 herba
804 3407 1010 3495 asperrima;
1034 3422 1070 3471 ut
1093 3406 1263 3498 Vergilius
1288 3442 1324 3455 --
1347 3423 1380 3475 et
1402 3409 1511 3474 carice
1525 3431 1587 3497 pa-

548 3529 613 3580 stus
629 3529 723 3578 acuta
739 3535 749 3590 ς
766 3550 799 3563 -
812 3538 888 3580 nam
904 3514 1012 3579 carica
1026 3509 1152 3578 fructus
1176 3512 1216 3581 dc
1238 3512 1378 3579 ficulnea
1404 3538 1586 3605 nuncupa-

549 3636 626 3704 tur,
646 3619 735 3689 unde
757 3643 875 3686 massas
899 3619 1083 3684 caricarum
1107 3618 1286 3686 conficiunt
1315 3617 1356 3687 de
1387 3622 1582 3688 recentibus

547 3723 628 3793 ficis.
662 3724 760 3794 Unde
782 3725 1052 3791 inconvenienter
1080 3749 1098 3788 a
1128 3724 1326 3816 quibusdam
1357 3723 1501 3793 famosus
1523 3728 1583 3797 ille

553 3831 690 3895 eremita
727 3829 886 3922 Syrorum
918 3846 949 3896 et
981 3827 1242 3897 Sarracenorum
1279 3830 1421 3900 confinio
1458 3816 1583 3902 strictis

550 3934 768 4022 parsimoniae
790 3935 919 4026 legibus
945 3936 1044 4002 vitam
1067 3936 1245 4005 solitariam
1268 3935 1404 4029 degens,
1422 3937 1584 4006 exhausta

550 4040 775 4109 membrorum
788 4042 901 4110 vitalia
914 4058 947 4109 et
957 4041 1102 4112 marcida
1115 4041 1387 4133 praecordiorum
1401 4042 1458 4112 ilia
1474 4046 1580 4137 quin·
