3382 5206
344 561 588 640 austeriores
618 513 936 609 caannsrretass.
1074 526 1143 618 335

134 675 281 753 decoris,
297 675 417 744 decoro
439 673 592 756 decoras,
613 672 701 740 unde
716 669 853 741 Flsecus
874 674 896 710 ‘⁶
911 692 949 733 ac
964 667 1050 733 berte
1072 691 1162 733 uum·

131 803 253 850 rnatum
273 784 403 853 decorat
427 782 560 850 suadela
581 783 780 872 Venusque;
797 781 844 847 sic
864 781 961 846 etiam
980 774 1082 844 'indes
1104 779 1161 842 in·

135 892 234 976 dicis,
257 891 369 960 indico
383 889 510 957 indicas
527 890 657 975 ‚fornix
673 887 830 974 fornicis,
849 885 976 955 flimico
997 885 1161 970 fornicar,

139 1005 250 1069 cornix
271 1003 438 1084 cornicis,
456 1004 587 1068 cornico
610 1001 762 1066 cornicar
786 995 874 1066 uncie
895 997 1021 1066 Persius
1042 999 1065 1036 “
1084 1022 1160 1065 nes·

140 1114 191 1179 cio
217 1111 298 1203 quid
322 1130 430 1179 tecum
455 1136 552 1204 grave
579 1110 757 1177 cornicaris
775 1110 919 1200 inepte„
940 1126 972 1177 ct
991 1107 1084 1176 radix
1105 1132 1160 1175 ra·

133 1223 233 1306 dicis,
247 1224 360 1325 radicp
378 1223 526 1291 radicas:
547 1221 634 1289 unde
649 1241 695 1290 est
708 1219 793 1287 ittnd
804 1225 826 1259 ‘⁴
839 1220 967 1287 radicet
981 1218 1054 1289 altis
1066 1220 1162 1289 sensi·

135 1336 237 1419 bus„·
255 1336 312 1400 Est
327 1337 416 1401 enim
430 1334 570 1401 dimeter
583 1334 759 1417 iambicus,
772 1334 880 1424 qui‘in
892 1330 1105 1398 ambrosianis
1114 1335 1160 1413 (ι)

135 1447 242 1535 primo
262 1444 333 1512 loco
353 1468 485 1535 semper
503 1444 614 1510 iambo
641 1442 693 1511 vel
719 1442 880 1533 spondreo
902 1460 949 1511 est
972 1457 1161 1510 contentus.
1256 1509 1262 1526 ‚

137 1556 182 1622 Ut
208 1578 285 1620 vero
311 1553 490 1642 penultimo
518 1553 639 1643 corripi
667 1568 816 1641 putetur,
829 1551 961 1618 Phocoe
987 1550 1161 1616 auctoritas

143 1664 322 1753 compulit,
342 1664 397 1753 qui
423 1664 527 1752 ipsum
555 1686 675 1730 nomen
695 1663 783 1730 inter
802 1677 951 1751 correpta
969 1662 1086 1751 excipit
1100 1711 1111 1746 ,
1124 1660 1164 1726 ti-

138 1789 190 1851 cet
216 1771 375 1862 producta
399 1771 523 1862 ubique
546 1772 686 1837 inveniri
704 1771 825 1859 possit,
845 1787 880 1836 ut
897 1766 1055 1861 Virgilius
1071 1773 1093 1807 “
1109 1786 1165 1835 aot

138 1881 196 1947 ida
213 1885 248 1947 in
271 1903 387 1970 magna
415 1878 582 1947 radicibus
603 1896 695 1946 eruta
719 1880 815 1968 pinus
832 1879 1003 1965 „Morum
1024 1904 1167 1970 namque

139 2008 312 2081 quattuor,
328 2013 413 2080 qum
434 1986 555 2079 protuli
570 2037 581 2072 ‚
597 1986 661 2056 duo
676 1987 858 2079 penultima
871 1993 1046 2082 genitivum
1060 1992 1167 2055 corri-

140 2101 263 2190 piant,
285 2098 318 2163 id
345 2116 392 2165 est
413 2099 513 2166 index
539 2116 572 2165 et
600 2099 730 2166 fornixt
757 2100 822 2168 duo
835 2098 1045 2191 producunt,
1061 2098 1096 2165 id
1124 2110 1170 2167 est

38 2293 41 2297 .
140 2213 251 2277 cornix
268 2228 301 2278 et
322 2209 557 2303 radir.Relego
577 2227 608 2277 et
624 2209 732 2302 allego
754 2228 864 2279 notate
885 2213 976 2304 quod
999 2213 1024 2278 si
1052 2237 1168 2280 arer-

143 2320 186 2385 ho
195 2322 321 2409 primae
331 2321 567 2411 coniugationis
576 2339 893 2410 ponantur,semper
903 2322 1086 2413 penultima
1097 2347 1170 2412 pru·

143 2430 292 2511 ducitur3
306 2433 356 2498 sin
371 2457 389 2496 a
404 2434 501 2497 tertia
518 2432 745 2521 coniugatione
759 2430 876 2523 gaudet
895 2435 1102 2524 correptione
1116 2433 1170 2524 (a)

148 2537 237 2604 unde
259 2556 307 2605 est
329 2537 459 2627 culpam
476 2537 597 2627 releget
619 2538 791 2604 lubricam.
809 2538 865 2605 Est
887 2562 1019 2630 quoque
1043 2538 1100 2605 hic
1123 2538 1171 2606 di-

144 2646 247 2716 meter
262 2648 437 2730 iambicus,
453 2650 542 2714 cuius
555 2647 737 2713 secundum
752 2646 860 2714 locum
873 2672 1002 2737 semper
1022 2649 1084 2716 sibi
1103 2649 1170 2714 rin·

145 2749 232 2824 dicat
253 2757 393 2824 iambus.
409 2756 494 2821 Nam
516 2753 587 2847 lego
602 2756 711 2847 legas,
726 2756 814 2847 quod
838 2775 885 2825 est
907 2756 1068 2848 legatione
1093 2757 1167 2829 sun·

148 2890 233 2958 gor,
253 2864 340 2930 unde
361 2864 486 2957 legatus
510 2869 649 2948 missus,
672 2865 800 2964 longam
823 2867 922 2935 habet
941 2867 995 2951 le,
1018 2867 1091 2960 lego
1114 2895 1174 2937 ve-
1204 2892 1208 2909 ¹

147 2998 184 3041 ro
211 2973 290 3068 legis
316 2975 350 3039 in
374 2999 583 3066 quacumque
609 2974 670 3040 alia
695 2976 928 3066 significatione
956 2995 1168 3067 correptam,

148 3086 228 3150 sicut
255 3103 287 3154 et
310 3084 376 3175 ligo
404 3083 512 3177 ligas,
541 3083 627 3151 unde
646 3083 801 3175 religatus
818 3084 853 3149 id
874 3103 921 3152 est
944 3083 1063 3153 iterum
1086 3092 1174 3155 viuc-

150 3212 211 3259 tus.
227 3194 396 3278 Quomodo
418 3194 698 3284 pronuntiandum
715 3196 755 3260 sit
782 3195 900 3284 instigo
913 3245 923 3277 ‚
936 3194 1175 3288 Virgiliusos-

150 3302 256 3369 tandit
270 3305 304 3369 in
317 3306 359 3374 V.
388 3304 572 3393 “instigant
594 3303 735 3387 studiis,
755 3323 884 3371 resonat
907 3302 1105 3372 clamoribus
1124 3332 1174 3375 ae·

153 3410 272 3496 ther‚‚.
287 3413 415 3481 Eodem
434 3413 531 3479 modo
546 3415 723 3504 investigo,
745 3414 885 3502 castigo,
903 3415 1032 3503 inspico.
1048 3415 1176 3482 Subre-

152 3543 194 3608 po
214 3546 362 3612 quoque,
374 3525 398 3588 si
422 3548 439 3586 a
460 3524 561 3591 verbo
588 3523 677 3614 quod
689 3538 737 3588 ost
751 3546 834 3611 rupo
851 3526 1080 3612 componitur,
1097 3550 1174 3614 pro-

155 3633 305 3702 ductione
328 3634 469 3700 laetatur
492 3659 503 3714 ς
530 3639 580 3702 sin
609 3661 626 3700 a
651 3636 769 3724 rapio,
794 3639 1004 3726 corripitur:
1034 3656 1066 3705 et
1092 3637 1175 3705 illud

154 3745 364 3834 praeteritum
386 3744 562 3833 subrepsi,
589 3745 682 3812 istud,
699 3745 777 3813 facit
796 3745 954 3836 subripui.

239 3911 279 3984 (r)
299 3912 409 3981 Hymnis
427 3913 539 3967 scilicet·

238 4007 286 4076 (Ἃ)
307 4006 372 4060 Cot.
383 4006 579 4076 productione·
684 4025 685 4029 ’
