3382 5206
742 592 789 641 ut:
815 592 969 645 nonius.

327 689 393 745 tatis
409 693 450 750 vel
468 698 629 768 quantitatis
648 697 747 753 hubent
763 713 815 751 ma·

328 780 433 835 teriam.
469 785 610 840 Praeterea
640 803 695 842 non'
726 790 815 844 omnis

326 870 447 930 uomina,
457 892 526 944 quae
536 877 676 946 qualitatis
691 889 720 930 et
735 895 817 947 quau·

326 959 417 1013 titatis
434 962 534 1018 habent
546 966 697 1024 materiam.
711 984 819 1038 compa-

327 1051 427 1106 rativus
454 1053 495 1106 vel
518 1052 692 1126 superlativus
721 1055 818 1121 gradus

329 1137 415 1193 lacero
446 1141 646 1201 inveniuntur.
674 1142 722 1196 sed
748 1160 817 1212 quae

328 1228 502 1299 superlativus
529 1231 625 1299 gradus
642 1230 727 1284 laoere
754 1249 818 1303 pos-

329 1328 392 1371 sunt
406 1318 546 1389 qualitatis
557 1321 691 1373 materiam
703 1321 819 1374 coutine-

329 1425 357 1461 te
369 1410 568 1480 repperiuntur.

364 1495 528 1550 Nunoetiam
542 1497 592 1550 boc
600 1513 734 1551 monemus
746 1498 819 1567 quod

331 1583 375 1636 illa
393 1592 458 1637 sunt
476 1566 617 1653 qualitatis
635 1585 762 1639 materiae
776 1605 819 1640 no

330 1672 426 1729 mina.
450 1689 519 1742 quae
531 1672 611 1742 quale
628 1673 664 1727 sit
686 1670 753 1742 quid
772 1672 820 1726 ds·

334 1769 482 1812 monstrant
501 1794 508 1815 .
535 1759 585 1810 hoc
604 1769 645 1811 est
667 1760 767 1812 iustum
785 1777 819 1812 an

330 1847 458 1899 iniustum
483 1881 490 1903 ‚
514 1842 602 1898 album
626 1862 660 1897 an
686 1845 818 1910 nigrum.

329 1933 427 1986 bonum
454 1952 488 1986 an
514 1933 633 1990 malum.
658 1932 697 1987 sie
722 1942 750 1985 et
776 1949 821 1985 cs·

330 2033 387 2076 tera
419 2023 512 2079 talia.
548 2038 618 2092 quae
649 2019 715 2091 quid
742 2021 821 2091 qualo

329 2111 367 2163 sit
381 2110 531 2179 significant
543 2146 549 2166 ,
559 2108 594 2161 ad
603 2109 742 2179 qualitatis
766 2125 819 2160 ma·

331 2200 415 2251 teriae
448 2198 554 2251 nomina
586 2208 693 2251 necesse
719 2208 758 2250 est
788 2209 819 2251 ut

329 2287 489 2356 pertineant·
512 2285 549 2339 At
568 2299 631 2340 vero
656 2287 819 2356 quantitatis

332 2376 457 2428 materiae
469 2384 532 2427 sunt
546 2374 654 2427 uomina
665 2392 735 2444 quse
750 2392 820 2428 men-

330 2481 425 2521 surae,
445 2462 486 2516 sal
503 2461 604 2514 numeri
623 2472 671 2515 aut
693 2460 821 2532 ponderls

331 2551 485 2604 contineant
503 2547 611 2602 sormam
622 2587 628 2605 .
644 2561 675 2603 ut
685 2558 752 2621 puta
763 2586 770 2606 .
780 2548 819 2600 al-

332 2646 393 2692 tus,
412 2635 548 2692 infinitus,
569 2637 669 2703 quavis.
686 2646 714 2689 et
734 2646 820 2688 cetera

331 2728 417 2782 talia.
441 2742 510 2796 quae
537 2725 605 2796 quid
630 2736 760 2796 quantum
783 2726 821 2780 sit

331 2813 501 2878 significant.
521 2813 556 2865 sd
575 2812 736 2882 quantitatis
763 2830 820 2862 ma·

335 2900 416 2953 leriae
435 2899 542 2953 nomina
555 2916 659 2951 necessa
677 2910 716 2951 est
734 2900 821 2970 perti-

333 3006 401 3040 nere·
434 2989 511 3040 Nunc
542 2987 667 3055 quoniam
700 2986 748 3056 qui
779 2987 820 3040 vel

332 3074 405 3144 quod
417 3085 481 3127 sunt
497 3074 592 3141 gradus
611 3072 820 3130 conlationis‚et

333 3160 553 3230 quemadmodum
580 3177 627 3230 per
650 3160 753 3213 eosdem
773 3180 823 3214 no-

334 3249 404 3300 mina
420 3252 479 3300 'nou
503 3265 603 3319 semper
630 3259 822 3318 perseverant.

335 3352 382 3386 nec
405 3354 456 3387 non
473 3346 500 3388 et
519 3335 662 3405 qualitatis
682 3347 709 3388 ot
735 3353 823 3405 quan-

335 3423 425 3476 titatis
444 3424 664 3494 quemadmodum
680 3435 824 3494 appareant

338 3512 600 3569 domonstravimus.
628 3524 656 3566 at
683 3513 742 3566 ideo
772 3514 824 3565 iam

334 3602 407 3669 quod
427 3601 467 3653 vel
490 3620 559 3670 quae
574 3619 668 3667 genera
691 3602 825 3654 nominum

334 3688 430 3755 singuli
449 3688 545 3753 gradus
564 3689 592 3740 in
609 3690 774 3743 nominativo
786 3707 826 3741 ca·

333 3788 364 3821 su
375 3771 475 3822 numeri
489 3771 632 3838 singularis
650 3773 824 3830 contineant.

334 3873 441 3908 necnon
460 3868 488 3908 et
498 3858 600 3925 singula
619 3877 712 3926 genera
726 3861 753 3912 in
767 3860 823 3913 his·

335 3944 392 3995 dem
419 3944 546 4011 gradibus
572 3948 739 4001 nominativo
761 3966 824 4002 casn

334 4032 434 4084 numeri
452 4033 613 4099 singularis,
627 4035 667 4091 sel
678 4035 751 4104 quod
765 4039 825 4105 qui·

1262 518 1336 653 165·

868 699 922 838 :us
948 701 1036 757 formis
1058 704 1238 765 deliniantur,
1265 719 1357 764 ostsu-

888 804 939 839 am.

926 978 964 1034 ¹9
990 981 1025 1017 us
1044 982 1176 1023 aosimvo
1202 982 1307 1023 anano.

869 1078 1031 1192 positivus
1055 1137 1111 1192 sive
1136 1137 1274 1194 absolutus
1297 1157 1360 1210 qaa-

871 1224 921 1277 dus
940 1223 969 1276 in
989 1226 1155 1280 nominativo
1181 1244 1243 1281 casu
1262 1246 1360 1281 numa-

871 1310 895 1362 ri
923 1312 1066 1380 singularis
1097 1332 1191 1383 genera
1223 1317 1359 1370 nominum
1395 1385 1397 1389 Ι

871 1398 993 1453 eontinet
1022 1401 1157 1471 quinque.
1169 1403 1359 1463 masculinum,

872 1483 1048 1546 femininum.
1072 1500 1216 1547 neutrum,
1242 1506 1359 1545 muamu-

849 1579 851 1582 ⁴
871 1592 920 1633 ne.
938 1593 1023 1629 omne.

908 1775 952 1813 20·
972 1773 1007 1811 nli
1029 1774 1138 1812 ouant
1158 1774 1323 1817 sttscnuttto·

872 1874 1009 1989 positivi
1039 1936 1135 2004 gradus
1158 1938 1264 1988 nomina
1283 1953 1364 2004 gena-
1415 1962 1432 1977 -

873 2022 910 2074 ris
937 2022 1077 2076 masculini
1104 2023 1269 2077 nominativo
1298 2040 1361 2077 casu

872 2108 974 2161 numeri
992 2110 1135 2176 singularis
1153 2107 1241 2162 tribus
1257 2109 1301 2162 his
1314 2108 1363 2162 lor·

871 2199 920 2252 mis
939 2197 1102 2251 deliniuntur
1123 2208 1226 2251 tantum
1244 2214 1292 2253 ee·
1308 2213 1361 2251 our

872 2308 923 2343 qu·

920 2477 963 2515 us·
983 2477 1018 2515 us
1040 2478 1149 2516 assuas
1171 2471 1314 2517 lunisano·

876 2581 1009 2693 positivi
1036 2634 1132 2703 gradus
1157 2634 1264 2688 nomina
1282 2651 1361 2701 qm

872 2728 911 2779 tis
925 2715 1044 2778 te'mininl
1057 2723 1223 2788 nominativo
1235 2740 1298 2775 cusu
1315 2740 1362 2774 nu·

873 2814 935 2865 meri
962 2812 1103 2877 singularis
1128 2827 1181 2861 una
1204 2808 1254 2861 hac
1280 2808 1363 2863 forms

872 2900 1036 2953 definiuntur
1059 2909 1163 2950 tuntum
1186 2915 1221 2948 ·a·
1255 2897 1294 2949 De
1316 2913 1362 2963 qo-

873 3007 935 3042 nese
963 2999 1057 3040 neutro
1083 3016 1099 3028 -
1124 2985 1238 3039 Positivi
1265 2985 1362 3052 gradus

874 3079 981 3132 nomina
1001 3076 1101 3143 genonis
1126 3073 1214 3126 neutri
1240 3073 1364 3126 nomina·

876 3167 932 3218 tivo
945 3183 1005 3216 casu
1022 3163 1124 3215 numeri
1138 3161 1281 3228 singulatis
1302 3160 1366 3213 dua-

875 3255 925 3306 bus
946 3253 989 3306 his
1010 3252 1099 3303 lormis
1122 3251 1286 3302 definiuntur
1303 3262 1366 3304 tan-

876 3356 932 3397 tum
953 3360 985 3394 ·e·
1000 3360 1063 3392 nm·
1087 3342 1125 3392 De
1139 3355 1232 3404 genere
1254 3356 1366 3391 commu·

876 3432 913 3484 ni.
925 3461 937 3471 -
950 3429 1061 3485 Positivi
1082 3426 1180 3491 gradus
1198 3427 1305 3480 nomina
1319 3443 1365 3493 ge-

879 3519 947 3571 neris
968 3516 1112 3569 coaaimunis
1130 3500 1295 3565 nominativo
1320 3529 1367 3565 ca·

877 3621 907 3656 su
926 3602 1029 3655 numeri
1052 3600 1193 3667 singularis
1213 3600 1298 3653 tribus
1324 3599 1367 3651 his

878 3691 969 3746 formis
997 3690 1160 3742 deliniuntur
1193 3699 1297 3741 tantum
1326 3689 1366 3741 ·il·

878 3795 916 3829 ar·
938 3779 970 3830 is·
989 3778 1028 3828 De
1052 3793 1145 3843 genere
1167 3776 1247 3828 omni.
1261 3804 1277 3816 -
1293 3775 1369 3829 Posi·

879 3865 928 3917 tivi
949 3863 1045 3930 gradus
1066 3862 1172 3916 nomina
1194 3861 1297 3929 generis
1317 3880 1369 3914 om·

878 3952 920 4002 nis
936 3949 1101 4002 nominativo
1120 3967 1182 4002 casu
1192 3949 1294 4002 numeri
1311 3950 1369 4002 sin-

878 4038 974 4104 gularis
985 4037 1029 4090 nis
1039 4037 1127 4091 ducem
1142 4035 1231 4090 lormis
1243 4035 1370 4090 definias·
