3382 5206
330 718 398 793 rint
419 746 429 814 ;
449 733 484 790 et
504 713 676 814 sibiipsis
696 711 732 784 in
754 709 965 800 scribendo,
991 725 1027 782 et
1044 708 1232 784 lectoribus
1252 711 1344 784 fasti-

327 839 424 914 dium
442 839 515 912 sint
534 837 572 908 in
592 832 844 935 perscrutando
864 832 1128 931 generaturi3ut
1147 832 1343 906 renovatior

332 956 390 1028 fiat
402 955 447 1054 (a)
464 968 593 1026 natura
607 950 754 1050 legentis
769 948 1068 1023 vicissitudinibus
1083 947 1254 1021 librorum
1268 975 1347 1021 suo·

332 1099 412 1167 rum
435 1129 445 1162 ,
470 1073 674 1172 frequenter
691 1069 800 1143 divisa
819 1068 1064 1169 intercapitant
1085 1070 1135 1169 (b)
1158 1067 1345 1167 opuscula3

330 1208 367 1266 et
383 1190 613 1289 legendorum
632 1188 676 1262 de
694 1213 806 1277 novo,
824 1186 919 1261 velut
937 1186 1078 1261 alterius
1097 1185 1246 1259 recentis
1266 1211 1346 1284 ope-

332 1313 413 1401 ris,
439 1308 581 1384 exordia
606 1308 791 1382 verborum
816 1333 881 1407 pro
900 1305 1134 1380 accendendis
1154 1305 1312 1378 sensibus
1336 1359 1346 1392 ,

334 1435 484 1509 cointius
501 1432 759 1533 facundiusque
779 1446 995 1530 conponunt.

411 1554 447 1629 6.
472 1556 689 1629 Exuumavi
706 1558 819 1651 igt'tur
837 1553 898 1626 has
923 1552 1087 1650 ogduales
1111 1553 1278 1626 orationis
1295 1555 1345 1652 (c)

336 1691 448 1777 partes
466 1676 599 1748 octenis
619 1701 675 1748 me
693 1691 793 1750 recte
812 1674 1051 1774 expositurum
1074 1732 1083 1762 ,
1112 1671 1246 1773 tibique
1266 1673 1347 1748 mis-

340 1820 462 1868 surum
488 1793 567 1894 (d),
595 1795 768 1869 carissime
787 1795 891 1869 frater
913 1853 923 1883 ,
947 1811 988 1869 ut
1007 1793 1078 1903 tuis
1096 1793 1286 1868 inremissis
1304 1794 1348 1866 ad

337 1914 533 1992 Dominum
550 1916 738 1992 fundendis
760 1920 807 2018 (c)
829 1918 1046 1993 orationibus
1065 1917 1187 2020 iuves,
1215 1933 1346 1993 utnon

336 2037 450 2112 sulum
462 2038 614 2140 inopere
632 2039 827 2138 praesenti,
846 2037 1017 2112 sermonis
1035 2036 1123 2110 mihi
1142 2037 1275 2112 tribuat
1290 2064 1349 2137 op·

336 2156 585 2254 portunitatem
610 2154 668 2229 itte
694 2156 757 2256 qui
793 2182 873 2255 prae
909 2156 1048 2229 eunctis
1088 2153 1268 2229 hominem
1299 2152 1348 2227 lo-

335 2279 400 2378 qui
417 2279 650 2354 animantibus
668 2277 906 2353 rationabilem
924 2279 1166 2375 secit3retum
1184 2278 1289 2353 etiam
1309 2279 1347 2355 in

337 2401 498 2475 omnibus
515 2399 601 2474 actis
620 2382 706 2473 uicis
724 2423 921 2473 mensuram
941 2397 1170 2498 capessendae
1197 2399 1237 2500 (s)
1262 2400 1349 2473 veri-

338 2519 415 2591 tatis
436 2577 447 2609 ,
473 2535 509 2592 et
527 2517 611 2592 fidei
630 2543 787 2592 normam
809 2574 819 2607 ,
845 2541 913 2618 qua
933 2516 1028 2590 credi
1048 2531 1083 2590 et
1102 2517 1275 2591 obsecrari
1290 2517 1350 2591 de-

337 2638 417 2710 beat
439 2692 448 2725 ,
475 2635 664 2709 clementer
682 2634 896 2733 elargiatur.
922 2631 1042 2730 Quod¹
1058 2634 1128 2707 tuis
1153 2633 1317 2735 precibus
1339 2689 1350 2723 ,

340 2757 549 2830 sanctissime
572 2753 707 2830 Christi·
724 2756 904 2845 minister,
917 2780 973 2829 me
993 2779 1066 2826 non
1086 2752 1211 2828 dubito
1231 2754 1349 2827 obten-

339 2896 492 2958 turum:
520 2894 561 2950 ut
579 2874 643 2976 qui
661 2876 698 2949 in
725 2903 796 2950 una
823 2874 957 2950 Christi
976 2873 1100 2948 militia
1128 2873 1275 2947 tertium
1294 2876 1347 2975 (ι)
1427 2930 1431 2934 ,

340 2996 594 3071 ecclesiasticae
613 2995 792 3096 dignitatis
819 2996 954 3070 obtines
973 2992 1121 3092 gradum
1143 3051 1153 3084 ,
1180 2995 1218 3068 in
1237 2995 1350 3071 tribus

341 3115 478 3188 divinae
499 3113 671 3189 unitatem
690 3113 898 3189 substantiae
919 3112 1077 3214 personis
1088 3112 1352 3190 coaeternaliter

341 3234 606 3322 subsistentem,
622 3245 664 3308 ut
681 3231 958 3306 misericordiam
971 3256 1166 3330 consequar
1175 3246 1352 3304 aeternam

342 3380 419 3428 mea
444 3381 508 3455 pro
536 3355 737 3428 infirmitate
765 3352 939 3454 inpetrare
975 3353 1023 3451 (g)
1058 3349 1222 3449 digneris.
1246 3350 1351 3426 'Vale

343 3473 462 3548 Gratia
482 3492 611 3550 tecum

407 3611 412 3617 ·
674 3620 823 3668 rxrarcrr
841 3621 1016 3670 musaeus.

422 3748 460 3810 (a)
483 3747 539 3794 cad.
567 3753 631 3790 stent
654 3758 691 3791 est
713 3763 754 3807 pro
772 3740 831 3806 fiir.
864 3745 903 3808 (Ιι)
926 3752 962 3791 tte
994 3745 1044 3791 eud·
1078 3739 1117 3805 (a)
1141 3746 1196 3790 cod·
1217 3753 1355 3790 crastenum.

346 3820 386 3890 (d)
402 3825 458 3873 cmi·
483 3831 615 3868 missurn-a
641 3832 718 3873 turam.
750 3819 788 3884 (e)
813 3825 868 3875 cod.
885 3824 1029 3885 sernrlrrsdr's·
1062 3818 1097 3883 (i)
1115 3823 1171 3869 cod.
1192 3823 1355 3882 raptsrendse.

346 3900 386 3963 (fl)
403 3905 445 3946 Pro
464 3915 582 3948 exorare.

421 4011 463 4083 (r)
483 4010 609 4063 Summus
625 4005 727 4060 scilieet
740 4007 837 4076 gradus
851 4009 1018 4080 episcopatur
1028 4016 1083 4062 est.
1099 4006 1231 4062 ueuudus
1245 4002 1353 4075 presby·

357 4111 458 4154 retatus
474 4135 482 4158 .
502 4095 603 4151 tertius
617 4093 781 4150 diaconatus.
