3382 5206
367 567 416 654 8'6
702 650 705 659 ,
734 604 884 653 rrrsrom
909 606 953 652 v1.

342 723 468 784 contra
487 705 578 783 duas
597 707 724 785 breves
745 709 1024 810 componderata
1045 769 1055 800 ,
1076 730 1232 815 utraque
1253 711 1352 813 sylla-

340 829 425 901 bam
450 828 583 922 laciat3
603 828 697 904 duae
718 830 812 904 solae
832 831 972 903 vocales
993 832 1032 905 in
1052 860 1164 905 unam
1183 834 1353 932 syllabam

342 947 459 1046 redigi
483 966 659 1047 possunt:
684 950 785 1025 unde
813 952 897 1054 quia
926 978 988 1023 ea·
1014 979 1088 1024 una
1115 953 1247 1053 syllaba
1275 970 1352 1044 cst,

342 1069 520 1144 adicimus
548 1097 611 1143 ce·
1342 1066 1343 1070 ¹

416 1210 449 1266 n.
469 1189 555 1265 Non
572 1212 660 1266 vero
679 1214 829 1266 neccsse
848 1194 959 1267 luerit
980 1196 1025 1295 (a)
1047 1210 1087 1267 ut
1106 1195 1266 1269 eoduac
1280 1173 1353 1269 sim

241 1382 243 1386 ,
341 1311 485 1384 litterae
501 1365 511 1400 ‚
531 1336 572 1383 ιε·
585 1328 621 1385 et
634 1328 667 1385 ·t·
682 1369 692 1402 ,
712 1312 827 1386 sedin
842 1313 1069 1414 copulatione
1084 1342 1159 1389 uno
1172 1315 1254 1390 stilo
1275 1318 1354 1390 cba-

320 1478 327 1519 ;
343 1449 591 1526 raxantur,ct
601 1433 670 1507 sub
683 1458 756 1505 una
769 1433 912 1507 dictura
928 1433 1114 1507 dicuntur.
1134 1433 1208 1508 Sed
1222 1433 1261 1506 in
1278 1457 1354 1508 vcr-

344 1552 392 1624 bo
410 1552 539 1625 tertiae
560 1578 736 1652 personae
756 1576 832 1624 non
846 1557 925 1639 do,
944 1552 1008 1625 sed
1021 1569 1076 1625 ct·
1088 1552 1199 1624 scribi
1219 1553 1352 1640 debet,
1458 1588 1463 1598 ¹

344 1684 388 1742 nt
400 1687 519 1744 vacet·
532 1669 657 1744 sulcet.
670 1666 804 1742 Errant
817 1670 925 1768 etiam
937 1670 1000 1772 qui
1022 1671 1061 1742 in
1083 1671 1280 1769 copulativa
1294 1700 1355 1744 ac·

342 1776 383 1865 et
402 1792 626 1892 aspirativam
645 1793 688 1864 ·h·
708 1793 899 1882 scribunt,
919 1822 1012 1894 quae
1034 1793 1072 1865 in
1094 1794 1168 1867 solo
1189 1793 1354 1866 habenda

344 1910 563 2012 pronomine
584 1928 664 2001 est,
685 1913 783 2013 quod
802 1941 867 2012 per
888 1939 1013 1985 omnes
1035 1939 1138 1984 casus
1157 1912 1252 1984 hanc
1273 1939 1355 1984 ean·

346 2031 440 2111 'dem
456 2047 646 2133 receptat,
673 2049 715 2107 ut
739 2034 829 2107 haec
855 2032 965 2108 huius
991 2031 1078 2105 huic
1099 2032 1195 2105 hanc
1214 2033 1259 2105 ab
1277 2032 1355 2104 hac.

348 2150 551 2231 Sciendum
571 2183 657 2229 sane
679 2171 752 2244 est,
773 2156 872 2256 quod
893 2155 931 2226 in
954 2155 1278 2228 coniunctionibus
1296 2182 1356 2252 po·

345 2286 453 2347 testas
473 2302 580 2375 saepe
599 2290 788 2362 mutetur,
807 2302 873 2373 pro
899 2273 1071 2375 qualitate
1092 2272 1354 2346 sententiarum

346 2416 389 2468 ac
409 2394 550 2489 ratione
571 2420 755 2467 sensuum.
768 2393 863 2466 Nam
877 2411 949 2466 ast·
961 2411 997 2466 et
1010 2409 1063 2465 at·
1076 2420 1181 2494 saepe
1202 2421 1278 2466 non
1300 2421 1357 2466 co-

345 2512 523 2614 pulativae
551 2514 834 2588 coniunctiones
866 2513 929 2586 sed
962 2514 1186 2613 expletivae,
1215 2513 1287 2587 sive
1316 2532 1354 2586 ut

345 2631 477 2707 lnelius
504 2631 661 2705 dicimus
684 2691 694 2722 ,
721 2631 933 2706 discretivae
954 2631 1161 2706 dicuntur:
1189 2649 1356 2705 nontam

297 2815 298 2820 ,
347 2752 448 2827 c'nim
474 2753 672 2827 sententias
693 2753 924 2850 coniungunt
947 2810 957 2841 ‚
985 2781 1094 2855 quam
1113 2753 1357 2828 discernunt:

345 2875 472 2950 n'escio
493 2874 592 2948 enim
615 2873 797 2976 quomodo
823 2874 1011 2974 expletivae
1036 2901 1237 2962 vocemus,
1264 2902 1357 2973 quae

346 3011 384 3069 ’et
408 3023 557 3071 sensum
585 3013 622 3070 et
641 3013 812 3097 personas
832 3011 974 3069 mutant
1005 3022 1047 3067 ac
1074 2994 1279 3094 discrepare
1312 2996 1358 3066 sa·

311 3134 321 3167 ,⁴
348 3115 462 3190 ciunt.
490 3114 590 3188 Sunt
614 3132 737 3188 autem
765 3115 832 3186 bae
864 3112 1146 3186 coniunctiones
1177 3141 1269 3213 quac
1304 3140 1359 3184 co·

348 3234 477 3338 pulant
504 3234 737 3322 sententias,
764 3260 931 3333 quaeque
957 3233 1044 3305 licet
1069 3261 1132 3331 pro
1155 3232 1358 3309 causalibus

349 3371 385 3430 et
412 3354 651 3429 rationalibus
676 3353 793 3454 accipi
813 3352 985 3426 dicantur
1005 3410 1014 3441 ,
1035 3352 1065 3424 si
1092 3354 1221 3425 veritas
1246 3352 1360 3424 nomi-

348 3477 407 3550 nis
436 3477 534 3550 iuxta
563 3473 773 3576 qualitatem
800 3499 928 3545 sensus
956 3467 1195 3572 inquiratur,
1224 3471 1358 3545 rectius

351 3596 543 3696 expletivae
566 3593 743 3666 dicendae
764 3610 869 3665 sunt.¹
887 3589 991 3686 Quae
1013 3610 1134 3665 autem
1155 3612 1238 3666 sunt
1267 3622 1360 3666 com-

350 3717 529 3818 pletivae?
551 3741 644 3786 cum·
661 3714 759 3786 dum·
775 3740 869 3785 nam·
888 3739 1056 3813 namque·
1070 3714 1165 3812 quia·
1178 3715 1359 3814 quoniam·

351 3834 498 3909 etenim·
524 3849 560 3904 et
589 3849 741 3904 ceterae.

358 3992 360 3998 v
421 3954 453 4025 3.
474 3949 692 4028 Mirandum
711 3967 832 4022 autem
848 4006 857 4038 ,
876 3949 984 4021 immo
1004 3949 1215 4021 deflendum
1237 3968 1288 4022 est
1311 3969 1359 4023 to·
1386 3976 1391 3987 ·

432 4097 542 4175 (ιλΰοά,
559 4118 600 4143 mm
616 4116 712 4143 ‘teresse
720 4105 804 4161 suerit
820 4110 845 4142 et
861 4116 915 4143 veto
932 4102 994 4143 ‹tonu-
1010 4105 1058 4143 sr‘ut
1074 4100 1182 4143 tumme.
