3382 5206
356 514 426 590 128
732 541 876 588 retroue
904 541 933 588 r.

374 670 408 760 4.
431 661 584 736 Histrius
599 661 650 733 rir
664 663 707 761 (a)
723 661 887 760 hispanus
905 661 944 734 in
968 661 1219 761 compositione
1238 664 1344 736 histo·

323 787 458 860 riarum
487 784 692 886 splendidae
719 786 799 858 satis
823 785 1067 884 eloquentiae,
1097 785 1274 884 quandam
1298 789 1342 859 si-

324 911 565 987 militudinem
584 911 672 984 mihi
693 911 791 984 tletlit
815 912 958 987 dicens:
978 911 1093 984 vicem
1113 912 1194 984 solis
1221 913 1256 984 in
1280 933 1342 986 tes-

325 1037 479 1110 timoniis
498 1038 589 1135 gerit
608 1038 773 1132 vcrbum3
794 1064 874 1108 narn
894 1038 986 1109 sicut
1012 1034 1087 1107 dies
1111 1037 1240 1136 absque
1270 1038 1340 1110 sole

323 1188 397 1234 non
424 1179 478 1234 est
504 1161 654 1250 rutilus,
682 1160 731 1233 sic
760 1160 1006 1233 testimonium
1031 1160 1105 1233 sine
1134 1162 1237 1231 verbo
1258 1189 1343 1232 non-

324 1283 411 1358 dum
437 1284 518 1357 luce
547 1283 661 1355 micat.
683 1283 773 1354 Item
790 1315 798 1358 :
818 1311 838 1355 o
859 1312 920 1355 rex
942 1282 1054 1371 scito,
1075 1284 1158 1382 quia
1181 1284 1272 1356 sicut
1295 1301 1341 1353 te-

325 1434 408 1481 cum
428 1425 488 1480 tua
510 1406 636 1480 ancilla
658 1407 763 1479 vitam
777 1409 864 1479 hanc
887 1424 940 1478 est
956 1407 1080 1480 sortita
1093 1434 1339 1494 communem,

324 1532 373 1606 ita
390 1551 430 1609 tu
451 1563 534 1609 curn
551 1561 590 1606 ea
608 1549 756 1607 mortem
773 1532 906 1605 subibis
924 1560 1159 1607 communem.
1186 1533 1275 1606 item
1292 1535 1342 1606 in-

322 1661 529 1755 terrogatio:
549 1688 569 1731 0
589 1662 711 1748 avare,
733 1650 819 1761 quid
840 1656 995 1746 caelum,
1020 1659 1105 1758 quid
1127 1676 1235 1746 terra,
1255 1659 1341 1758 quid

281 1808 284 1813 ’
323 1807 420 1854 mare
447 1810 511 1855 sua
538 1783 632 1855 dona
661 1784 725 1856 tibi
753 1785 892 1869 serant,
929 1801 962 1855 et
992 1800 1029 1855 tu
1057 1800 1116 1856 tua
1143 1785 1236 1856 bona
1269 1813 1341 1855 non

323 1905 395 1977 fers
413 1906 593 2004 proximo?
613 1906 712 1982 Item.
732 1906 786 1980 Ut
806 1934 899 1978 mare
922 1905 1019 1977 obvia
1040 1934 1199 2005 quaeque
1219 1923 1338 1995 rorat,

323 2055 392 2101 nec
419 2031 536 2131 satiari
564 2048 700 2131 potest,
734 2032 785 2106 sic
821 2060 920 2105 mens
952 2031 1106 2104 hominis
1141 2032 1231 2104 avari
1266 2049 1338 2104 toto

324 2153 441 2225 nescit
461 2155 600 2227 sacculo
622 2157 749 2232 satiari.
773 2155 952 2227 Hactenus
973 2154 1139 2228 Histrius.

377 2279 409 2381 5.
439 2278 521 2352 Erat
549 2299 637 2380 aput
663 2280 860 2381 Aegyptum
890 2280 1082 2376 Gregorius
1108 2280 1243 2376 graecis
1271 2298 1341 2353 stu-

323 2398 391 2471 diis
416 2402 518 2475 raldo
558 2403 725 2489 deditus,
760 2405 824 2504 qui
857 2405 921 2476 tria
955 2404 1053 2476 milia
1084 2403 1262 2478 librorum
1294 2405 1338 2476 de

323 2526 546 2603 Graecorum
571 2529 725 2604 historiis
755 2528 1024 2627 conscripserat.
1051 2529 1150 2629 Aput
1176 2529 1342 2603 Nicome-

320 2651 414 2724 diam
440 2653 637 2755 Bnlapsitus
665 2685 779 2757 nuper
804 2656 874 2729 rita
902 2657 1070 2746 functus,
1104 2657 1165 2756 qui
1200 2676 1338 2730 nostrae

320 2779 405 2877 legis
431 2780 556 2870 libros,
584 2811 674 2883 quos
702 2810 764 2879 ego
793 2783 830 2853 in
859 2810 980 2878 graeco
1007 2783 1117 2854 habui
1139 2783 1190 2882 (b)
1215 2811 1340 2855 sermo-

321 2933 388 2993 ne,
416 2932 473 2979 me
508 2907 652 2980 iubente
687 2907 792 2979 vertit
822 2909 858 2979 in
894 2908 1067 2996 latinum,
1102 2935 1254 3007 quorum
1289 2925 1337 2978 est

324 3029 557 3129 principium:

373 3152 554 3254 Principio
576 3155 713 3229 caelum
736 3173 936 3254 terramque
962 3181 1058 3228 mare
1079 3155 1227 3255 omniaq.
1250 3173 1336 3227 astra

375 3275 536 3378 Spiritus
557 3282 655 3353 intus
675 3281 732 3352 alit
758 3283 817 3377 (c).

321 3399 433 3475 Erant
452 3422 636 3503 praeterea
657 3422 726 3475 trcs
748 3402 899 3488 loliani,
914 3432 1008 3475 unus
1031 3403 1066 3473 in
1089 3400 1336 3489 Arabia‚alius

321 3526 507 3615 inludia,
541 3528 662 3601 tertius
697 3527 734 3598 in
764 3527 906 3602 Africa:
939 3555 1027 3626 quos
1064 3526 1201 3597 Aeneas
1235 3556 1336 3601 meus

321 3669 563 3754 praeceptores
584 3655 725 3744 habuit,
753 3682 904 3753 quorum
924 3654 1029 3724 libros
1058 3651 1249 3727 meditante
1277 3683 1340 3726 no-

320 3778 408 3852 taria
435 3793 509 3851 arte
536 3778 574 3850 in
607 3778 782 3852 lucrosam
817 3778 1096 3876 descriptionem
1133 3781 1338 3854 transtulit:

320 3904 513 4004 inquibus
540 3903 740 4004 repperitur
764 3902 858 4000 quod
884 3903 936 3975 vir
963 3905 1105 4002 quidam
1136 3902 1237 3974 ttaro
1265 3908 1338 3977 t'ue-

386 4050 425 4114 (a)
442 4050 499 4097 car.
517 4056 591 4093 arm.
638 4050 677 4114 (r)
697 4053 751 4100 car.
767 4028 846 4095 aaran.
895 4049 930 4112 (e)
949 4053 1004 4099 aaa,
1016 4055 1096 4110 stan.
