3382 5206
516 559 585 652 432
852 587 1022 639 rourrtrrs
1047 592 1149 644 scorr

558 681 676 780 Σὸφρων
699 691 884 782 χριστοφόρος
907 692 1001 784 κύριος
1026 693 1039 756 ὅ
1061 687 1189 785 Κᾶρολος
1209 701 1268 778 (ι).

495 832 590 968 Hos
612 923 720 970 versus
743 903 848 971 cecini
869 928 926 971 sex
951 903 1049 973 denos
1071 905 1186 995 bisque
1209 921 1385 996 quaternos

558 1006 717 1077 lohannes
742 1026 846 1077 vester
869 1008 1016 1077 servulus
1037 1009 1204 1101 indiguus.

490 1113 602 1178 utin·
626 1113 704 1182 duur
726 1112 847 1199 laetus,
871 1117 938 1206 regi
961 1140 1034 1183 mea
1059 1116 1171 1183 debita
1193 1115 1300 1183 solvo:

556 1217 689 1289 Solvere
712 1222 856 1288 curarim
870 1269 881 1306 ,
897 1223 924 1287 si
948 1222 1014 1288 sibi
1036 1241 1130 1313 grata
1152 1222 1268 1292 forent.

863 1431 1051 1504 CARMEN
1076 1435 1135 1501 111.

875 1643 926 1709 De
948 1641 1114 1732 paschate.

495 1785 669 1922 Auribus
691 1852 856 1920 hebraicis
878 1871 993 1921 norum
1014 1856 1040 1921 si
1065 1853 1178 1921 dixero
1199 1853 1339 1942 pascha,

554 1961 678 2029 Usibus
701 1958 864 2027 Ausoniae
887 1962 1040 2028 transitus
1065 1978 1112 2029 est
1133 1958 1266 2027 habilis.

483 2070 631 2138 Primum
656 2082 794 2131 naturae
816 2067 844 2131 si
866 2066 913 2131 vis
938 2089 1133 2159 cognoscere
1155 2065 1297 2156 paseha,

553 2173 708 2261 Quaerito
732 2171 807 2262 quis
830 2171 955 2260 primus
978 2169 1067 2238 fulsit
1090 2173 1125 2237 in
1147 2173 1229 2238 orbe
1254 2171 1345 2251 dion

485 2281 558 2366 Quo
582 2275 753 2344 machinae
774 2274 891 2342 mundi
916 2274 1106 2342 cumulatim
1129 2274 1252 2342 dicitur
1273 2301 1344 2346 esse
1539 2279 1570 2342 5.

553 2385 594 2451 Iu
617 2384 743 2473 species
766 2384 917 2472 proprias
942 2382 1091 2449 transitus
1113 2404 1152 2450 ex
1174 2381 1293 2448 nihilo.

486 2491 649 2561 Conditor
672 2507 704 2555 et
728 2513 852 2556 causas,
878 2511 959 2579 quas
982 2511 1093 2555 secum
1113 2511 1243 2576 semper
1264 2487 1437 2574 habebat,

552 2595 702 2665 Prodidit
725 2596 761 2661 in
783 2594 902 2662 formas
927 2593 1050 2663 lumine
1069 2596 1269 2685 conspicuas.

483 2702 661 2794 sphaerica
684 2717 763 2766 tunc
790 2697 885 2765 tellus
909 2715 1035 2766 artatur
1057 2697 1171 2765 limine
1194 2716 1303 2782 cerm,

551 2809 761 2898 Vestiturque
784 2806 848 2872 suis
871 2802 1043 2871 frondibus
1067 2819 1100 2871 et
1120 2799 1283 2884 λαχάνοις.

484 2914 596 2982 Ginrit
617 2912 751 2980 litoreus
774 2909 919 2998 Neptuni
942 2908 1051 2973 Nerea
1074 2906 1217 2991 limbus,

435 3060 442 3071 ι
549 3021 652 3104 Quem
676 3039 828 3105 superare
851 3015 966 3104 nequit
990 3011 1119 3079 caerula
1143 3011 1193 3103 (a)
1218 3012 1308 3080 crine
1332 3028 1473 3082 tumens.
1585 3054 1589 3061 ·

404 3196 408 3205 ,
481 3122 620 3193 Arrium
642 3125 789 3212 spacium
811 3119 992 3210 tangebant
1015 3140 1136 3184 cornua
1159 3114 1281 3200 lunae,

547 3227 643 3315 Quod
665 3225 783 3292 validis
806 3227 922 3315 pennis
945 3248 1041 3292 osana
1065 3220 1116 3314 (3)
1141 3221 1364 3317 collacerant.

483 3334 659 3405 Aetherios
681 3332 789 3424 cyclos
812 3331 960 3397 ambibat
982 3329 1127 3422 stelliger
1150 3330 1239 3399 orbis
1535 3341 1585 3404 15.

558 3533 599 3606 (r)
620 3532 655 3585 Hi
671 3531 725 3584 duo
744 3529 829 3598 graeci
853 3547 961 3587 versus.
980 3528 1067 3582 adhuc
1087 3528 1281 3599 corruptiores,
1300 3529 1448 3586 recitantur
1466 3545 1506 3589 ec·

486 3629 538 3680 ianr
561 3624 588 3676 in
610 3619 773 3693 praefatione
799 3619 834 3671 ad
860 3619 985 3689 glossaria
1004 3638 1041 3688 gr.
1063 3620 1109 3671 lat.
1128 3637 1174 3691 per
1197 3619 1320 3673 Carolunr
1347 3620 1502 3675 Labbaeum

483 3716 607 3776 collectu3
627 3709 725 3780 sumpti
744 3709 846 3764 scilicet
864 3728 896 3763 ex
916 3711 974 3781 ipso
996 3709 1178 3778 glossariorum
1198 3710 1290 3763 codice
1307 3709 1400 3765 Karoli
1420 3711 1502 3767 Calvi

486 3812 573 3856 aetate
592 3798 699 3868 scripto·

569 3887 608 3957 (u)
628 3887 720 3939 Glossa
739 3886 828 3938 unda.

569 3971 609 4046 (3)
630 3974 722 4028 Glossa
739 3993 810 4027 aves.
