3382 5206
589 651 819 704 cnsuusrtcs
843 650 1077 703 armantes.
1263 631 1326 699 565

325 753 465 824 latitudo
481 804 493 840 ,
516 750 673 824 fortitudo
689 793 700 822 ,
714 751 945 847 magnitudo,
971 750 1176 822 crassitudo,
1202 752 1352 843 spissitu-

328 863 389 932 do,
414 861 602 955 aegritudo,
621 862 859 952 pulchritudo,
882 859 1072 953 turpitudo,
1099 858 1275 945 fortitudo,
1294 881 1351 925 re-

328 967 465 1034 ctitudo·
500 968 588 1059 llaec
618 968 728 1033 omnia
760 981 962 1056 pentoptota.
987 964 1161 1053 Excipitur
1189 961 1354 1029 cantilena

330 1070 420 1164 quod
444 1071 614 1160 triptotum
639 1094 761 1138 nomeu
786 1088 843 1138 est.
867 1072 951 1138 item
973 1067 1015 1135 de
1038 1066 1183 1135 secunda
1211 1063 1356 1132 declina·

328 1181 437 1262 tione,
457 1194 496 1243 ut
519 1176 742 1268 publicanus,
765 1175 977 1245 tusculanus,
1003 1174 1207 1265 passerinus,
1231 1173 1356 1240 anseri·

331 1306 415 1365 nus,
443 1281 646 1371 oppidanus,
674 1281 880 1364 rusticanus,
906 1277 1131 1363 Claudianus,
1151 1276 1358 1346 Hadrianus,

332 1389 553 1474 masculinus,
580 1389 776 1458 femininus,
804 1387 998 1482 gaditanus,
1022 1384 1227 1478 gallicanus,
1247 1383 1358 1453 formi-

229 1552 233 1558 .
333 1497 449 1579 cinus,
474 1496 694 1563 Maximinus,
720 1494 939 1585 bombycinus
955 1491 1138 1559 derivatum
1151 1514 1272 1558 nomen
1289 1490 1360 1580 epi-

329 1601 443 1667 theton
462 1626 480 1665 a
505 1601 747 1692 bombycibus,
765 1599 799 1664 id
821 1617 869 1668 est
888 1601 1054 1668 vermibus
1073 1620 1157 1690 quos
1175 1622 1259 1665 seres
1284 1594 1358 1664 vul-

330 1730 371 1796 go
395 1721 612 1793 nuncupant,
642 1704 729 1773 unde
754 1705 857 1773 serica
877 1704 974 1771 vestis
998 1701 1121 1773 lestis*
1137 1701 1271 1773 filorum
1283 1718 1358 1770 sta·
1381 1722 1452 1771 uu
1468 1720 1517 1768 eos.

332 1812 475 1878 minibus
500 1814 708 1892 contexitur,
735 1809 966 1879 ludibundus,
990 1807 1192 1880 iracundus,
1221 1806 1359 1875 fraudu·

333 1917 460 1985 lentus,
482 1916 731 2007 pompulentus,
757 1915 991 2006 corpulentus,
1018 1916 1222 1985 vinolentus,
1250 1939 1360 1982 meru·

333 2020 469 2105 lentus,
503 2022 738 2111 principatus,
766 2020 966 2111 paludatus,
997 2021 1032 2087 id
1069 2040 1116 2090 est
1144 2010 1360 2111 paludamen-

335 2140 367 2189 to
393 2125 546 2193 indutus,
573 2127 656 2192 sicut
680 2144 807 2218 togatus
823 2145 898 2219 tuga
917 2129 1050 2194 vestitus
1077 2126 1208 2195 dicitur.
1229 2127 1270 2193 In
1288 2150 1361 2193 ver·

336 2228 453 2297 borum
484 2255 619 2322 quoque
651 2231 757 2300 modis
783 2248 816 2299 et
841 2254 1053 2321 personarum
1083 2230 1359 2299 declinationibus

336 2332 542 2403 ditrochaeus
576 2339 792 2425 repperitur,
824 2351 862 2403 ut
896 2338 1120 2426 castigamus,
1148 2333 1362 2418 lectitamus,

338 2441 545 2530 irrogamus,
566 2442 803 2532 subrogamus,
826 2439 1048 2525 clamitamus,
1071 2439 1265 2509 fascinamus
1277 2489 1289 2525 ,
1301 2465 1363 2531 pa·

337 2546 515 2615 stiuamus,
545 2548 772 2628 ruminamus,
802 2565 839 2613 ut
865 2582 906 2597 -
928 2544 1003 2615 ilice
1028 2547 1089 2614 sub
1118 2549 1212 2637 nigra
1238 2534 1364 2636 pallen-

336 2668 382 2718 tes
408 2653 552 2718 ruminat
575 2653 714 2731 herbas;
743 2689 781 2703 ··
805 2655 993 2743 expiamus,
1022 2650 1363 2737 sauciamus,c0nfi·i-

338 2781 469 2841 camus,
487 2757 743 2849 strangulamus,
759 2760 979 2844 sciscitamur,
999 2758 1248 2843 machinamur,
1262 2781 1361 2848 prae-

337 2859 506 2927 stuiamur.
529 2861 586 2929 Sic
611 2863 772 2930 infinitivo
794 2862 892 2929 modo
913 2860 1090 2946 fascinare,
1112 2865 1296 2953 pastinare,
1309 2886 1363 2930 re·

337 2968 470 3058 migare.
486 2971 701 3060 Excipiuntur
719 2973 845 3060 passiva
860 2987 892 3037 et
906 2968 1104 3059 deponentia
1128 2968 1276 3039 ciusdem
1291 2993 1364 3037 mo·

340 3069 372 3134 di
388 3121 399 3154 ,
413 3089 455 3158 ‘ut
479 3074 657 3158 sciscitari,
680 3074 881 3158 machinari,
903 3071 1125 3165 strangulari,
1147 3099 1231 3166 quae
1255 3076 1290 3139 in
1307 3097 1365 3159 re·

337 3175 447 3266 gulam
476 3179 601 3266 epitriti
631 3180 768 3246 secundi
796 3183 935 3248 transire
964 3199 1155 3248 noscuntur.
1191 3178 1365 3247 Interdum

339 3281 525 3350 trochaicae
549 3283 629 3377 legis
654 3284 804 3351 normula
834 3311 853 3352 a
882 3288 1129 3376 participiorum
1153 3285 1365 3378 significatio·

338 3386 437 3451 nibus
464 3386 604 3454 oriunda
624 3404 773 3474 constat,
795 3408 832 3456 ut
855 3391 1101 3476 verberandus,
1124 3388 1364 3474 masticandus,

341 3488 571 3575 calculandus,
600 3491 846 3578 calcitrandus,
874 3494 1106 3578 dedicandus,
1132 3493 1364 3580 ventilandus,

342 3593 552 3664 vellicandus.
581 3597 636 3665 Sic
664 3623 682 3663 a
712 3600 806 3665 tertia
839 3599 888 3667 ucl
917 3619 1064 3691 quarta,
1089 3618 1125 3669 ut
1151 3601 1363 3670 inbuendus,
1463 3604 1471 3624 “

339 3700 556 3786 obruendus,
580 3703 829 3792 exprimendus,
850 3706 1043 3794 sopiendus,
1065 3705 1255 3774 sarciendus
1268 3757 1278 3792 ,
1291 3730 1367 3773 sae·

340 3805 503 3896 piendus,
530 3808 743 3878 sanciendus,
770 3808 964 3879 fulciendus.
993 3826 1026 3880 Δ.
1056 3814 1105 3879 Da
1136 3810 1285 3906 regulam
1312 3812 1366 3878 di-

342 3914 481 3982 visionis.
506 3916 553 3982 M.
577 3913 694 4007 Aequa
728 3917 934 3986 ditrochaeus
967 3917 1062 3987 lance
1088 3919 1259 4005 libratur,
1288 3918 1368 3986 dum

341 4019 421 4082 arsis
448 4035 480 4085 et
503 4018 599 4088 thesis
628 4021 681 4087 bis
707 4025 807 4089 ternis
834 4040 1019 4115 temporum
1046 4025 1179 4092 trutinis
1210 4025 1368 4117 aequipe-

343 4141 468 4194 rantur.
490 4137 524 4195 u
547 4124 643 4214 Quali
665 4146 814 4198 accentu.
831 4127 1038 4203 ditrochaeus
1057 4126 1243 4224 liguratur?
1267 4132 1314 4202 Μ.
1328 4132 1366 4205 Si
