3382 5206
408 557 458 653 rt

471 696 666 773 INCIPIT
688 681 887 796 QUINTA
906 696 973 773 DE
993 697 1298 775 PARTICIPIO.

1003 958 1011 983 .

456 1073 482 1122 1.
507 957 704 1122 Dicturi
724 1044 768 1116 de
790 1042 1004 1144 participio,
1034 1044 1168 1144 dequo
1189 1064 1224 1118 et
1247 1074 1266 1118 a
1288 1047 1390 1123 nobis

377 1184 412 1241 et
423 1166 635 1266 a1plerisque
651 1163 857 1238 doctoribus
873 1192 987 1239 sermo
1000 1167 1168 1265 frequens
1183 1169 1299 1242 sactus
1315 1187 1388 1258 est,

375 1285 463 1359 illud
485 1285 553 1358 mei
576 1283 722 1357 Aeneae
749 1283 788 1356 in
811 1284 1017 1383 prohoemio
1039 1284 1156 1384 operis
1183 1314 1389 1360 commemo·

376 1404 533 1478 randum
558 1420 655 1503 puto,
680 1400 870 1502 Optimum
894 1405 1028 1477 etenim
1044 1422 1103 1478 eet
1123 1423 1160 1480 et
1186 1406 1284 1479 valde
1310 1435 1388 1507 per·

375 1524 551 1624 optimum
564 1550 707 1596 omnem
726 1522 941 1623 discipulum
960 1525 998 1598 in
1012 1526 1084 1599 fine
1101 1526 1264 1599 omnium
1283 1527 1389 1626 scrip-

375 1661 496 1717 torum
511 1660 614 1743 atque
633 1642 756 1732 initio,
775 1646 1015 1744 praeceptoris
1034 1646 1089 1718 sui
1110 1645 1320 1720 indefessam
1339 1647 1356 1716 f
1375 1690 1388 1701 ·

375 1791 457 1837 cere
484 1764 729 1854 mentionem,
757 1792 863 1865 quem
890 1767 1065 1838 humanae
1091 1765 1294 1865 disciplinae
1322 1783 1387 1838 ter-

372 1884 462 1956 tium
481 1884 544 1956 sibi
566 1901 704 1983 patrem
722 1902 860 1961 vocant.
887 1885 1010 1985 ltaque
1041 1883 1183 1958 Aeneas
1208 1913 1308 1958 meus
1329 1886 1388 1958 tri·

360 2004 465 2103 -plam
488 2004 760 2103 participiorum
781 2004 982 2079 adsentitur
1008 2005 1200 2081 virtutem:
1226 2004 1322 2104 quod
1347 2004 1385 2076 in

370 2124 462 2197 libro
489 2125 532 2197 de
556 2126 719 2200 omnium
742 2126 875 2199 artium
900 2127 1029 2199 virtute
1047 2126 1178 2226 scripto
1203 2143 1307 2226 atque
1333 2155 1387 2197 or-

372 2244 523 2317 dinatim
548 2244 685 2342 digesto
708 2245 769 2318 tali
791 2245 903 2319 edidit
929 2246 1044 2320 modo.
1067 2244 1188 2318 Prima
1210 2303 1219 2335 ,
1240 2246 1385 2345 inquit,

370 2363 483 2437 virtus
497 2364 790 2465 participiorum,
811 2365 908 2466 quod
928 2393 1058 2439 nomen
1081 2381 1116 2437 et
1133 2366 1281 2437 verbum
1298 2365 1387 2438 duas

368 2483 585 2582 principales
601 2484 770 2558 orationis
785 2503 904 2585 partes
921 2484 1064 2558 obtinet.
1084 2482 1272 2572 Secunda,
1290 2484 1384 2583 quod

369 2602 462 2677 sicut
474 2605 625 2677 verbum
637 2605 745 2679 suerit
760 2604 935 2694 activum,
956 2603 1081 2677 eodem
1096 2603 1200 2676 modo
1217 2619 1254 2675 et
1267 2603 1384 2702 ipsum

371 2724 451 2821 agit
467 2722 611 2815 Tertia,
629 2725 767 2826 quodsi
783 2726 820 2797 in
835 2726 906 2797 fine
929 2723 1212 2797 testimoniorum
1231 2724 1385 2822 positum

368 2843 503 2932 fuerit,
526 2873 588 2944 pro
608 2846 713 2918 verbo
727 2845 946 2944 accipiatur3
966 2844 1061 2944 quo'd
1079 2862 1196 2916 tamen
1214 2872 1287 2916 non
1307 2845 1384 2942 iugi

370 2965 631 3039 consuetudine
656 2964 716 3038 sed
737 2993 816 3039 raro
845 2964 986 3038 accidit
1007 2962 1105 3036 Haec
1125 2961 1275 3037 deneas.

441 3110 473 3156 2.
497 3079 701 3157 Sciendum
720 3083 758 3155 in
778 3082 901 3182 primis
922 3099 997 3171 est,
1021 3098 1134 3154 totum
1156 3081 1384 3180 participium

368 3228 432 3299 per
443 3228 564 3274 omnes
579 3232 639 3276 sex
658 3230 757 3276 casus
770 3201 930 3301 duplices
941 3228 1044 3297 agere
1057 3199 1188 3288 solere,
1204 3199 1263 3271 illo
1284 3200 1384 3272 durn-

369 3337 460 3395 taxat
478 3324 584 3395 verbo
602 3380 611 3411 ‚
634 3323 738 3395 cuius
766 3322 812 3394 sit
838 3320 1103 3418 significationis
1122 3348 1240 3417 agens.
1261 3319 1383 3394 Nomi·

369 3443 506 3516 nativus
528 3471 629 3517 casus
649 3442 830 3542 participii
845 3441 941 3515 modi
960 3456 995 3512 et
1011 3440 1178 3513 ablativus
1197 3468 1299 3540 saepe
1318 3471 1381 3541 pro

368 3562 578 3636 seinvicem
598 3580 809 3663 ponuntur:
836 3562 929 3663 quod
956 3580 1080 3636 utrum
1099 3562 1142 3634 sit
1168 3580 1308 3635 rectum
1334 3592 1379 3635 an

368 3708 504 3769 secus,
540 3705 663 3754 eorum
687 3682 746 3781 qui
771 3682 821 3754 ita
842 3680 1003 3755 scribunt
1030 3680 1176 3753 arbitrio
1207 3680 1381 3780 relinqua·

368 3825 456 3874 mus.
478 3795 572 3871 Nam
594 3828 658 3898 pro
683 3801 895 3873 nominativo
922 3799 1113 3872 ablativum
1139 3799 1378 3897 participalem

364 3918 519 4017 positum
539 3946 641 4017 saepe
660 3920 879 4009 invenimus,
900 3919 1100 3993 secundum
1116 3917 1205 3990 illud
1224 3917 1375 4015 Glengi‚

365 4038 463 4111 lroste
474 4066 536 4138 per
548 4055 663 4137 portas
676 4039 916 4138 inrumpente:
928 4039 1138 4139 quibusdam
1151 4037 1374 4136 opinantibus
