3382 5206
370 581 435 672 154

602 603 857 654 GRAMMATICUS
889 605 1091 653 wlcanus

339 711 433 766 nium,
452 721 481 763 et
499 722 585 764 cetera
610 711 691 764 talia:
720 710 820 765 scilicet
873 721 964 763 eontra
980 713 1114 779 analogiae
1133 725 1231 767 rectam
1246 715 1357 768 rationis

337 797 463 866 quoniam
474 798 539 851 haec
549 798 656 851 nomina
667 797 705 849 sic
715 815 761 868 per
769 815 821 850 om·

340 902 385 936 nes
402 902 477 938 casus
495 885 638 939 secundum
656 903 704 938 sua
729 902 822 952 genera

339 975 366 1026 in
385 974 564 1027 declinatione
584 987 768 1044 perseverant,
782 975 821 1026 si-

338 1063 394 1113 cuti
413 1063 454 1113 eit
468 1060 603 1127 analogia.
623 1074 694 1116 recta
709 1062 822 1116 declina·

337 1147 439 1200 tionum
457 1146 606 1218 disciplina.

449 1325 474 1388 4.
494 1337 528 1373 na
550 1336 702 1374 anonam.

338 1452 507 1558 Anomalia
520 1513 561 1556 est
576 1503 715 1555 inmiscens
726 1503 768 1555 vel
783 1503 819 1554 in·

335 1599 439 1643 mutans
452 1591 521 1644 ratio
534 1607 580 1662 per
594 1590 806 1645 declinationem.

447 1764 473 1821 5·
494 1785 528 1821 oa
549 1785 698 1822 miscenam

335 1887 481 1997 Miscens
492 1946 638 1999 anomaliae
649 1965 693 2017 per
703 1944 817 1997 declina·

332 2034 429 2087 tionem
440 2037 509 2089 ratio
523 2048 616 2093 est‚ut
626 2049 705 2108 puta,
721 2038 754 2088 ab
767 2037 816 2088 lioc

237 2130 239 2151 ¹
331 2120 815 2193 alterolauicalteritscilicetquoniam

332 2211 814 2278 quaecumquenominaablativocaso

331 2299 817 2368 numerisingnlarism·litteratermi·

330 2399 446 2444 nantur,
457 2389 521 2442 haec
531 2392 675 2443 secondum
682 2392 817 2458 analogiae

330 2485 429 2529 tectam
444 2477 556 2531 rationis
569 2478 736 2550 disciplinam
748 2476 816 2530 dati·

327 2566 815 2633 vocastinnmerlsingnlaris·o·litte.

330 2670 359 2704 ra
377 2653 549 2708 definiuntur.
563 2654 631 2707 Item
644 2653 678 2706 ab
696 2653 746 2706 hac
758 2673 814 2707 mn·

328 2741 370 2799 la,
380 2741 422 2796 his
432 2753 459 2795 et
468 2740 502 2794 ab
510 2742 553 2797 his
564 2741 696 2796 mulabus:
711 2743 813 2797 scilicet

328 2830 455 2900 qnoniam
465 2848 647 2900 quaecumque
656 2830 762 2883 nomina
769 2828 812 2881 ab·

326 2918 410 2973 lativo
427 2935 489 2972 casa
502 2918 604 2971 numeri
617 2918 757 2985 singularis
774 2936 809 2969 ·a·

326 3005 417 3060 littera
437 3005 629 3063 terminantur,
643 3005 708 3058 haec
720 3023 810 3059 secun·

243 3080 249 3093 ⁰
325 3093 390 3147 dnm
416 3092 552 3163 analogiae
576 3102 674 3146 rectam
699 3092 810 3145 rationis

325 3182 493 3255 disciplinam
520 3180 612 3233 dativo
636 3190 664 3233 et
690 3178 809 3234 ablativo

325 3288 386 3324 casu
411 3270 512 3323 numeri
538 3266 647 3338 pluralis
668 3267 710 3318 ·is·
735 3265 810 3319 litte-

324 3359 361 3412 ris
379 3358 551 3413 definiuntur·
572 3361 637 3411 Item
652 3355 686 3407 ab
705 3356 754 3408 hoc
770 3355 809 3405 iu·

228 3446 255 3477 ¹·
324 3467 401 3518 gero.
426 3451 519 3503 horum
547 3449 679 3516 iugerum:
708 3445 808 3499 scilicet

322 3539 447 3607 quoniam
456 3554 639 3606 quaecumque
647 3536 753 3590 nomina
765 3536 808 3588 abu

321 3622 405 3678 latito
423 3640 486 3677 casu
500 3623 602 3677 numeri
616 3623 756 3690 singularis
771 3643 806 3675 ·o·

321 3710 412 3765 littera
431 3712 620 3768 terminantur,
639 3711 703 3764 lmec
716 3729 807 3764 secun-

321 3798 385 3856 dum
409 3799 544 3866 analogiae
571 3809 667 3852 rectam
694 3799 806 3852 rationis

321 3888 489 3960 disciplinam
505 3889 620 3956 genitivo
640 3906 702 3941 casu
716 3907 806 3941 nume·

320 3978 343 4031 ri
363 3975 473 4049 pluralis
500 3994 593 4029 mrum·
619 3976 715 4029 litteris
738 3977 803 4029 dcli·

322 4066 442 4120 niontur.
455 4063 497 4118 Sic
511 4075 536 4120 et
548 4075 634 4119 cetera
643 4063 724 4122 talia,
736 4082 804 4133 quae

874 797 1041 867 disciplinam
1068 799 1176 853 miscent
1205 820 1249 871 per
1281 822 1356 855 casus

875 883 1078 938 declinationum
1103 886 1216 944 formas.
1240 890 1359 942 anomala

875 985 937 1026 sunt
957 975 1122 1046 appellanda.

976 1149 1004 1204 6·
1027 1168 1060 1204 na
1081 1170 1253 1208 inmortuae.

874 1267 1028 1380 Inmutans
1046 1331 1190 1383 anomaliae
1209 1351 1254 1402 per
1273 1333 1358 1384 decli-

873 1415 1006 1467 nationem
1032 1426 1072 1469 est
1096 1417 1185 1474 ratio.
1214 1431 1242 1470 ut
1268 1432 1356 1489 puta,

873 1500 917 1552 hic
943 1502 1080 1573 luppiter,
1103 1504 1183 1556 huius
1208 1507 1287 1558 lovis.
1315 1508 1358 1559 Sic

871 1597 898 1639 ct
911 1600 997 1642 cetera
1012 1590 1091 1646 talia.
1107 1609 1176 1660 quae
1188 1604 1279 1645 contra
1294 1612 1359 1645 ana-

870 1676 956 1744 logiae
974 1689 1070 1732 rectam
1095 1683 1206 1735 rationis
1233 1683 1354 1755 discipli·

870 1785 930 1818 nam
951 1765 1092 1820 immutant
1111 1786 1156 1839 per
1175 1787 1249 1822 casus
1268 1770 1353 1822 decli-

871 1855 1008 1906 nationum
1032 1854 1144 1911 lormas,
1163 1858 1280 1910 anomala
1295 1869 1358 1910 suot

870 1942 1034 2012 appellanda.

969 2137 993 2192 7·
1014 2138 1049 2174 ΒΕ
1070 2139 1250 2174 marleiam.

868 2234 1029 2349 Deficiens
1050 2298 1196 2349 anontnliae
1215 2317 1261 2369 per
1273 2299 1355 2351 decli-

869 2383 1001 2436 nationem
1013 2395 1053 2436 est
1071 2385 1155 2442 ratio.
1167 2397 1197 2438 ut
1208 2397 1288 2457 puta,
1301 2386 1351 2439 hoc

868 2470 957 2528 nefas,
985 2483 1012 2525 et
1029 2483 1115 2524 cetera
1143 2474 1225 2526 talia:
1250 2474 1353 2526 scilicet

865 2561 990 2627 quoniam
1008 2561 1073 2614 haec
1096 2574 1187 2615 contra
1213 2564 1352 2629 analogiae

865 2658 963 2701 rectam
982 2649 1094 2702 rationis
1113 2649 1282 2720 disciplinam
1297 2671 1351 2704 non

866 2752 912 2805 per
924 2755 1012 2791 omnes
1030 2756 1105 2790 casus
1126 2738 1153 2790 in
1172 2739 1349 2793 declinatione

864 2835 1039 2894 perseverant·
1058 2827 1101 2877 Sic
1121 2826 1172 2877 iam
1190 2837 1216 2880 et
1236 2846 1282 2898 per
1303 2846 1349 2881 ce-

864 2925 933 2967 teras
957 2928 1045 2984 partes
1070 2917 1200 2969 orationis
1225 2918 1348 2985 analogia

864 3003 904 3054 vel
923 3004 1054 3057 anomalia
1077 3004 1267 3057 consideranda
1293 3019 1351 3063 est.

864 3090 913 3144 hoc
924 3108 963 3144 est
979 3104 1008 3146 ut
1023 3109 1203 3163 quaecumque
1216 3113 1277 3164 pars
1293 3114 1349 3148 ora-

864 3180 945 3233 tionis
974 3199 1059 3250 neque
1085 3181 1231 3239 inmiscet,
1260 3201 1348 3252 neque

866 3265 995 3324 inmutat,
1015 3280 1061 3320 aut
1080 3269 1170 3322 deficit
1194 3289 1240 3341 per
1264 3273 1350 3324 decli-

864 3359 978 3413 nationis
997 3359 1182 3431 disciplinam‚
1201 3362 1235 3412 ad
1255 3363 1349 3415 analo-

863 3449 931 3514 giam
942 3449 1085 3517 pertineat:
1095 3469 1163 3519 quac
1174 3469 1235 3504 vero
1243 3451 1350 3509 miscet,

862 3535 901 3586 vel
932 3534 1072 3592 inmutat.
1106 3549 1151 3590 aut
1182 3539 1273 3592 deficit
1304 3557 1350 3610 per

861 3621 1047 3675 declinationis
1067 3623 1252 3695 disciplinam.
1281 3643 1349 3678 ooo-

860 3710 930 3761 mala
949 3723 1012 3763 suot
1031 3713 1195 3783 appellanda.
1216 3713 1292 3764 Nunc
1308 3726 1347 3766 ct·

860 3798 910 3850 iam
929 3799 979 3852 hoc
1007 3818 1155 3857 monemus,
1180 3803 1252 3871 quod
1278 3821 1344 3856 ana-

857 3888 927 3956 logia
945 3889 1086 3942 maximam
1104 3902 1205 3962 partem
1230 3891 1346 3945 rationis

859 3979 1018 4034 contineat.
1045 3981 1176 4033 anomalia
1202 4000 1262 4034 vero
1294 3982 1346 4033 ali-

864 4088 952 4141 qoam.
972 4071 1010 4123 De
1029 4071 1149 4140 analogia
1163 4081 1190 4124 et
1205 4071 1349 4129 anomalia.
