3382 5206
556 539 800 652 Quarirrdurs
828 586 1149 659 eneruauerunt
1268 566 1334 642 331

336 703 387 769 bis
413 722 442 770 et
469 706 649 796 deinceps,
670 710 695 772 si
716 706 894 797 penultima
922 708 1084 797 positione
1113 705 1209 800 lunga
1239 706 1363 795 suerit,

332 814 400 900 ipsa
424 833 584 900 acuetur,
607 835 638 883 et
665 815 918 906 antepenultima
945 818 1037 907 gravi
1062 836 1199 890 accentu
1215 841 1360 906 pronun-

336 926 500 1009 ciebitur,
517 945 551 992 ut
578 927 732 1011 catellus,
755 927 930 995 Metellus:
947 931 991 996 ita
1018 945 1129 994 tamen
1153 929 1179 993 ai
1202 929 1362 1018 positione

335 1034 512 1124 longarum
536 1063 571 1104 ex
595 1053 686 1103 muta
715 1053 747 1101 et
763 1034 1029 1125 liquidalsuerit3
1054 1059 1129 1100 nam
1149 1035 1290 1102 mutabit
1311 1058 1363 1100 ae·

334 1163 465 1211 centum
481 1196 491 1228 ‚
518 1163 554 1212 ut
575 1145 722 1213 latebrae
737 1197 748 1232 ‚
762 1147 932 1213 tenebrae!
939 1148 1011 1230 Quo
1035 1144 1106 1212 lacu
1128 1143 1267 1228 inoluit,
1282 1145 1359 1234 quia

333 1259 358 1321 si
385 1256 558 1323 cuiuslibet
584 1256 685 1345 partis
711 1254 888 1345 penultima
913 1254 1037 1348 syllaba
1067 1254 1191 1321 desinat
1217 1255 1251 1318 in
1279 1276 1358 1318 eor-

334 1383 426 1454 repta
447 1366 579 1449 vocali,
605 1390 689 1458 quae
715 1367 928 1453 excipiatura
948 1364 1076 1431 duobus
1090 1361 1361 1446 consonantibus,

333 1499 471 1565 quarum
492 1478 530 1541 sit
555 1478 646 1564 prier
675 1494 763 1542 muta
792 1493 823 1541 et
850 1500 985 1565 sequens
1013 1470 1142 1562 liquide
1169 1472 1237 1554 eit,
1265 1494 1359 1537 nura·

333 1610 432 1676 quam
450 1585 504 1650 illa
520 1611 593 1675 pars
609 1587 788 1678 trissyllaba
808 1585 857 1653 vel
874 1582 1083 1677 tetrasyllaba
1099 1597 1234 1649 acuetur
1248 1584 1284 1649 in
1298 1605 1358 1670 pe·

334 1694 495 1778 nultirua,
517 1695 571 1762 sed
598 1715 721 1762 mutato
741 1712 877 1763 accentu
894 1697 998 1785 potina
1020 1695 1055 1759 in
1079 1690 1359 1782 antepenultima,

333 1804 407 1872 lieet
435 1808 468 1872 in
497 1808 603 1874 medio
624 1827 799 1898 utrumque
814 1806 886 1874 fieri
903 1805 1026 1889 liceat,
1049 1825 1149 1895 prout
1167 1805 1266 1874 luerit
1284 1812 1358 1895 po'e‘·

332 1933 383 1980 tae
407 1916 565 1983 velumus.
599 1919 682 1985 Nam
710 1919 734 1984 si
764 1918 829 1983 sint
857 1915 1001 1984 verbalia
1030 1915 1177 1984 feminini
1205 1917 1359 2009 generis,

334 2023 383 2089 rel
410 2023 472 2089 alia
487 2051 634 2118 quaeque
649 2027 843 2094 naturaliter
865 2027 1051 2118 producta,
1072 2045 1207 2119 propter
1231 2044 1355 2097 mutam

334 2150 365 2197 et
378 2132 537 2224 liquidam
559 2137 699 2201 breviari
716 2160 779 2202 nou
795 2153 931 2226 poeaunt
958 2135 1163 2205 ullomodo:
1187 2138 1251 2205 hoc
1269 2139 1357 2210 enim

329 2244 486 2335 signifieat
512 2246 658 2314 condicio
687 2249 830 2337 apposita
851 2296 864 2331 ,
887 2253 913 2316 ei
940 2248 1013 2315 talis
1041 2248 1170 2341 syllaba
1196 2250 1354 2339 positione

334 2353 427 2447 longa
452 2358 515 2437 sit,
538 2375 710 2423 accentum
726 2357 758 2422 in
776 2359 1028 2448 antepenultima
1055 2361 1185 2425 mutari·

424 2470 453 2537 3,.
478 2468 543 2536 Sed
554 2487 667 2536 natura
682 2470 903 2560 exemplorum
918 2470 1118 2561 penultimae
1133 2470 1248 2561 longae
1260 2489 1356 2554 aaut,

331 2576 414 2640 sicut
429 2577 562 2666 quidam
579 2577 710 2663 velunt,
731 2583 789 2672 qui
803 2598 918 2669 putant
937 2604 975 2646 ea
994 2578 1138 2647 derivari
1154 2605 1172 2643 a
1188 2580 1296 2647 verbis
1309 2603 1355 2644 se·

332 2686 457 2752 eundae
472 2690 724 2778 coniugationis‚
738 2716 754 2753 ιι
770 2688 912 2756 secunda
928 2688 1054 2756 seilicet
1067 2713 1201 2779 perrona
1218 2692 1356 2780 impera·

332 2799 389 2860 tivi
403 2797 489 2863 modi
501 2823 584 2889 quae
596 2818 643 2865 est
655 2800 811 2890 producta
822 2850 832 2883 ‚
844 2818 881 2871 ut
894 2819 988 2869 teneo
998 2818 1090 2868 tenea
1101 2817 1174 2867 tene
1183 2801 1353 2868 tenebrae·

331 2902 417 2970 lateo
428 2907 506 2973 lates
521 2907 582 2974 late
592 2909 746 2978 latebrae.
763 2909 926 2977 ,docentus
941 2911 1042 3001 igitur
1056 2909 1354 2999 antepenultimam

330 3040 395 3080 nun
409 3033 561 3083 mutatur.
578 3019 633 3088 Sic
647 3022 744 3085 etiam
758 3044 776 3085 a
791 3019 900 3087 verbis
912 3021 1039 3109 primae
1052 3019 1288 3108 coniugationia
1302 3042 1352 3084 ae·

328 3126 460 3192 stimant
480 3127 550 3192 fieri
568 3177 578 3211 ‚
597 3127 670 3195 lavo
689 3129 776 3194 laras
795 3126 868 3194 lava
888 3128 1052 3194 lavacrum
1075 3143 1219 3192 aratrum
1243 3125 1352 3192 renti-

329 3234 469 3301 labrum.
489 3240 530 3306 Et
553 3263 570 3303 a
598 3242 692 3306 tertia
720 3242 942 3330 coniugatione
968 3238 1137 3306 terebrum
1160 3287 1170 3318 ‚
1197 3255 1228 3303 et
1256 3237 1350 3324 siqua

328 3365 401 3412 aunt
417 3346 534 3421 similia
551 3379 559 3414 ε
586 3374 669 3439 quae
685 3351 784 3414 etiam
807 3351 931 3442 absque
946 3348 1011 3416 ulla
1027 3346 1138 3441 regula
1155 3396 1166 3431 ‚
1182 3371 1239 3411 eeu
1255 3368 1352 3434 grae-

328 3482 365 3521 ra
387 3459 450 3524 sint
466 3484 521 3523 seu
544 3458 665 3543 latina,
688 3461 802 3528 eodem
823 3459 929 3526 modo·
941 3461 1153 3548 pronuntiant
1172 3505 1182 3539 ‚
1200 3472 1234 3519 ιιι
1252 3454 1349 3520 thea-

329 3584 437 3648 trum,
459 3566 639 3653 feretrum,
657 3569 832 3659 pharetra,
855 3570 1021 3637 cathedra.
1036 3572 1183 3654 Quorum
1202 3567 1346 3633 omnium

328 3679 497 3743 numinum
529 3697 560 3744 et
587 3678 788 3770 reliquorum
817 3678 1038 3762 similium‚ai
1067 3676 1266 3767 penultimae
1287 3698 1352 3739 ua-

326 3804 397 3853 tnra
425 3788 539 3877 lungae
570 3809 644 3856 suut
668 3841 678 3873 ‚
706 3774 764 3856 nec
791 3794 887 3863 etiam
911 3791 945 3854 in
964 3807 1070 3857 metro
1100 3788 1243 3856 breviari
1271 3809 1346 3876 poa·

325 3886 411 3964 aurit·
425 3900 492 3968 Sed
519 3920 598 3969 teste
619 3905 743 3968 Donato
768 3902 882 3971 salsum
897 3917 946 3970 eat
967 3898 1056 3993 quod
1077 3899 1262 3989 praecedit;
1285 3896 1347 3965 fat-

325 4034 393 4074 sum
413 4033 488 4098 ergo
504 4030 548 4077 est
564 4031 593 4077 et
616 4010 703 4101 quod
720 4014 875 4102 sequitur.
895 4011 954 4079 llla
967 4036 1045 4079 vere
1063 4008 1116 4077 his
1128 4010 1246 4081 similia
1261 4031 1345 4099 quae
