3382 5206
356 448 427 543 148
715 471 857 520 aurona
883 472 954 520 xur.

324 597 572 658 commutatae
592 580 785 672 discernit,
812 587 906 656 erum
924 610 1005 656 vero
1032 583 1259 680 conglutinat.
1287 587 1345 661 ln·

323 722 379 779 ter
399 731 522 780 verum
540 721 577 778 et
596 731 679 777 vero
699 703 792 777 duae
812 721 896 778 sunt
918 704 1138 778 differentiae
1160 711 1229 806 (a);
1250 736 1344 799 una,

321 824 406 925 quia
432 850 555 899 verum
572 823 794 923 praepositivi
820 823 955 896 ordinis
980 840 1058 913 est,
1086 851 1169 897 uero
1195 828 1344 902 subiun-

324 942 436 1039 ctivi3
462 941 558 1031 alia,
587 942 671 1043 quia
699 969 822 1015 verum
846 942 1028 1016 causaliter
1056 970 1118 1042 pro
1145 961 1262 1017 tamen
1287 949 1345 1019 ha·

323 1064 457 1150 betur,
485 1086 569 1136 vero
595 1061 800 1159 expletionis
826 1089 909 1134 suae
939 1078 1078 1134 tantum
1104 1062 1263 1136 stationis
1291 1093 1345 1138 ac-

324 1179 466 1280 cipitur.
495 1176 721 1280 Quamquam
740 1180 777 1251 in
802 1177 844 1253 V.
873 1180 1009 1278 species
1031 1181 1240 1255 coniunctio
1260 1184 1344 1256 divi·

324 1328 362 1373 sa
388 1301 458 1388 sit,
485 1315 603 1372 tamen
631 1299 670 1372 in
698 1327 773 1372 sese
796 1299 1092 1389 commiscentur,
1120 1301 1166 1373 ita
1197 1320 1236 1376 ut
1260 1333 1345 1377 una·

322 1449 484 1522 quaeque
515 1419 659 1494 alterius
691 1420 825 1493 ratione
857 1448 919 1519 pro
950 1419 1148 1495 dictionum
1174 1424 1343 1522 qualitate

323 1557 454 1615 utatur.
474 1537 701 1640 Frequenter
722 1539 818 1612 enim
838 1540 991 1612 causales
1011 1569 1073 1639 pro
1093 1541 1341 1631 rationalibus,

323 1677 359 1732 et
383 1658 597 1759 copulativae
626 1686 689 1757 pro
714 1657 913 1732 causalibus
940 1659 1025 1756 poni
1050 1659 1190 1756 solent3
1217 1678 1260 1734 ut
1279 1689 1342 1761 pro

322 1784 443 1864 eninr,
462 1793 497 1851 ct
515 1796 693 1877 ponatur3
713 1794 752 1851 ut
771 1804 831 1850 vos
850 1778 981 1852 vicistis
1002 1796 1038 1852 et
1057 1780 1129 1853 duo
1150 1782 1343 1876 iuverunt3

321 1901 389 1973 hoc
414 1918 467 1973 est
492 1900 576 1999 quia
601 1900 672 1972 duo
692 1900 869 1973 iuverunt.
900 1901 1106 1999 Quoniam,
1132 1916 1166 1973 et
1182 1959 1197 1987 ‚
1223 1907 1343 1988 enim,

322 2046 387 2120 pro
400 2026 538 2099 tametsi
550 2037 760 2119 ponuntur,
774 2038 816 2094 ut
828 2033 851 2065 “
868 2021 1037 2121 quoniam
1050 2048 1112 2117 ego
1133 2020 1338 2095 abctoritate

328 2156 422 2213 certa
442 2140 558 2212 fidens
585 2140 744 2213 omnium
764 2141 892 2240 probra
921 2159 1064 2239 tempno
1090 2197 1113 2229 ,‚
1134 2141 1201 2213 hoc
1223 2158 1277 2213 est
1296 2157 1345 2212 ta-

323 2260 427 2333 metsi
447 2261 565 2333 omnia
588 2279 742 2360 tempno.
770 2260 817 2334 Et
837 2263 968 2335 iterum
988 2262 1141 2335 scribens
1170 2274 1193 2306 “
1224 2262 1343 2349 enim,

326 2378 467 2478 inquit,
494 2379 623 2452 multos
642 2380 757 2452 vivant
776 2409 909 2470 annos,
935 2408 1006 2457 non
1027 2409 1061 2453 se
1082 2407 1249 2479 umquam
1269 2380 1344 2452 vin-

326 2496 501 2571 dicabunt
523 2553 547 2586 ‚‚
568 2501 637 2572 hoc
659 2515 713 2570 est
732 2500 762 2571 si
787 2502 915 2572 vivant.
936 2514 960 2544 “
984 2498 1052 2587 Et,
1081 2499 1154 2586 ait,
1183 2498 1346 2571 iurabant

322 2618 493 2718 quoniam
513 2619 735 2692 debellabant
758 2677 793 2707 ‚,.
815 2618 881 2692 Hic
904 2636 958 2692 cst
975 2619 1062 2691 ordo
1084 2631 1107 2661 “
1130 2618 1210 2690 ideo
1228 2616 1346 2690 debel-

322 2739 440 2812 labant
456 2741 626 2838 quoniam
643 2741 818 2816 iurabant.
833 2739 880 2813 Et
899 2741 947 2813 sic
970 2739 1124 2812 Histrius
1142 2739 1206 2814 ait:
1227 2752 1249 2782 “
1274 2766 1347 2811 om·

322 2857 377 2931 nis
401 2858 505 2930 homo
536 2877 639 2957 prout
665 2860 757 2931 valet
775 2917 783 2945 ,
804 2860 888 2931 vitat
908 2858 1091 2958 pericula3
1120 2857 1181 2929 sed
1212 2873 1245 2928 et
1265 2856 1344 2929 iure

319 2978 407 3051 vitae
423 2980 563 3081 quaerit
578 2979 761 3053 commoda
787 3036 821 3067 ,,.
844 2978 991 3052 Etenim
1007 2979 1063 3051 bic
1084 3005 1208 3050 sensus
1225 2990 1249 3022 “
1266 3006 1341 3051 non

321 3097 436 3172 solum
462 3099 520 3172 illa
540 3099 651 3187 vitat,
681 3099 740 3171 sed
767 3100 874 3172 etiam
901 3100 965 3171 ista
986 3100 1133 3198 quaerit.
1162 3098 1270 3174 Finit.

957 3334 1353 3350 ——n-aeu———n--q

514 3478 614 3552 XIV.
643 3477 707 3551 DE
736 3475 1156 3553 PRAEPOSITIONE.

325 3627 509 3799 Omnes
531 3721 626 3792 enim
647 3720 942 3821 praepositiones,
965 3747 1052 3820 quae
1074 3718 1271 3792 accusativo
1293 3745 1348 3791 ca-

319 3840 377 3916 sui
404 3838 591 3930 serviunt,
618 3842 657 3914 in
685 3842 761 3916 aliis
787 3841 970 3916 latinitatis
999 3838 1183 3938 generibus
1207 3865 1271 3937 pro
1292 3838 1347 3911 in·

327 4024 330 4028 ›
380 3991 417 4058 (a)
436 3992 490 4039 cod·
509 3995 668 4040 substantive·
