3382 5206
357 589 425 679 224

329 719 361 770 ri.
386 719 425 771 De
444 717 526 771 imma
546 717 647 785 generis
666 717 818 774 masculini,

328 825 382 877 qua
401 806 518 859 ablativo
537 825 598 858 casu
619 811 719 859 numerl
732 808 821 875 singu-

328 895 392 948 laris
418 895 524 949 nomina
557 914 591 949 ·o·
616 896 706 948 littura
730 900 822 949 termi-

329 995 442 1040 nantur,
461 995 488 1037 et
507 983 670 1036 nominativo
689 1001 750 1035 casu
769 1003 821 1035 nu-

328 1072 391 1124 meri
410 1071 553 1139 singularis
572 1088 642 1121 mus·
661 1071 762 1139 syllaba
781 1073 822 1123 de·

327 1160 472 1216 liniantur,
491 1170 621 1228 quantum
641 1159 709 1211 ratio
730 1176 822 1228 posce·

328 1247 389 1303 brt.
409 1248 588 1299 tractavimus.

478 1338 521 1407 47·
542 1353 575 1387 ne
598 1352 670 1387 mus·

361 1424 548 1492 Quaecumque
580 1422 685 1473 nomina
719 1419 820 1487 generis

326 1511 465 1564 masculini
491 1511 608 1562 ablativo
627 1528 689 1561 casu
718 1509 819 1560 numeri

324 1599 463 1666 singularis
476 1620 510 1653 ·0·
523 1600 611 1652 littera
627 1600 801 1650 terminantur
812 1633 819 1652 .

325 1706 353 1749 et
376 1689 538 1746 nominativo
557 1707 617 1740 casn
638 1687 739 1739 numeri
759 1686 818 1737 siu·

326 1780 424 1847 gularis
446 1796 495 1828 ·us·
507 1776 610 1844 syllaba
629 1786 690 1826 ante
712 1791 749 1822 .u·
770 1771 817 1824 lit-

327 1879 408 1920 tcram
436 1865 620 1920 deliniuntur.
645 1874 675 1914 nt
694 1872 759 1932 pute
783 1857 817 1909 ab

325 1956 375 2008 hoc
384 1965 525 2026 perpetuo.
537 1953 580 2003 bie
589 1961 728 2022 perpetuus
736 1984 743 2004 .
751 1947 816 1998 hacc

325 2043 359 2095 ad
392 2043 441 2095 lroc
467 2041 614 2110 exemplum
639 2036 814 2089 declinantur.

325 2132 431 2187 Numeri
460 2130 626 2198 singularis,
657 2127 701 2176 hic
723 2140 816 2194 perpe-

323 2233 405 2277 tuus.
423 2221 503 2273 huius
522 2215 660 2290 perpetui,
680 2213 741 2265 luric
760 2229 816 2281 per·

323 2323 418 2383 petuo.
432 2310 503 2362 lmnc
517 2319 670 2379 perpetuum
680 2324 710 2359 ,ο
721 2320 814 2372 perpr-

322 2412 386 2459 tuc.
409 2398 444 2450 ab
467 2399 516 2451 hoc
544 2405 677 2466 perpetuo.
706 2390 815 2442 Nummi

323 2496 447 2570 pluralis,
461 2493 490 2544 hi
501 2488 620 2562 perpetui
631 2521 638 2540 .
648 2485 740 2536 horum
756 2501 817 2552 pcr-

241 2576 245 2583 ’
321 2600 459 2660 petuorunr
470 2620 476 2639 ,
488 2581 531 2632 bis
543 2575 688 2650 perpetuis,
699 2574 746 2624 hos
760 2590 816 2642 per·-

323 2688 434 2748 petuas,
452 2693 467 2725 o
489 2668 626 2741 perpetui.
647 2663 680 2716 al)
700 2662 741 2714 his
759 2679 816 2731 per·

322 2765 421 2838 petuis.
441 2762 484 2814 Sic
509 2770 535 2811 et
555 2758 606 2807 alia
632 2751 733 2820 generis
759 2769 815 2802 mu-

322 2850 417 2905 sculiui
429 2848 534 2902 uomina
547 2882 553 2901 .
564 2861 633 2914 quae
646 2838 762 2891 ablativo
775 2855 816 2888 ca-

322 2959 353 2992 su
374 2936 474 2992 numeri
493 2933 635 2999 singularis
666 2948 701 2980 ·0·
727 2927 817 2979 littera

323 3025 514 3080 terminantur,
534 3030 561 3071 et
575 3015 736 3070 nominativo
756 3030 816 3063 casu

321 3111 423 3165 numeri
453 3106 594 3174 singularis
630 3122 681 3155 ·us·
714 3097 816 3168 syllaba

323 3212 383 3273 post
402 3218 440 3251 0u·
461 3198 576 3250 litteram
596 3193 760 3245 deliniuntur
781 3188 815 3239 ad

321 3288 467 3360 exemplum
480 3285 600 3357 perpetui
613 3301 657 3354 per
670 3297 759 3333 omnes
773 3296 815 3329 ca·

321 3392 384 3428 saus
394 3373 571 3426 declinantur·
580 3369 657 3419 Nunc
668 3367 695 3418 in
706 3367 755 3417 hac
770 3381 814 3415 su·

321 3464 469 3535 prascripta
487 3459 569 3513 forma
586 3458 744 3527 quaeritur,
759 3472 812 3522 qua

321 3554 355 3606 de
363 3570 441 3605 causa
451 3562 591 3622 perpetuus
602 3559 629 3600 et
648 3545 813 3599 nominativo

319 3650 346 3693 ct
365 3649 516 3690 accusativo
544 3654 608 3687 casu
631 3651 733 3687 numen
756 3649 813 3684 sm-

320 3727 418 3794 gularis
441 3737 501 3797 post
520 3725 639 3776 ultimam
666 3738 814 3775 consonan-

322 3826 375 3867 tem
397 3832 444 3884 per
462 3813 529 3865 duas
549 3833 587 3865 ·u·
618 3811 719 3862 litteras
746 3808 813 3860 scri-

320 3902 400 3956 batur
420 3897 431 3951 l
449 3900 499 3954 hac
517 3899 550 3951 de
568 3916 662 3955 causa.
687 3897 814 3966 quonium

321 4006 504 4059 quaecumque
520 3987 625 4040 nomina
640 3987 760 4053 genetivo
774 4002 813 4035 ca·

321 4094 352 4130 su
373 4076 473 4130 numeri
491 4074 632 4144 singularis
653 4074 701 4126 ·ui·
716 4075 812 4127 littaris

596 612 854 661 GRAMMATICUS
880 613 1082 663 vulcanus

876 719 999 775 discretis
1018 723 1207 782 definiuntur.
1231 727 1296 780 haec
1316 747 1368 781 uo·

874 807 1003 864 minativo
1021 823 1048 863 et
1067 813 1220 866 accusativo
1238 831 1300 866 casu
1320 835 1367 867 nu·

874 898 939 948 meri
969 898 1110 966 singularis
1146 911 1209 970 port
1245 902 1366 954 ultimam

873 1000 1058 1041 consonantem
1078 1009 1124 1059 per
1146 991 1212 1044 (luas
1232 1011 1270 1044 ·u·
1289 993 1365 1046 liue-

874 1093 914 1130 ras
942 1075 1109 1130 scribuntur.

911 1163 975 1214 ltem
1001 1173 1028 1215 ct
1069 1164 1121 1214 alia
1150 1164 1290 1234 probatio.
1310 1184 1363 1234 qun

873 1249 1001 1303 docentur
1032 1251 1096 1304 baec
1123 1253 1229 1305 nauriua
1261 1255 1365 1321 generis

872 1340 1010 1390 masculini
1029 1377 1035 1394 .
1059 1358 1128 1408 quac
1156 1339 1272 1393 «linimus
1292 1341 1360 1392 abia·

873 1426 928 1478 tirn
957 1443 1018 1479 casu
1042 1430 1141 1479 numeri
1167 1428 1306 1495 singularis
1325 1449 1362 1480 ου·

872 1511 961 1566 littera
990 1518 1141 1573 terminari.
1164 1529 1191 1570 et
1217 1518 1362 1570 namiuati·

870 1620 903 1654 vo
934 1619 995 1655 casu
1021 1608 1121 1655 numeri
1142 1604 1283 1670 singularis
1310 1621 1362 1654 ms·

869 1689 970 1757 syllaba
985 1702 1044 1760 post
1066 1711 1105 1742 ·u·
1132 1692 1248 1744 litteram
1265 1692 1362 1743 ‹letini-

869 1777 911 1833 ri‚
929 1779 1001 1847 qnod
1020 1779 1182 1832 nominativo
1200 1796 1362 1830 casunumu·

869 1867 891 1916 ri
910 1867 1051 1934 singularis
1071 1878 1129 1937 post
1149 1869 1268 1920 ultimam
1297 1886 1360 1920 con-

870 1965 1005 2005 sonantem
1032 1973 1077 2024 per
1096 1954 1161 2006 duas
1190 1973 1229 2005 ιιι·
1260 1955 1362 2017 litteras

869 2042 985 2094 debcant
1009 2042 1110 2095 scribr:
1128 2043 1178 2094 hac
1206 2044 1240 2095 ‹le
1265 2061 1360 2099 causa.

867 2132 994 2200 quoniam
1011 2150 1193 2201 quaecumque
1205 2132 1308 2184 nomina
1319 2149 1360 2198 gc·

866 2219 936 2270 neris
950 2218 1087 2270 masculini
1103 2217 1220 2272 ablativo
1238 2237 1301 2272 casu
1316 2239 1360 2270 nu-

867 2306 929 2357 meri
949 2305 1089 2371 singularis
1109 2325 1144 2359 ·o·
1165 2306 1257 2360 littera
1274 2317 1361 2359 termi-

867 2405 974 2450 nantur.
983 2405 1010 2446 et
1020 2395 1248 2448 nominativocasu
1260 2394 1361 2448 numeri

865 2484 1005 2550 singularis
1026 2503 1076 2538 ·us·
1105 2485 1206 2555 syllaba
1227 2485 1358 2538 deliniun-

869 2586 936 2632 tur,
963 2575 987 2628 si
1006 2576 1071 2628 hacc
1090 2576 1208 2627 anomala
1226 2593 1283 2626 esse
1308 2593 1358 2625 uon

868 2666 1061 2736 repperiuntur.
1068 2677 1178 2734 excepto
1188 2665 1308 2730 gurctivo
1318 2681 1359 2713 ra-

868 2774 899 2807 su
923 2755 1024 2806 numeri
1044 2753 1172 2825 pluralis,
1192 2771 1238 2823 pcr
1262 2763 1360 2804 ceteras

869 2861 966 2894 casuus
984 2843 1042 2912 pari
1063 2859 1170 2894 numero
1198 2837 1357 2908 syllabarum

868 2919 972 3001 orror'tet
988 2930 1078 2982 scribi.
1098 2929 1173 2980 Nunc
1192 2927 1219 2978 in
1237 2927 1287 2979 hac
1306 2929 1360 2979 inr-

868 3037 908 3068 ma
920 3018 1020 3085 generis
1040 3014 1193 3069 masculini.
1213 3032 1267 3083 qua
1286 3015 1360 3067 ‹lixi-

868 3107 953 3158 ximus
973 3104 1089 3157 ablativo
1108 3121 1169 3155 casu
1188 3103 1289 3154 numeri
1302 3103 1360 3155 sin-

866 3194 962 3260 gularis
982 3193 1086 3245 nomina
1106 3211 1141 3243 ·o·
1161 3190 1250 3242 littcra
1271 3191 1358 3242 termi-

867 3282 938 3338 nari,
959 3292 986 3334 et
1005 3279 1239 3332 nominativocasu
1259 3279 1359 3332 numeri

865 3368 1007 3433 singularis
1026 3385 1076 3418 ·us·
1105 3365 1206 3435 syllaba
1234 3378 1294 3436 post
1319 3387 1356 3418 ·u·

865 3456 980 3509 litteram
1000 3453 1121 3509 deliniri,
1141 3453 1190 3507 bac
1211 3474 1358 3511 monemur,

865 3547 937 3616 quod
945 3565 1012 3598 exea
1021 3564 1071 3598 uon
1081 3563 1111 3597 en
1119 3545 1224 3614 plurimi
1234 3548 1301 3604 soni.
1310 3547 1359 3598 hoc

865 3644 905 3685 cst
915 3652 965 3685 non
975 3652 1006 3685 en
1014 3632 1247 3703 plurimanomina,
1259 3632 1359 3700 possint

867 3722 1000 3776 exhiberi.
1020 3723 1057 3774 Dc
1083 3719 1166 3773 lorma
1184 3721 1286 3786 generis
1304 3738 1360 3769 ma·

867 3810 986 3866 sculini.
1003 3827 1056 3879 qna
1071 3807 1188 3860 ablativo
1198 3824 1260 3858 casu
1274 3825 1360 3859 numen

867 3901 889 3952 ri
908 3899 1050 3966 singularis
1075 3898 1180 3950 nomina
1200 3916 1235 3948 ·0·
1266 3896 1355 3949 littera

866 3987 1058 4043 terminantur,
1077 3997 1104 4038 et
1121 3984 1357 4039 nominativocasu

865 4076 966 4130 numeri
997 4072 1139 4141 singularis
1169 4091 1220 4126 ms·
1253 4071 1356 4140 syllaba
