3382 5206
532 597 775 660 Querar-roura
796 596 1111 647 ouauusrtcsnrs.
1234 573 1302 664 345

303 709 393 801 quod
414 712 548 778 nomina
568 711 750 803 trissyllaba
765 726 796 776 et
813 708 989 799 deinceps,
1007 734 1148 803 quorum
1163 727 1327 777 extremae

303 818 446 910 syllabae
468 821 630 910 incipiunt
645 821 688 884 ab
706 820 786 903 ·N·,
807 817 1019 908 penultimam
1038 821 1182 886 habeant
1194 817 1330 910 longum

304 925 356 995 ·A·
377 927 429 994 vel
450 930 499 996 ·E·
518 930 570 997 vel
583 933 635 1000 ·U·
651 933 858 1000 terminatam
869 980 879 1017 ,
892 948 928 996 ut
940 935 1131 1023 Garganus,
1153 932 1330 1014 tribunus,

305 1055 462 1108 terrenus.
489 1043 704 1134 [incipiuntur
724 1058 852 1108 tautum
877 1066 1021 1134 sagana,
1043 1044 1182 1134 lagana,
1204 1041 1329 1133 orpha·
1383 1116 1397 1126 ἱ

304 1169 391 1230 nus,
414 1149 579 1220 Salamon.

375 1262 424 1328 18.
444 1261 534 1333 Solet
548 1265 694 1354 quaestio
707 1262 779 1328 fieri
794 1263 828 1328 iu
845 1260 930 1330 libro
945 1264 1224 1334 Machabaeorum
1242 1287 1327 1354 quae

304 1372 504 1437 constructio
527 1375 569 1437 sit
584 1388 643 1437 -et
664 1372 851 1439 meminerit
876 1376 1061 1440 testamenti
1084 1374 1134 1441 sui
1160 1371 1250 1465 quod
1273 1369 1328 1439 lo-

304 1491 396 1542 cutus
417 1495 465 1544 est
486 1478 528 1543 ad
547 1478 744 1546 Abraham,
764 1479 879 1564 Isaac,
898 1496 930 1546 et
952 1481 1050 1547 Iacob
1070 1503 1237 1549 servorum
1258 1507 1329 1551 auo-

305 1607 378 1650 rum
405 1585 554 1653 fidelium
570 1590 697 1680 -quasi
723 1588 833 1655 dicere
861 1587 1049 1675 debuisset,
1076 1590 1118 1655 ad
1136 1590 1328 1676 Abraham,

301 1721 334 1762 e,
355 1714 480 1766 ceteros
500 1723 574 1767 suos
593 1700 706 1771 fideles
726 1706 847 1770 'servos
861 1699 927 1770 Sed
950 1701 1087 1768 dicimus
1110 1701 1201 1794 quod
1227 1725 1326 1796 neug-

304 1827 357 1871 ma
386 1826 458 1893 est,
484 1826 520 1875 ut
544 1811 814 1878 sit-meminerit
842 1814 1027 1880 testamenti
1045 1813 1095 1879 sui
1119 1811 1209 1903 quod
1234 1811 1326 1879 locu-

305 1934 354 1984 tus
376 1936 421 1986 est
433 1955 454 1970 -
467 1937 499 1987 et
522 1940 628 1990 cetera
644 1945 655 2000 ς
676 1940 710 1990 et
722 1959 740 1973 -
753 1903 939 1989 meminerit
963 1907 1132 1989 servotum
1144 1944 1277 1989 suorum
1290 1921 1325 1986 fi-

305 2029 438 2099 delium.
454 2069 471 2082 ·
484 2030 547 2098 llla
564 2034 661 2102 ctiam
676 2033 870 2101 constructio
882 2036 906 2072 ‘²
922 2049 952 2099 et
964 2054 1148 2100 sermonem
1161 2056 1260 2123 quem
1274 2059 1329 2098 ao·

303 2140 377 2207 ditis
406 2167 471 2211 non
496 2160 541 2211 est
570 2168 658 2211 meus
678 2192 700 2226 „
718 2141 831 2209 similis
854 2161 899 2210 cst
917 2147 940 2183 ‘⁶
963 2144 1079 2212 urbem
1103 2167 1204 2234 quam
1223 2160 1326 2212 statuo

304 2271 408 2320 vestra
425 2272 473 2320 est
484 2303 505 2340 „
514 2257 564 2304 -“
574 2253 815 2345 lectionemque
826 2279 921 2345 quam
934 2254 1066 2323 audistis
1076 2253 1170 2320 vobis
1183 2252 1325 2342 prodest.

304 2363 394 2447 Quae
410 2364 486 2430 licet
510 2362 700 2432 soloecismo
717 2365 757 2430 sit
779 2363 959 2447 notabilis,
988 2360 1195 2455 hypallagem
1220 2379 1326 2428 tamen

304 2471 441 2562 liguram
455 2474 549 2564 exigit
564 2497 575 2552 ;
590 2471 722 2538 utillud
738 2477 760 2511 “
776 2475 914 2541 caesarie
934 2488 1030 2562 caput
1043 2471 1101 2537 ille
1115 2473 1230 2561 niger,
1251 2473 1324 2550 Pte,

305 2580 380 2646 talia
400 2581 511 2666 dicta,
530 2619 546 2630 -
566 2583 617 2649 cui
637 2580 811 2672 relegendo
837 2579 965 2669 placent
982 2604 1064 2671 quos
1084 2579 1157 2645 facit
1181 2581 1238 2646 ille
1250 2603 1324 2646 mo-

305 2690 398 2777 dos„
417 2743 424 2758 .

393 2829 441 2895 19.
462 2804 750 2894 Comparationum
765 2803 902 2895 gradum
916 2804 1028 2869 dicunt
1041 2803 1245 2895 grammatici
1259 2825 1324 2867 ser·

304 2915 373 2981 vire
399 2937 527 3003 semper
550 2914 692 2980 ablativo
715 2916 826 2978 casui:
850 2912 958 2981 sedin
981 2911 1146 3000 opusculis
1166 2912 1322 3000 Augusti-

303 3024 337 3088 ni
361 3020 451 3112 legi,
473 3023 561 3114 quod
583 3026 609 3092 si
633 3025 731 3090 rebus
751 3023 921 3112 propositis
940 3019 1079 3088 cundem
1100 3044 1208 3084 casum
1239 3043 1324 3084 com·

303 3134 466 3221 parativus
480 3135 641 3219 iunxerit,
657 3152 745 3201 extra
766 3135 848 3222 ipsas
870 3157 922 3198 res
945 3133 1007 3198 crit
1027 3129 1115 3223 quod
1138 3129 1226 3196 idem
1245 3153 1323 3220 gra·

304 3241 363 3307 dus
382 3243 552 3325 intulerit,
570 3260 605 3308 ut
628 3261 704 3331 puta
731 3245 794 3309 sint
821 3260 884 3309 tres
910 3240 997 3307 docti
1013 3257 1023 3299 t
1050 3241 1076 3306 si
1095 3242 1235 3331 requiris
1251 3240 1322 3329 quis

215 3334 221 3339 ⁸
303 3353 347 3417 eis
370 3349 498 3418 doctior
524 3351 592 3434 sit,
621 3369 773 3441 quartum
789 3347 904 3440 procul
930 3350 1030 3416 dubio
1046 3345 1108 3415 tibi
1136 3348 1232 3415 reddi
1261 3374 1322 3415 cu·

302 3462 373 3549 piat
396 3462 446 3524 sin
465 3483 526 3547 per
549 3460 728 3548 genitivum
755 3461 827 3550 quis
852 3482 965 3524 eorum
991 3460 1031 3523 sit
1054 3457 1178 3525 doctior
1194 3457 1322 3525 iuvesti-

302 3593 358 3660 gas
381 3607 391 3636 s
420 3594 520 3636 unum
543 3593 581 3633 ex
609 3568 658 3632 his
686 3568 791 3633 tribus
820 3566 998 3635 doctiorem
1025 3568 1109 3633 scire
1134 3564 1320 3634 desideras.

300 3679 478 3764 Quocirca,
493 3696 529 3745 ιιι
544 3678 631 3744 idem
648 3679 762 3744 doctor
783 3679 827 3743 ait
842 3703 936 3763 ,cum
957 3680 1166 3746 nominentur
1181 3693 1243 3743 tres
1257 3677 1321 3741 vir-

302 3808 407 3858 tutes,
424 3790 525 3872 fides,
544 3815 640 3878 spes,
663 3789 823 3872 charitas,
842 3786 957 3855 melius
976 3804 1022 3855 est
1040 3787 1148 3852 dicere
1162 3785 1321 3852 neutrali-

302 3920 376 3982 ter,
394 3902 497 3965 maior
510 3899 628 3965 horum
645 3924 744 3990 quam
761 3900 863 3963 maior
879 3896 930 3965 his
948 3915 998 3964 est
1013 3897 1153 3965 charitas
1168 3947 1179 3982 ,
1197 3914 1233 3962 ut
1253 3919 1319 3963 nou

300 4028 451 4098 quartum
467 4007 591 4098 aliquid
607 4009 807 4093 introducas,
820 4006 876 4074 sed
893 4008 926 4072 in
942 4009 1038 4074 rebus
1052 4007 1222 4096 propositis
1239 4003 1320 4096 quid
