<?xml version="1.0" encoding="UTF-8"?>
<!DOCTYPE html PUBLIC "-//W3C//DTD XHTML 1.0 Transitional//EN"
    "http://www.w3.org/TR/xhtml1/DTD/xhtml1-transitional.dtd">
<html xmlns="http://www.w3.org/1999/xhtml" xml:lang="en" lang="en">
 <head>
  <title>
</title>
<meta http-equiv="Content-Type" content="text/html;charset=utf-8" />
  <meta name='ocr-system' content='tesseract 3.04.00' />
  <meta name='ocr-capabilities' content='ocr_page ocr_carea ocr_par ocr_line ocrx_word'/>
</head>
<body>
  <div class='ocr_page' id='page_1' title='image "./classicorumauct00vatigoog_0550.png"; bbox 0 0 3382 5206; ppageno 0'>
   <div class='ocr_carea' id='block_1_1' title="bbox 597 588 1244 703">
    <p class='ocr_par' dir='ltr' id='par_1_1' title="bbox 597 588 1244 703">
     <span class='ocr_line' id='line_1_1' title="bbox 597 588 1244 703; baseline 0.006 -31"><span class='ocrx_word' id='word_1_1' title='bbox 597 622 762 674; x_wconf 78' lang='lat' dir='ltr'><strong>msraasm</strong></span> <span class='ocrx_word' id='word_1_2' title='bbox 787 622 915 675; x_wconf 73' lang='lat' dir='ltr'><strong>rantra.</strong></span> <span class='ocrx_word' id='word_1_3' title='bbox 1000 588 1004 599; x_wconf 50' lang='lat'>¹</span> <span class='ocrx_word' id='word_1_4' title='bbox 1166 594 1244 703; x_wconf 75' lang='grc'><strong>487</strong></span> 
     </span>
    </p>
   </div>
   <div class='ocr_carea' id='block_1_2' title="bbox 195 730 1318 3935">
    <p class='ocr_par' dir='ltr' id='par_1_2' title="bbox 216 730 1318 1075">
     <span class='ocr_line' id='line_1_2' title="bbox 242 730 1318 834; baseline -0.003 -26"><span class='ocrx_word' id='word_1_5' title='bbox 242 730 323 808; x_wconf 83' lang='lat' dir='ltr'><strong>‚thra</strong></span> <span class='ocrx_word' id='word_1_6' title='bbox 343 731 510 830; x_wconf 83' lang='lat' dir='ltr'><strong>plausus,</strong></span> <span class='ocrx_word' id='word_1_7' title='bbox 536 731 757 834; x_wconf 82' lang='lat' dir='ltr'><strong>verbalisque</strong></span> <span class='ocrx_word' id='word_1_8' title='bbox 776 730 896 807; x_wconf 89' lang='lat' dir='ltr'><strong>robeat</strong></span> <span class='ocrx_word' id='word_1_9' title='bbox 916 730 1091 831; x_wconf 83' lang='lat' dir='ltr'><strong>clangor,</strong></span> <span class='ocrx_word' id='word_1_10' title='bbox 1117 731 1150 807; x_wconf 84' lang='lat' dir='ltr'><strong>si</strong></span> <span class='ocrx_word' id='word_1_11' title='bbox 1167 731 1270 818; x_wconf 77' lang='lat' dir='ltr'><strong>uultu</strong></span> <span class='ocrx_word' id='word_1_12' title='bbox 1314 746 1318 757; x_wconf 90' lang='grc'><strong>“</strong></span> 
     </span>
     <span class='ocr_line' id='line_1_3' title="bbox 224 838 1272 955; baseline 0.001 -32"><span class='ocrx_word' id='word_1_13' title='bbox 224 865 403 945; x_wconf 78' lang='lat' dir='ltr'><strong>cunctus</strong></span> <span class='ocrx_word' id='word_1_14' title='bbox 427 851 563 925; x_wconf 87' lang='lat' dir='ltr'><strong>steterit</strong></span> <span class='ocrx_word' id='word_1_15' title='bbox 590 852 626 924; x_wconf 90' lang='lat' dir='ltr'><strong>in</strong></span> <span class='ocrx_word' id='word_1_16' title='bbox 652 851 731 926; x_wconf 89' lang='lat' dir='ltr'><strong>aula</strong></span> <span class='ocrx_word' id='word_1_17' title='bbox 759 838 893 924; x_wconf 83' lang='lat' dir='ltr'><strong>coetus.</strong></span> <span class='ocrx_word' id='word_1_18' title='bbox 923 846 981 923; x_wconf 89' lang='lat' dir='ltr'><strong>Ob</strong></span> <span class='ocrx_word' id='word_1_19' title='bbox 1000 850 1068 941; x_wconf 68' lang='lat' dir='ltr'><strong>lroc</strong></span> <span class='ocrx_word' id='word_1_20' title='bbox 1090 849 1197 924; x_wconf 87' lang='lat' dir='ltr'><strong>talem</strong></span> <span class='ocrx_word' id='word_1_21' title='bbox 1219 877 1272 955; x_wconf 69' lang='lat' dir='ltr'><strong>se·</strong></span> 
     </span>
     <span class='ocr_line' id='line_1_4' title="bbox 216 950 1271 1075; baseline 0.001 -29"><span class='ocrx_word' id='word_1_22' title='bbox 216 982 219 989; x_wconf 89' lang='lat'>&#39;</span> <span class='ocrx_word' id='word_1_23' title='bbox 247 988 385 1070; x_wconf 76' lang='lat' dir='ltr'><strong>gregata</strong></span> <span class='ocrx_word' id='word_1_24' title='bbox 411 958 600 1050; x_wconf 82' lang='lat' dir='ltr'><strong>cohcrtem</strong></span> <span class='ocrx_word' id='word_1_25' title='bbox 628 972 723 1047; x_wconf 90' lang='lat' dir='ltr'><strong>Hinc</strong></span> <span class='ocrx_word' id='word_1_26' title='bbox 751 973 884 1050; x_wconf 87' lang='lat' dir='ltr'><strong>caeteri</strong></span> <span class='ocrx_word' id='word_1_27' title='bbox 911 973 1048 1075; x_wconf 88' lang='lat' dir='ltr'><strong>apricas</strong></span> <span class='ocrx_word' id='word_1_28' title='bbox 1069 950 1196 1059; x_wconf 86' lang='lat' dir='ltr'><strong>adearit</strong></span> <span class='ocrx_word' id='word_1_29' title='bbox 1215 999 1271 1063; x_wconf 85' lang='lat' dir='ltr'><strong>ca·</strong></span> 
     </span>
    </p>

    <p class='ocr_par' dir='ltr' id='par_1_3' title="bbox 247 1092 1269 1183">
     <span class='ocr_line' id='line_1_5' title="bbox 247 1092 1269 1183; baseline -0.002 -14"><span class='ocrx_word' id='word_1_30' title='bbox 247 1120 316 1177; x_wconf 74' lang='lat' dir='ltr'><strong>aasz</strong></span> <span class='ocrx_word' id='word_1_31' title='bbox 334 1092 434 1168; x_wconf 84' lang='lat' dir='ltr'><strong>alteri</strong></span> <span class='ocrx_word' id='word_1_32' title='bbox 449 1093 613 1169; x_wconf 84' lang='lat' dir='ltr'><strong>frondosa</strong></span> <span class='ocrx_word' id='word_1_33' title='bbox 629 1094 779 1171; x_wconf 74' lang='lat' dir='ltr'>lustrent</span> <span class='ocrx_word' id='word_1_34' title='bbox 798 1094 864 1169; x_wconf 85' lang='lat' dir='ltr'><strong>sub</strong></span> <span class='ocrx_word' id='word_1_35' title='bbox 884 1120 1049 1183; x_wconf 88' lang='lat' dir='ltr'><strong>nemora,</strong></span> <span class='ocrx_word' id='word_1_36' title='bbox 1070 1093 1129 1166; x_wconf 87' lang='lat' dir='ltr'><strong>alii</strong></span> <span class='ocrx_word' id='word_1_37' title='bbox 1146 1095 1182 1167; x_wconf 90' lang='lat' dir='ltr'><strong>in</strong></span> <span class='ocrx_word' id='word_1_38' title='bbox 1200 1093 1269 1167; x_wconf 89' lang='lat' dir='ltr'><strong>hoc</strong></span> 
     </span>
    </p>

    <p class='ocr_par' dir='ltr' id='par_1_4' title="bbox 247 1211 760 1312">
     <span class='ocr_line' id='line_1_6' title="bbox 247 1211 760 1312; baseline 0.01 -29"><span class='ocrx_word' id='word_1_39' title='bbox 247 1212 362 1312; x_wconf 83' lang='lat' dir='ltr'><strong>amplo</strong></span> <span class='ocrx_word' id='word_1_40' title='bbox 389 1211 583 1287; x_wconf 77' lang='lat' dir='ltr'><strong>stabilitant</strong></span> <span class='ocrx_word' id='word_1_41' title='bbox 608 1213 760 1312; x_wconf 81' lang='lat' dir='ltr'><strong>tugurio.</strong></span> 
     </span>
    </p>

    <p class='ocr_par' dir='ltr' id='par_1_5' title="bbox 195 1330 1277 3828">
     <span class='ocr_line' id='line_1_7' title="bbox 195 1330 1264 1433; baseline -0.004 -24"><span class='ocrx_word' id='word_1_42' title='bbox 195 1405 198 1409; x_wconf 79' lang='lat'><strong>.</strong></span> <span class='ocrx_word' id='word_1_43' title='bbox 309 1357 343 1430; x_wconf 84' lang='lat'><strong>9.</strong></span> <span class='ocrx_word' id='word_1_44' title='bbox 355 1330 539 1407; x_wconf 88' lang='lat' dir='ltr'><strong>Phoebeos</strong></span> <span class='ocrx_word' id='word_1_45' title='bbox 551 1358 748 1433; x_wconf 87' lang='lat' dir='ltr'><strong>aupemum</strong></span> <span class='ocrx_word' id='word_1_46' title='bbox 758 1351 852 1408; x_wconf 87' lang='lat' dir='ltr'><strong>secat</strong></span> <span class='ocrx_word' id='word_1_47' title='bbox 865 1350 980 1407; x_wconf 89' lang='lat' dir='ltr'><strong>arotus</strong></span> <span class='ocrx_word' id='word_1_48' title='bbox 994 1330 1064 1433; x_wconf 90' lang='lat' dir='ltr'><strong>poli</strong></span> <span class='ocrx_word' id='word_1_49' title='bbox 1077 1346 1264 1422; x_wconf 84' lang='lat' dir='ltr'><strong>centrum,</strong></span> 
     </span>
     <span class='ocr_line' id='line_1_8' title="bbox 243 1448 1266 1554; baseline -0.002 -27"><span class='ocrx_word' id='word_1_50' title='bbox 243 1448 472 1552; x_wconf 84' lang='lat' dir='ltr'><strong>mediumque</strong></span> <span class='ocrx_word' id='word_1_51' title='bbox 498 1448 572 1525; x_wconf 84' lang='lat' dir='ltr'><strong>diei</strong></span> <span class='ocrx_word' id='word_1_52' title='bbox 591 1451 848 1554; x_wconf 90' lang='lat' dir='ltr'><strong>appropinquat</strong></span> <span class='ocrx_word' id='word_1_53' title='bbox 867 1452 1029 1552; x_wconf 82' lang='lat' dir='ltr'><strong>spatium</strong></span> <span class='ocrx_word' id='word_1_54' title='bbox 1058 1448 1154 1524; x_wconf 89' lang='lat' dir='ltr'><strong>Hinc</strong></span> <span class='ocrx_word' id='word_1_55' title='bbox 1174 1450 1266 1553; x_wconf 76' lang='lat' dir='ltr'><strong>same</strong></span> 
     </span>
     <span class='ocr_line' id='line_1_9' title="bbox 246 1566 1269 1668; baseline 0.005 -29"><span class='ocrx_word' id='word_1_56' title='bbox 246 1566 410 1667; x_wconf 82' lang='lat' dir='ltr'><strong>flagranti</strong></span> <span class='ocrx_word' id='word_1_57' title='bbox 428 1584 564 1643; x_wconf 80' lang='lat' dir='ltr'><strong>aestuat</strong></span> <span class='ocrx_word' id='word_1_58' title='bbox 582 1585 714 1668; x_wconf 88' lang='lat' dir='ltr'><strong>pectus.</strong></span> <span class='ocrx_word' id='word_1_59' title='bbox 728 1567 787 1643; x_wconf 89' lang='lat' dir='ltr'><strong>Ob</strong></span> <span class='ocrx_word' id='word_1_60' title='bbox 806 1570 873 1643; x_wconf 91' lang='lat' dir='ltr'><strong>hoc</strong></span> <span class='ocrx_word' id='word_1_61' title='bbox 896 1569 1070 1645; x_wconf 85' lang='lat' dir='ltr'><strong>continua</strong></span> <span class='ocrx_word' id='word_1_62' title='bbox 1082 1568 1269 1644; x_wconf 78' lang='lat' dir='ltr'>visitemus</span> 
     </span>
     <span class='ocr_line' id='line_1_10' title="bbox 244 1689 1269 1797; baseline -0.001 -33"><span class='ocrx_word' id='word_1_63' title='bbox 244 1689 441 1785; x_wconf 76' lang='lat' dir='ltr'><strong>territoria,</strong></span> <span class='ocrx_word' id='word_1_64' title='bbox 467 1707 509 1764; x_wconf 92' lang='lat' dir='ltr'><strong>ut</strong></span> <span class='ocrx_word' id='word_1_65' title='bbox 534 1690 705 1764; x_wconf 90' lang='lat' dir='ltr'><strong>mellitum</strong></span> <span class='ocrx_word' id='word_1_66' title='bbox 733 1691 1066 1769; x_wconf 87' lang='lat' dir='ltr'><strong>cerimonicaverint</strong></span> <span class='ocrx_word' id='word_1_67' title='bbox 1094 1690 1269 1797; x_wconf 81' lang='lat' dir='ltr'><strong>flagranti·</strong></span> 
     </span>
     <span class='ocr_line' id='line_1_11' title="bbox 242 1790 1269 1913; baseline -0.002 -26"><span class='ocrx_word' id='word_1_68' title='bbox 242 1807 312 1894; x_wconf 85' lang='lat' dir='ltr'><strong>bus</strong></span> <span class='ocrx_word' id='word_1_69' title='bbox 332 1808 510 1908; x_wconf 81' lang='lat' dir='ltr'><strong>pabulum</strong></span> <span class='ocrx_word' id='word_1_70' title='bbox 532 1808 623 1904; x_wconf 88' lang='lat' dir='ltr'><strong>Quis</strong></span> <span class='ocrx_word' id='word_1_71' title='bbox 644 1790 774 1909; x_wconf 49' lang='lat' dir='ltr'><strong>ignarus</strong></span> <span class='ocrx_word' id='word_1_72' title='bbox 793 1810 982 1887; x_wconf 88' lang='lat' dir='ltr'><strong>decoream</strong></span> <span class='ocrx_word' id='word_1_73' title='bbox 1002 1810 1109 1886; x_wconf 87' lang='lat' dir='ltr'><strong>ducet</strong></span> <span class='ocrx_word' id='word_1_74' title='bbox 1128 1838 1189 1913; x_wconf 92' lang='lat' dir='ltr'><strong>per</strong></span> <span class='ocrx_word' id='word_1_75' title='bbox 1209 1811 1269 1885; x_wconf 91' lang='lat' dir='ltr'><strong>tri-</strong></span> 
     </span>
     <span class='ocr_line' id='line_1_12' title="bbox 244 1920 1273 2033; baseline 0.002 -34"><span class='ocrx_word' id='word_1_76' title='bbox 244 1920 298 2009; x_wconf 58' lang='lat' dir='ltr'><strong>&#39;via</strong></span> <span class='ocrx_word' id='word_1_77' title='bbox 324 1929 526 2002; x_wconf 84' lang='lat' dir='ltr'><strong>catervam?</strong></span> <span class='ocrx_word' id='word_1_78' title='bbox 546 1927 617 2003; x_wconf 85' lang='lat' dir='ltr'><strong>Has</strong></span> <span class='ocrx_word' id='word_1_79' title='bbox 639 1929 876 2005; x_wconf 86' lang='lat' dir='ltr'><strong>clandestinas</strong></span> <span class='ocrx_word' id='word_1_80' title='bbox 896 1932 1104 2033; x_wconf 85' lang='lat' dir='ltr'><strong>frequenter</strong></span> <span class='ocrx_word' id='word_1_81' title='bbox 1124 1930 1273 2004; x_wconf 81' lang='lat' dir='ltr'>lustravi</span> 
     </span>
     <span class='ocr_line' id='line_1_13' title="bbox 246 2043 1268 2149; baseline 0.006 -32"><span class='ocrx_word' id='word_1_82' title='bbox 246 2043 498 2144; x_wconf 82' lang='lat' dir='ltr'><strong>thermopylas,</strong></span> <span class='ocrx_word' id='word_1_83' title='bbox 517 2076 558 2139; x_wconf 85' lang='lat' dir='ltr'><strong>ac</strong></span> <span class='ocrx_word' id='word_1_84' title='bbox 579 2066 709 2123; x_wconf 89' lang='lat' dir='ltr'><strong>remota</strong></span> <span class='ocrx_word' id='word_1_85' title='bbox 729 2050 835 2124; x_wconf 88' lang='lat' dir='ltr'><strong>huius</strong></span> <span class='ocrx_word' id='word_1_86' title='bbox 851 2049 953 2124; x_wconf 90' lang='lat' dir='ltr'><strong>artici</strong></span> <span class='ocrx_word' id='word_1_87' title='bbox 970 2050 1152 2149; x_wconf 85' lang='lat' dir='ltr'><strong>penetravi</strong></span> <span class='ocrx_word' id='word_1_88' title='bbox 1171 2075 1268 2149; x_wconf 85' lang='lat' dir='ltr'><strong>prae·</strong></span> 
     </span>
     <span class='ocr_line' id='line_1_14' title="bbox 245 2160 1268 2271; baseline 0.008 -37"><span class='ocrx_word' id='word_1_89' title='bbox 245 2160 328 2243; x_wconf 87' lang='lat' dir='ltr'><strong>dia:</strong></span> <span class='ocrx_word' id='word_1_90' title='bbox 353 2182 593 2268; x_wconf 83' lang='lat' dir='ltr'><strong>venustosque</strong></span> <span class='ocrx_word' id='word_1_91' title='bbox 615 2169 755 2268; x_wconf 86' lang='lat' dir='ltr'><strong>exploro</strong></span> <span class='ocrx_word' id='word_1_92' title='bbox 777 2169 945 2259; x_wconf 80' lang='lat' dir='ltr'><strong>secutas,</strong></span> <span class='ocrx_word' id='word_1_93' title='bbox 969 2171 1032 2271; x_wconf 93' lang='lat' dir='ltr'><strong>qui</strong></span> <span class='ocrx_word' id='word_1_94' title='bbox 1050 2198 1153 2269; x_wconf 86' lang='lat' dir='ltr'><strong>vagos</strong></span> <span class='ocrx_word' id='word_1_95' title='bbox 1173 2197 1268 2243; x_wconf 83' lang='lat' dir='ltr'><strong>arca·</strong></span> 
     </span>
     <span class='ocr_line' id='line_1_15' title="bbox 247 2288 1270 2386; baseline 0.007 -31"><span class='ocrx_word' id='word_1_96' title='bbox 247 2299 364 2359; x_wconf 88' lang='lat' dir='ltr'><strong>torum</strong></span> <span class='ocrx_word' id='word_1_97' title='bbox 374 2305 527 2386; x_wconf 88' lang='lat' dir='ltr'><strong>pascunt</strong></span> <span class='ocrx_word' id='word_1_98' title='bbox 542 2289 676 2365; x_wconf 87' lang='lat' dir='ltr'><strong>choros.</strong></span> <span class='ocrx_word' id='word_1_99' title='bbox 691 2288 823 2362; x_wconf 86' lang='lat' dir='ltr'><strong>Stricto</strong></span> <span class='ocrx_word' id='word_1_100' title='bbox 843 2288 986 2363; x_wconf 81' lang='lat' dir='ltr'><strong>densete</strong></span> <span class='ocrx_word' id='word_1_101' title='bbox 1005 2291 1184 2364; x_wconf 82' lang='lat' dir='ltr'><strong>tramitem</strong></span> <span class='ocrx_word' id='word_1_102' title='bbox 1201 2290 1270 2364; x_wconf 89' lang='lat' dir='ltr'><strong>col·</strong></span> 
     </span>
     <span class='ocr_line' id='line_1_16' title="bbox 243 2400 1277 2511; baseline 0.011 -40"><span class='ocrx_word' id='word_1_103' title='bbox 243 2400 348 2503; x_wconf 82' lang='lat' dir='ltr'><strong>ligio,</strong></span> <span class='ocrx_word' id='word_1_104' title='bbox 368 2432 471 2502; x_wconf 84' lang='lat' dir='ltr'><strong>ageas</strong></span> <span class='ocrx_word' id='word_1_105' title='bbox 482 2407 643 2481; x_wconf 84' lang='lat' dir='ltr'><strong>astrifero</strong></span> <span class='ocrx_word' id='word_1_106' title='bbox 656 2407 800 2481; x_wconf 84' lang='lat' dir='ltr'><strong>statuite</strong></span> <span class='ocrx_word' id='word_1_107' title='bbox 812 2407 936 2481; x_wconf 88' lang='lat' dir='ltr'><strong>inlolas</strong></span> <span class='ocrx_word' id='word_1_108' title='bbox 948 2408 1053 2511; x_wconf 80' lang='lat' dir='ltr'><strong>¹sulco</strong></span> <span class='ocrx_word' id='word_1_109' title='bbox 1066 2466 1076 2499; x_wconf 87' lang='lat'>,</span> <span class='ocrx_word' id='word_1_110' title='bbox 1091 2408 1277 2509; x_wconf 85' lang='lat' dir='ltr'><strong>nepitlreis&#39;</strong></span> 
     </span>
     <span class='ocr_line' id='line_1_17' title="bbox 243 2527 1267 2627; baseline 0.004 -31"><span class='ocrx_word' id='word_1_111' title='bbox 243 2539 363 2597; x_wconf 87' lang='lat' dir='ltr'><strong>truces</strong></span> <span class='ocrx_word' id='word_1_112' title='bbox 384 2528 635 2600; x_wconf 85' lang='lat' dir='ltr'><strong>maceraverint</strong></span> <span class='ocrx_word' id='word_1_113' title='bbox 655 2527 818 2600; x_wconf 84' lang='lat' dir='ltr'><strong>mcdiada</strong></span> <span class='ocrx_word' id='word_1_114' title='bbox 835 2527 982 2627; x_wconf 86' lang='lat' dir='ltr'><strong>spiculis</strong></span> <span class='ocrx_word' id='word_1_115' title='bbox 997 2528 1180 2606; x_wconf 83' lang='lat' dir='ltr'><strong>crudeles:</strong></span> <span class='ocrx_word' id='word_1_116' title='bbox 1192 2556 1267 2601; x_wconf 89' lang='lat' dir='ltr'><strong>non</strong></span> 
     </span>
     <span class='ocr_line' id='line_1_18' title="bbox 241 2641 1267 2747; baseline 0.007 -31"><span class='ocrx_word' id='word_1_117' title='bbox 241 2641 324 2739; x_wconf 31' lang='lat' dir='ltr'><strong>tal-ia</strong></span> <span class='ocrx_word' id='word_1_118' title='bbox 344 2645 477 2745; x_wconf 89' lang='lat' dir='ltr'><strong>viperei</strong></span> <span class='ocrx_word' id='word_1_119' title='bbox 497 2647 670 2721; x_wconf 79' lang='lat' dir='ltr'><strong>obvallant</strong></span> <span class='ocrx_word' id='word_1_120' title='bbox 691 2648 795 2721; x_wconf 87' lang='lat' dir='ltr'><strong>trivia</strong></span> <span class='ocrx_word' id='word_1_121' title='bbox 815 2646 1035 2724; x_wconf 87' lang='lat' dir='ltr'><strong>latrunculi:</strong></span> <span class='ocrx_word' id='word_1_122' title='bbox 1056 2647 1267 2747; x_wconf 84' lang='lat' dir='ltr'><strong>multigenas</strong></span> 
     </span>
     <span class='ocr_line' id='line_1_19' title="bbox 244 2763 1269 2869; baseline 0.007 -34"><span class='ocrx_word' id='word_1_123' title='bbox 244 2763 392 2864; x_wconf 83' lang='lat' dir='ltr'><strong>degestis</strong></span> <span class='ocrx_word' id='word_1_124' title='bbox 418 2767 569 2867; x_wconf 88' lang='lat' dir='ltr'><strong>spoliant</strong></span> <span class='ocrx_word' id='word_1_125' title='bbox 596 2766 772 2869; x_wconf 77' lang='lat' dir='ltr'><strong>viatorum</strong></span> <span class='ocrx_word' id='word_1_126' title='bbox 796 2784 930 2839; x_wconf 86' lang='lat' dir='ltr'><strong>turmas</strong></span> <span class='ocrx_word' id='word_1_127' title='bbox 957 2765 1133 2866; x_wconf 88' lang='lat' dir='ltr'><strong>inspillis‚</strong></span> <span class='ocrx_word' id='word_1_128' title='bbox 1164 2766 1269 2842; x_wconf 90' lang='lat' dir='ltr'><strong>colle·</strong></span> 
     </span>
     <span class='ocr_line' id='line_1_20' title="bbox 242 2886 1267 2988; baseline 0.003 -31"><span class='ocrx_word' id='word_1_129' title='bbox 242 2903 386 2988; x_wconf 85' lang='lat' dir='ltr'><strong>ctasque</strong></span> <span class='ocrx_word' id='word_1_130' title='bbox 413 2889 558 2988; x_wconf 88' lang='lat' dir='ltr'><strong>rapiunt</strong></span> <span class='ocrx_word' id='word_1_131' title='bbox 582 2887 754 2988; x_wconf 87' lang='lat' dir='ltr'><strong>praedas,</strong></span> <span class='ocrx_word' id='word_1_132' title='bbox 780 2889 952 2985; x_wconf 83' lang='lat' dir='ltr'><strong>armigera</strong></span> <span class='ocrx_word' id='word_1_133' title='bbox 974 2886 1156 2961; x_wconf 87' lang='lat' dir='ltr'><strong>trucidant</strong></span> <span class='ocrx_word' id='word_1_134' title='bbox 1176 2887 1267 2963; x_wconf 89' lang='lat' dir='ltr'><strong>ensi·</strong></span> 
     </span>
     <span class='ocr_line' id='line_1_21' title="bbox 243 3005 1267 3105; baseline 0.005 -29"><span class='ocrx_word' id='word_1_135' title='bbox 243 3005 311 3079; x_wconf 84' lang='lat' dir='ltr'><strong>bus</strong></span> <span class='ocrx_word' id='word_1_136' title='bbox 330 3008 479 3105; x_wconf 86' lang='lat' dir='ltr'><strong>agmina.</strong></span> <span class='ocrx_word' id='word_1_137' title='bbox 498 3007 558 3082; x_wconf 93' lang='lat' dir='ltr'><strong>Ob</strong></span> <span class='ocrx_word' id='word_1_138' title='bbox 578 3009 647 3082; x_wconf 88' lang='lat' dir='ltr'><strong>hoc</strong></span> <span class='ocrx_word' id='word_1_139' title='bbox 667 3010 791 3082; x_wconf 87' lang='lat' dir='ltr'><strong>stricto</strong></span> <span class='ocrx_word' id='word_1_140' title='bbox 812 3007 1074 3081; x_wconf 77' lang='lat' dir='ltr'><strong>discrirninosas</strong></span> <span class='ocrx_word' id='word_1_141' title='bbox 1092 3007 1267 3081; x_wconf 85' lang='lat' dir='ltr'><strong>irruamus</strong></span> 
     </span>
     <span class='ocr_line' id='line_1_22' title="bbox 243 3128 1268 3231; baseline 0.002 -32"><span class='ocrx_word' id='word_1_142' title='bbox 243 3153 360 3201; x_wconf 87' lang='lat' dir='ltr'><strong>cuneo</strong></span> <span class='ocrx_word' id='word_1_143' title='bbox 381 3156 442 3228; x_wconf 90' lang='lat' dir='ltr'><strong>per</strong></span> <span class='ocrx_word' id='word_1_144' title='bbox 461 3156 589 3228; x_wconf 84' lang='lat' dir='ltr'><strong>pesas,</strong></span> <span class='ocrx_word' id='word_1_145' title='bbox 615 3157 735 3231; x_wconf 88' lang='lat' dir='ltr'><strong>aspera</strong></span> <span class='ocrx_word' id='word_1_146' title='bbox 762 3129 937 3202; x_wconf 88' lang='lat' dir='ltr'><strong>calcamus</strong></span> <span class='ocrx_word' id='word_1_147' title='bbox 964 3128 1143 3227; x_wconf 81' lang='lat' dir='ltr'><strong>gressibus</strong></span> <span class='ocrx_word' id='word_1_148' title='bbox 1169 3156 1268 3229; x_wconf 83' lang='lat' dir='ltr'><strong>prae·</strong></span> 
     </span>
     <span class='ocr_line' id='line_1_23' title="bbox 244 3247 1265 3349; baseline 0.004 -29"><span class='ocrx_word' id='word_1_149' title='bbox 244 3247 327 3337; x_wconf 87' lang='lat' dir='ltr'><strong>dia,</strong></span> <span class='ocrx_word' id='word_1_150' title='bbox 354 3277 444 3349; x_wconf 91' lang='lat' dir='ltr'><strong>quae</strong></span> <span class='ocrx_word' id='word_1_151' title='bbox 471 3276 593 3323; x_wconf 83' lang='lat' dir='ltr'><strong>saxeas</strong></span> <span class='ocrx_word' id='word_1_152' title='bbox 621 3249 751 3323; x_wconf 84' lang='lat' dir='ltr'><strong>torrida</strong></span> <span class='ocrx_word' id='word_1_153' title='bbox 779 3250 868 3323; x_wconf 89' lang='lat' dir='ltr'><strong>mole</strong></span> <span class='ocrx_word' id='word_1_154' title='bbox 895 3249 1089 3348; x_wconf 85' lang='lat' dir='ltr'><strong>glomerant</strong></span> <span class='ocrx_word' id='word_1_155' title='bbox 1107 3266 1265 3338; x_wconf 84' lang='lat' dir='ltr'><strong>statuas,</strong></span> 
     </span>
     <span class='ocr_line' id='line_1_24' title="bbox 244 3368 1267 3469; baseline 0.003 -28"><span class='ocrx_word' id='word_1_156' title='bbox 244 3370 472 3469; x_wconf 84' lang='lat' dir='ltr'><strong>spinosasque</strong></span> <span class='ocrx_word' id='word_1_157' title='bbox 488 3369 692 3468; x_wconf 84' lang='lat' dir='ltr'><strong>parturiunt</strong></span> <span class='ocrx_word' id='word_1_158' title='bbox 705 3369 873 3446; x_wconf 85' lang='lat' dir='ltr'><strong>rumices.</strong></span> <span class='ocrx_word' id='word_1_159' title='bbox 888 3368 983 3444; x_wconf 87' lang='lat' dir='ltr'><strong>Haec</strong></span> <span class='ocrx_word' id='word_1_160' title='bbox 997 3369 1171 3469; x_wconf 83' lang='lat' dir='ltr'><strong>florigena</strong></span> <span class='ocrx_word' id='word_1_161' title='bbox 1187 3398 1267 3447; x_wconf 65' lang='lat' dir='ltr'><strong>exos</strong></span> 
     </span>
     <span class='ocr_line' id='line_1_25' title="bbox 244 3487 1265 3589; baseline 0.003 -26"><span class='ocrx_word' id='word_1_162' title='bbox 244 3487 373 3563; x_wconf 86' lang='lat' dir='ltr'><strong>micant</strong></span> <span class='ocrx_word' id='word_1_163' title='bbox 386 3517 485 3578; x_wconf 86' lang='lat' dir='ltr'><strong>arva,</strong></span> <span class='ocrx_word' id='word_1_164' title='bbox 500 3517 588 3589; x_wconf 90' lang='lat' dir='ltr'><strong>quae</strong></span> <span class='ocrx_word' id='word_1_165' title='bbox 601 3517 786 3589; x_wconf 87' lang='lat' dir='ltr'><strong>porporcas</strong></span> <span class='ocrx_word' id='word_1_166' title='bbox 800 3488 992 3588; x_wconf 82' lang='lat' dir='ltr'><strong>glomerant</strong></span> <span class='ocrx_word' id='word_1_167' title='bbox 1004 3488 1129 3564; x_wconf 86' lang='lat' dir='ltr'><strong>scaltas</strong></span> <span class='ocrx_word' id='word_1_168' title='bbox 1140 3492 1169 3566; x_wconf 70' lang='lat'><strong>⁸.</strong></span> <span class='ocrx_word' id='word_1_169' title='bbox 1184 3489 1265 3566; x_wconf 86' lang='lat' dir='ltr'><strong>Nec</strong></span> 
     </span>
     <span class='ocr_line' id='line_1_26' title="bbox 242 3606 1264 3707; baseline 0.005 -28"><span class='ocrx_word' id='word_1_170' title='bbox 242 3606 374 3707; x_wconf 83' lang='lat' dir='ltr'><strong>lapidea</strong></span> <span class='ocrx_word' id='word_1_171' title='bbox 399 3624 517 3682; x_wconf 88' lang='lat' dir='ltr'><strong>artant</strong></span> <span class='ocrx_word' id='word_1_172' title='bbox 544 3607 703 3707; x_wconf 76' lang='lat' dir='ltr'><strong>caepim,</strong></span> <span class='ocrx_word' id='word_1_173' title='bbox 731 3606 793 3681; x_wconf 88' lang='lat' dir='ltr'><strong>sed</strong></span> <span class='ocrx_word' id='word_1_174' title='bbox 814 3606 1050 3705; x_wconf 85' lang='lat' dir='ltr'><strong>glaucicomas</strong></span> <span class='ocrx_word' id='word_1_175' title='bbox 1070 3608 1264 3684; x_wconf 89' lang='lat' dir='ltr'><strong>herbarum</strong></span> 
     </span>
     <span class='ocr_line' id='line_1_27' title="bbox 243 3726 536 3828; baseline 0.01 -29"><span class='ocrx_word' id='word_1_176' title='bbox 243 3726 415 3828; x_wconf 90' lang='lat' dir='ltr'><strong>copulant</strong></span> <span class='ocrx_word' id='word_1_177' title='bbox 440 3754 536 3802; x_wconf 85' lang='lat' dir='ltr'><strong>uvas.</strong></span> 
     </span>
    </p>

    <p class='ocr_par' dir='ltr' id='par_1_6' title="bbox 324 3842 1264 3935">
     <span class='ocr_line' id='line_1_28' title="bbox 324 3842 1264 3935; baseline 0.002 -18"><span class='ocrx_word' id='word_1_178' title='bbox 324 3871 380 3922; x_wconf 90' lang='lat' dir='ltr'><strong>ro.</strong></span> <span class='ocrx_word' id='word_1_179' title='bbox 404 3842 568 3919; x_wconf 88' lang='lat' dir='ltr'><strong>Caninus</strong></span> <span class='ocrx_word' id='word_1_180' title='bbox 584 3844 720 3917; x_wconf 89' lang='lat' dir='ltr'><strong>urbana</strong></span> <span class='ocrx_word' id='word_1_181' title='bbox 732 3862 932 3935; x_wconf 78' lang='lat' dir='ltr'><strong>murmurat</strong></span> <span class='ocrx_word' id='word_1_182' title='bbox 946 3844 1079 3920; x_wconf 89' lang='lat' dir='ltr'><strong>sonitus</strong></span> <span class='ocrx_word' id='word_1_183' title='bbox 1093 3846 1188 3921; x_wconf 87' lang='lat' dir='ltr'><strong>inter</strong></span> <span class='ocrx_word' id='word_1_184' title='bbox 1202 3872 1264 3920; x_wconf 82' lang='lat' dir='ltr'><strong>ne·</strong></span> 
     </span>
    </p>
   </div>
   <div class='ocr_carea' id='block_1_3' title="bbox 241 3963 1264 4075">
    <p class='ocr_par' dir='ltr' id='par_1_7' title="bbox 241 3963 1264 4075">
     <span class='ocr_line' id='line_1_29' title="bbox 241 3963 1264 4075; baseline 0.005 -37"><span class='ocrx_word' id='word_1_185' title='bbox 241 3990 359 4075; x_wconf 84' lang='lat' dir='ltr'><strong>mora:</strong></span> <span class='ocrx_word' id='word_1_186' title='bbox 386 3966 473 4042; x_wconf 84' lang='lat' dir='ltr'><strong>sorte</strong></span> <span class='ocrx_word' id='word_1_187' title='bbox 501 3980 667 4041; x_wconf 79' lang='lat' dir='ltr'><strong>externus</strong></span> <span class='ocrx_word' id='word_1_188' title='bbox 687 3963 855 4040; x_wconf 88' lang='lat' dir='ltr'><strong>adhaeret</strong></span> <span class='ocrx_word' id='word_1_189' title='bbox 874 3963 1057 4041; x_wconf 85' lang='lat' dir='ltr'><strong>moenibus</strong></span> <span class='ocrx_word' id='word_1_190' title='bbox 1080 3964 1264 4043; x_wconf 83' lang='lat' dir='ltr'><strong>latruncu-</strong></span> 
     </span>
    </p>
   </div>
   <div class='ocr_carea' id='block_1_4' title="bbox 0 0 1696 5206">
    <p class='ocr_par' dir='ltr' id='par_1_8' title="bbox 0 0 1696 5206">
     <span class='ocr_line' id='line_1_30' title="bbox 0 0 1696 5206; baseline 0 1"><span class='ocrx_word' id='word_1_191' title='bbox 0 0 1696 5206; x_wconf 95' lang='lat' dir='ltr'><strong> </strong></span> 
     </span>
    </p>
   </div>
  </div>
 </body>
</html>
