3382 5206
365 554 437 630 236

412 684 456 741 66.
477 703 511 739 na
533 700 643 739 annm
667 701 746 738 omna.

340 804 465 919 Omnis
491 860 592 928 generis
610 859 736 916 nomina.
756 879 825 929 quae

339 950 458 1004 ablativo
480 968 541 1002 caau
563 967 597 1001 nu
625 947 664 1000 eri
683 949 824 1017 singularia

337 1056 380 1091 nn.
408 1040 498 1093 600000
529 965 724 1095 10006600οι0.
758 1038 824 1092 6000

332 1146 380 1199 per
397 1143 486 1181 000000
507 1142 602 1178 casuua
625 1135 716 1196 aptota
737 1126 823 1178 decli-

332 1227 440 1269 nantur.
454 1214 561 1267 Numeri
574 1213 714 1281 singularis
724 1250 730 1271 .
740 1215 785 1266 hic
795 1226 822 1269 et

331 1303 396 1356 haec
414 1314 441 1358 et
459 1302 510 1357 600
528 1318 654 1372 nequam.
685 1302 765 1356 huiua
793 1314 821 1357 et

332 1391 413 1446 hniua
433 1403 460 1446 et
481 1391 561 1444 6060
589 1407 725 1460 nequam.
756 1391 820 1443 huic

332 1488 360 1533 et
380 1478 444 1530 huic
469 1487 496 1529 et
515 1476 579 1529 huic
599 1494 731 1546 nequam,
746 1477 818 1530 hunc

329 1579 358 1622 et
375 1567 444 1620 6000
462 1577 489 1619 et
510 1566 560 1619 600
576 1583 709 1636 nequam.
734 1584 750 1618 0
765 1578 816 1623 cto

329 1665 356 1708 et
379 1673 395 1707 0
418 1671 550 1722 nequam.
572 1650 665 1706 abhoc
680 1664 707 1706 et
720 1652 754 1704 ab
768 1652 817 1705 hac

329 1753 357 1796 et
377 1740 412 1793 ab
425 1741 474 1793 600
495 1758 615 1810 nequam.
642 1741 752 1795 Numeri
760 1742 817 1813 plu·

327 1830 405 1886 ralis.
424 1828 490 1881 hiet
503 1830 554 1881 600
567 1841 594 1882 et
604 1830 668 1881 haec
684 1847 797 1897 nequam
811 1869 818 1890 .

326 1919 419 1972 horum
436 1926 464 1968 et
486 1917 578 1968 harum
597 1928 625 1970 et
651 1918 744 1970 horum
770 1935 817 1970 00-

325 2024 405 2077 quam
418 2042 425 2063 .
445 2003 486 2056 his
499 2016 525 2055 et
539 2003 584 2055 his
594 2014 622 2056 et
632 2004 674 2056 his
683 2020 815 2072 nequam.

324 2094 373 2149 600
393 2103 421 2147 οι
443 2092 491 2144 600
507 2102 535 2144 et
557 2092 622 2146 haec
647 2110 815 2161 nequam,o

323 2193 353 2236 nt
376 2199 392 2235 0
416 2192 443 2233 ut
470 2200 485 2233 0
512 2197 640 2248 nequam,
669 2177 704 2229 ab
726 2176 815 2230 biset

326 2267 420 2320 abhis
438 2278 466 2320 et
485 2265 519 2318 ab
536 2267 579 2321 hia
599 2282 721 2335 nequam.
736 2266 812 2316 Nunc

327 2357 355 2408 in
382 2356 432 2408 hae
460 2354 640 2424 suprascripta
660 2352 743 2405 forma
765 2351 814 2404 600

325 2461 457 2496 monemus
467 2480 474 2500 ‚
483 2442 554 2511 quod
568 2443 615 2493 600
627 2459 708 2493 unum
719 2459 812 2510 supra-

323 2531 452 2603 scriptum
472 2548 565 2585 nomeu
579 2531 745 2600 repperiatur
755 2539 813 2580 tan·

325 2633 394 2680 tum,
408 2623 487 2675 idest
507 2639 631 2691 nequam·
644 2622 682 2672 Dc
696 2620 813 2672 ablativo

322 2728 386 2763 casu
406 2710 507 2764 numeri
520 2707 660 2776 singularis
674 2745 680 2764 .
696 2708 743 2777 qni
766 2725 812 2757 un·

323 2800 414 2854 littera
437 2799 592 2853 terminatur
605 2832 612 2851 .
629 2807 758 2866 quantum
768 2814 813 2847 ra-

325 2887 364 2941 tio
382 2885 524 2958 poscebat.
540 2895 726 2939 tractavuuus.

518 2993 553 3028 nn
574 2992 608 3028 0·

362 3063 398 3115 ·S·
418 3062 507 3116 littera
523 3059 657 3114 ablativus
678 3078 754 3113 casus
765 3079 812 3111 nu-

325 3155 389 3207 meri
416 3155 557 3221 singularis
580 3154 735 3207 terminatus
760 3152 815 3205 duo

326 3243 390 3295 baec
402 3260 496 3309 genera
509 3242 627 3295 continet
642 3253 762 3295 tuntum.
786 3240 814 3292 id

327 3345 368 3388 est
384 3344 524 3390 neutrum.
543 3351 630 3386 omne.

385 3509 430 3584 67.
452 3526 487 3562 00
509 3528 618 3565 naum
639 3527 757 3564 neu-anu·

318 3632 451 3747 Neutri
473 3687 572 3756 generis
601 3689 724 3741 nomina.
744 3704 812 3755 quun

328 3777 445 3832 0610060
465 3795 527 3830 casu
549 3778 648 3828 numeri
671 3772 812 3836 singularis

328 3886 361 3919 0·
380 3867 469 3919 littera
488 3865 679 3918 terminantur,
699 3863 764 3914 6000
778 3861 812 3912 ad

323 3952 373 4005 600
382 3954 527 4025 exemplum
536 3949 813 4005 (10060000006000-

324 4040 347 4091 ri
366 4040 521 4108 singularia.
536 4041 584 4093 600
597 4037 647 4095 [aa.
665 4035 743 4089 huius
757 4033 810 4093 66.

595 576 868 628 GRAMMATICUS
896 578 1098 630 vulcanus

876 685 939 739 6οἰ0
961 687 1017 744 fau.
1036 689 1085 741 hoc
1109 686 1165 744 fas.
1194 705 1211 739 0
1242 686 1302 744 faa.
1327 684 1362 738 ab

876 778 926 829 600
948 775 995 827 fas.
1019 776 1089 836 Hauc
1110 792 1246 828 numerum
1268 774 1363 845 plura·

876 866 925 919 lem
943 865 1027 918 60000
1045 863 1228 937 prohibentur·
1239 862 1316 915 Nunc
1332 863 1361 916 in

876 954 925 1004 600
935 952 1017 1006 forma
1030 951 1129 1020 generis
1144 950 1231 1004 neutri
1237 987 1245 1007 ,
1255 968 1310 1020 qua
1320 950 1361 1002 di-

877 1043 962 1095 ximus
976 1040 1093 1094 ablutivo
1111 1058 1174 1093 casu
1192 1038 1294 1093 numeri
1305 1040 1361 1094 aiu·

875 1130 972 1198 gularis
990 1131 1096 1183 nomina
1115 1129 1248 1181 ·a·littera
1265 1126 1360 1181 termi-

873 1219 1172 1276 nari.hocmonemua.
1187 1216 1303 1286 quodex
1327 1232 1360 1268 ea

873 1307 931 1378 plus
943 1326 1024 1377 quam
1036 1309 1157 1377 quinque
1169 1304 1227 1360 suni
1237 1342 1244 1363 .
1255 1305 1306 1358 600
1317 1314 1359 1359 est

870 1397 929 1466 plns
943 1416 1023 1467 qnam
1036 1396 1157 1466 quinque
1167 1392 1290 1451 nomina.
1304 1412 1358 1446 non

869 1485 971 1556 possint
980 1483 1108 1538 exhiberi.
1120 1485 1159 1537 De
1166 1483 1249 1537 forma
1258 1482 1359 1551 generis

870 1574 958 1627 neutri
970 1610 977 1631 ,
987 1592 1042 1645 qua
1060 1572 1177 1627 ablativo
1189 1591 1252 1627 caan
1270 1590 1360 1626 nune·

869 1664 892 1713 ri
911 1662 1053 1728 singularia
1071 1662 1178 1715 nomina
1205 1679 1238 1715 0.
1265 1662 1357 1715 littera

868 1752 1059 1809 terminantur,
1077 1763 1108 1805 ut
1126 1751 1196 1803 ratio
1215 1748 1357 1821 pnaoebat.

869 1839 1050 1892 tractavimus·

950 2007 996 2064 68.
1015 2027 1051 2064 na
1072 2026 1184 2067 000000
1203 2027 1281 2065 oum·

870 2125 995 2242 Omnis
1019 2184 1121 2251 generis
1140 2183 1246 2237 uomina
1262 2219 1269 2239 .
1286 2200 1357 2254 qnne

867 2271 985 2324 06Ιο060
1010 2288 1072 2323 cusu
1093 2271 1195 2323 numeri
1211 2271 1356 2338 singularia

866 2375 897 2410 a·
917 2358 1007 2411 littera
1022 2356 1218 2414 terminantur.
1238 2358 1357 2429 haecper

864 2461 953 2496 omnus
967 2460 1061 2496 casuua
1072 2455 1163 2514 uptote
1175 2444 1356 2499 declinantur.

864 2532 970 2584 Numeri
993 2532 1154 2600 singularis,
1174 2532 1218 2584 hic
1245 2543 1271 2585 et
1289 2534 1355 2587 6000

845 2686 849 2691 ,
864 2629 892 2670 ut
912 2620 961 2672 600
981 2637 1064 2687 nugas
1075 2636 1086 2676 ‚·
1104 2620 1183 2671 huius
1194 2631 1221 2673 et
1232 2620 1313 2674 huius
1326 2632 1355 2675 et

864 2708 943 2760 huius
955 2725 1047 2774 nugas.
1069 2706 1165 2758 huicut
1176 2706 1238 2757 huic
1248 2719 1275 2761 et
1290 2708 1353 2762 60ὶο

866 2812 962 2859 nugas,
979 2795 1050 2846 6000
1070 2806 1097 2847 ct
1114 2794 1227 2846 hanuet
1244 2794 1295 2847 600
1307 2814 1354 2846 00-

865 2900 928 2948 gua.
953 2901 968 2935 0
992 2895 1019 2935 et
1039 2895 1239 2951 oetonugas.
1259 2883 1354 2937 abhoc

864 2979 892 3021 et
912 2968 946 3019 ab
966 2969 1015 3021 600
1036 2982 1063 3023 et
1084 2969 1178 3023 06600
1191 2988 1284 3035 nugas·
1299 2971 1354 3022 60-

865 3057 928 3109 meri
940 3058 1049 3129 pluralis
1062 3095 1069 3116 .
1090 3059 1118 3110 hi
1133 3070 1160 3112 et
1180 3059 1229 3111 600
1244 3069 1272 3111 ut
1288 3059 1355 3112 6000

867 3162 949 3211 nugas
963 3181 970 3202 .
986 3144 1079 3198 horum
1100 3156 1127 3198 ct
1139 3146 1233 3198 harum
1251 3157 1278 3199 et
1302 3144 1354 3198 60-

867 3252 924 3285 rum
945 3252 1042 3303 nugas.
1059 3235 1101 3287 66
1122 3247 1147 3288 et
1160 3235 1238 3288 biset
1249 3235 1291 3288 66
1301 3254 1354 3288 nu-

866 3344 927 3393 gas,
948 3327 994 3377 hos
1017 3325 1107 3378 ethus
1127 3325 1229 3377 ethaeo
1249 3342 1353 3393 nugas.

866 3425 926 3468 0οῑ
943 3433 959 3466 0
978 3424 1006 3466 et
1026 3430 1151 3479 onugus.
1171 3411 1263 3479 0666
1281 3409 1354 3463 etab

865 3502 906 3554 66
918 3512 944 3554 et
958 3502 992 3553 ab
1005 3499 1048 3553 66
1067 3517 1158 3565 nugas·
1173 3498 1249 3551 Nunc
1262 3498 1290 3549 iu
1303 3498 1353 3549 600

865 3589 960 3645 sunna.
984 3587 1165 3657 qua-diximus
1181 3586 1301 3640 ablativo
1312 3605 1355 3637 ca·

864 3697 894 3733 su
910 3679 1010 3731 numeri
1031 3676 1173 3743 sfngulanis
1191 3678 1298 3730 uomina
1320 3698 1352 3731 0·

863 3765 952 3817 littera
977 3764 1130 3817 terminari.
1152 3764 1200 3816 600
1215 3782 1348 3818 monemus

863 3857 935 3925 quod
951 3871 984 3907 ex
1004 3873 1034 3908 ea
1061 3856 1200 3924 plusquam
1221 3867 1350 3925 quattuor

861 3945 935 4001 anni,
950 3946 1052 3997 honest
1067 3945 1206 4014 piusquam
1223 3956 1355 4014 quattuor

862 4031 1048 4089 numiuavnon
1056 4032 1157 4102 possint
1170 4030 1302 4085 exhiberi.
1317 4033 1357 4085 De
