3382 5206
727 607 772 653 ll!
799 604 950 653 NOMHOE·

1264 577 1328 677 ¹73

326 718 410 790 undu
424 718 510 770 lacere
519 710 760 770 nominhewdem
772 708 817 761 ϊὶ·
866 711 936 776 talis
951 711 999 762 οἰκ·
1012 710 1110 765 litteris
1128 710 1308 767 definiuntur.
1328 720 1358 762 ut

327 806 455 879 syllabam
464 821 525 857 cum
536 798 708 870 sequentibus
721 797 818 851 litteris

328 898 457 952 omittunt
466 929 474 950 ‚
483 902 510 946 et
523 887 715 944 nominativum
731 903 819 938 ossum

329 985 432 1041 nometi
444 979 584 1050 singularis
595 977 694 1046 generis
707 993 820 1030 eommu-

327 1074 371 1127 nis
381 1069 491 1145 positivi
501 1066 598 1136 gradus
608 1063 707 1135 quibus
722 1061 820 1117 litteris

330 1161 493 1215 definiatur,
507 1149 748 1209 anonomaston
761 1165 821 1200 cum

328 1246 406 1300 dicat
418 1240 716 1312 Vergilius-acerrimus
734 1238 821 1291 Aiax·

329 1335 424 1408 utiquo
437 1334 490 1385 iam
502 1329 547 1382 bic
557 1328 597 1382 val
608 1327 674 1380 haee
685 1342 757 1384 aosr.
768 1343 822 1379 non

329 1423 407 1480 aesia,
415 1421 500 1474 lasere
508 1416 708 1471 demonstravit·
716 1415 782 1467 ltem
794 1412 822 1465 in

328 1512 381 1566 bac
387 1507 536 1581 supradicti
543 1504 644 1575 genesis
652 1503 735 1556 lorma
746 1518 824 1572 quas-

331 1600 416 1655 rltur.
428 1613 483 1667 qua
499 1594 533 1648 ds
545 1609 625 1645 causa
637 1607 696 1643 acer
706 1606 823 1642 commu-

333 1686 376 1741 nis
394 1699 496 1753 generas
509 1697 564 1734 osso
581 1671 708 1731 dicatur?
731 1674 781 1726 bac
791 1673 825 1726 ds

331 1790 429 1829 ausa.
443 1768 570 1840 quonlam
583 1778 763 1836 quaecumque
779 1778 824 1815 vo-

331 1859 428 1914 cabula
445 1856 590 1911 mundius
600 1854 631 1906 in
644 1852 764 1920 genetivo
776 1867 824 1901 ea-

332 1964 365 2001 sa
382 1945 485 1999 uomsrl
500 1940 642 2009 singularis
659 1940 703 1992 ·is·
727 1936 825 1990 litteris

336 2035 501 2089 deliniuntur
512 2041 557 2089 ‚st
567 2047 600 2082 ex
614 2045 663 2082 sua
681 2026 770 2098 speeie
781 2043 824 2078 vo-

334 2119 430 2172 eabula
449 2116 576 2172 feminina
596 2115 682 2168 lacere
696 2122 824 2184 possunt,

334 2206 400 2260 base
418 2204 520 2274 genesis
538 2220 597 2257 ussa
608 2197 754 2255 communis
767 2214 825 2268 pro·

335 2295 585 2367 nuntianturznuup
598 2308 659 2342 eum
672 2288 746 2341 disat
760 2287 824 2339 Ver·

335 2383 416 2451 gilius
427 2411 442 2424 ·
456 2381 525 2435 acris
551 2378 660 2434 Orontis
677 2406 691 2418 ·
706 2413 713 2434 .
729 2376 825 2444 utique

337 2469 390 2522 lam
412 2486 496 2522 acra·
513 2466 614 2536 generis
631 2462 775 2519 communis
788 2478 827 2515 es-

337 2572 365 2609 se
383 2553 584 2609 demonstravit.

373 2645 439 2698 ltsm
451 2645 477 2696 ia
487 2641 641 2713 supradicta
655 2637 737 2691 forma
746 2653 827 2705 quao-

339 2739 424 2795 ritua.
450 2735 474 2789 si
492 2731 656 2786 haeceadem
673 2727 827 2798 supradicta

336 2821 481 2880 communis
496 2819 599 2888 genesis
621 2816 727 2869 nomina
737 2832 769 2867 ex
779 2832 827 2868 sua

338 2909 428 2982 specle
436 2909 464 2960 in
474 2924 568 2976 genera
579 2915 672 2957 neutra
682 2910 827 2958 transeant,

341 2997 370 3050 in
381 2997 470 3050 eodem
480 3010 573 3063 genere
581 3002 675 3045 neutro
689 2989 716 3041 in
731 2989 829 3060 positi-

339 3105 373 3141 vo
381 3085 463 3155 gradu
474 3081 638 3136 nominativo
647 3096 709 3132 casu
725 3077 828 3131 numeri

337 3174 479 3244 singularis
487 3191 540 3242 qua
548 3171 637 3225 littora
648 3169 760 3223 debeant
772 3181 829 3222 ter-

339 3258 453 3318 minasil
473 3261 567 3330 utiquo
580 3276 632 3312 τις
649 3257 753 3311 scilicet
765 3274 828 3325 quo

337 3352 411 3411 uiam
427 3365 609 3420 quascumque
628 3346 736 3399 nomina
754 3361 829 3412 gene·

336 3440 374 3493 lis
393 3435 537 3490 communis
560 3434 588 3486 in
605 3433 721 3504 positivo
746 3431 830 3499 gradu

338 3528 503 3583 nominativo
518 3543 580 3576 casu
597 3523 698 3577 uumori
716 3521 829 3590 singula·

336 3616 374 3669 als
393 3632 442 3666 oea·
468 3611 565 3664 litteris
591 3610 776 3664 definiuntur.
806 3607 827 3659 si

338 3721 372 3756 ex
389 3717 438 3753 sua
454 3698 541 3769 specio
559 3697 587 3751 io
615 3715 710 3765 gonora
734 3707 829 3748 neutra

339 3800 496 3846 naussum,
520 3788 586 3841 haee
615 3788 707 3840 eadem
736 3803 830 3853 genera

337 3889 433 3933 neutra
452 3877 480 3929 in
498 3877 614 3948 positivo
639 3875 722 3945 gradu
743 3873 831 3926 nomi-

340 3964 432 4019 nativo
444 3981 507 4017 casu
517 3962 618 4016 numeri
636 3959 776 4029 singularis
797 3976 830 4010 ·o·

340 4057 433 4115 littera
453 4055 644 4112 tormiuaatur:
657 4069 686 4111 at
697 4074 758 4110 vero
777 4053 832 4128 plo·

871 809 956 868 puta.
974 797 1018 850 bic
1035 808 1061 852 st
1077 798 1142 852 baso
1160 815 1217 852 aoer
1231 797 1281 852 boc
1300 815 1359 851 acre

872 898 901 941 et
932 888 998 940 baec
1025 886 1096 939 acria
1124 884 1208 939 lacere
1238 885 1359 941 debeant·

873 974 940 1027 Item
959 973 987 1026 ln
1011 973 1061 1026 hac
1088 973 1234 1044 supradicti
1259 975 1360 1041 generis

871 1063 954 1117 lorms
973 1063 1122 1132 quaeritur,
1140 1080 1194 1133 qua
1222 1064 1255 1116 da
1281 1080 1360 1116 causa

874 1167 954 1203 acer·
976 1149 1098 1218 genetivo
1116 1168 1179 1203 casu
1200 1150 1300 1203 numeri
1310 1151 1361 1203 sin·

874 1236 972 1307 gularls
996 1254 1012 1289 a
1044 1237 1207 1291 nominativo
1227 1254 1288 1290 casu
1308 1238 1362 1292 sin·

875 1323 973 1391 aulatis
990 1324 1093 1376 numeri
1107 1341 1153 1395 per
1165 1323 1294 1393 syllabam
1307 1344 1361 1379 non

876 1423 993 1469 euocat.
1016 1423 1044 1467 et
1061 1431 1177 1485 mauper.
1197 1413 1224 1466 in
1242 1415 1363 1483 genetivo

876 1519 940 1555 casu
957 1502 1058 1555 numeri
1075 1502 1217 1570 singularis
1236 1521 1252 1556 a
1275 1507 1363 1559 nomi·

876 1591 968 1645 nativo
999 1609 1062 1645 casu
1094 1592 1195 1645 numeri
1223 1593 1365 1661 singularis

876 1697 923 1751 per
951 1679 1080 1749 syllabam
1107 1677 1233 1736 emeat!
1255 1684 1306 1734 hac
1330 1683 1364 1737 de

876 1784 971 1826 eausa.
985 1770 1109 1838 quoniam
1123 1770 1310 1840 cuiuscumque
1325 1789 1365 1839 ys·

877 1855 947 1909 aeris
974 1857 1080 1910 nomina
1107 1858 1270 1913 nominativo
1299 1876 1362 1912 casu

876 1944 976 1996 numeri
994 1945 1136 2012 singularis
1151 1962 1197 1998 aa·
1212 1945 1308 1999 litteris
1322 1946 1364 2000 de·

876 2033 1005 2086 liniuntur
1016 2069 1024 2088 .
1044 2031 1108 2086 baec
1118 2071 1126 2093 ‚
1135 2046 1253 2106 excepto·
1263 2034 1363 2089 vocati·

876 2136 978 2173 voeasu
991 2122 1092 2173 numeri
1107 2121 1264 2190 singularis,
1277 2121 1301 2174 si
1313 2138 1362 2193 per

875 2219 974 2262 eeteros
993 2226 1069 2263 casus
1089 2209 1117 2263 in
1138 2210 1232 2264 ultima
1246 2210 1288 2264 vel
1303 2221 1365 2264 ants

878 2295 996 2347 ultimam
1012 2295 1138 2365 syllabam
1157 2317 1205 2370 per
1217 2297 1363 2367 geminatas

877 2397 1051 2441 consonantes
1078 2388 1259 2448 scribuntur,
1285 2405 1364 2442 num-

877 2489 957 2541 quam
977 2491 992 2524 a
1010 2474 1175 2528 nominativo
1193 2494 1255 2530 casu
1275 2493 1365 2530 numo·

877 2559 901 2611 ri
927 2562 1069 2628 singularis
1096 2563 1125 2616 in
1147 2574 1244 2619 cetoros
1268 2583 1366 2623 casus·

878 2659 987 2718 excepto
1019 2651 1141 2717 genetivo
1168 2669 1231 2705 casu
1261 2652 1364 2706 numeri

877 2736 1005 2806 pluralis.
1019 2756 1065 2810 por
1085 2739 1212 2807 syllabam
1226 2751 1345 2795 crescunt
1359 2780 1366 2800 .

880 2837 910 2879 ut
926 2836 1010 2896 puta,
1027 2843 1085 2879 acer
1095 2827 1176 2885 acris,
1189 2836 1312 2880 stcetosa
1326 2840 1365 2882 ta·

879 2912 930 2964 lias
949 2923 977 2965 at
999 2932 1060 2967 voro
1080 2912 1267 2985 cuiuscumque
1288 2933 1366 2984 gene·

882 2999 917 3052 ris
936 3001 1043 3054 nomina
1063 3001 1226 3056 nominativo
1238 3019 1300 3055 casu
1320 3021 1367 3054 nu·

881 3089 945 3142 merl
963 3091 1106 3160 singularis
1119 3110 1167 3144 «οπο
1181 3093 1278 3145 littoris
1301 3091 1366 3145 dell-

882 3178 1005 3236 niuntur‚
1024 3191 1051 3233 et
1071 3192 1227 3252 percoteros
1245 3198 1320 3234 casus
1341 3180 1369 3233 in

881 3268 974 3324 ultima
994 3269 1035 3323 vel
1057 3280 1118 3322 aute
1144 3269 1264 3323 nltimam
1287 3269 1369 3338 sylla·

880 3355 942 3408 bam
967 3374 1014 3426 per
1035 3356 1179 3424 singulares
1196 3366 1369 3409 consonantes

880 3440 1051 3501 scribuntur,
1074 3443 1139 3495 baec
1159 3461 1173 3495 a
1202 3442 1369 3497 nominativo

881 3548 945 3584 casu
963 3533 1064 3585 numeri
1081 3531 1240 3600 singularis,
1259 3543 1370 3604 excepto

882 3620 1004 3674 vocativo
1025 3637 1087 3672 casu
1101 3620 1201 3673 numeri
1216 3618 1371 3687 singularis.

882 3708 910 3761 ln
941 3717 1040 3760 ceteros
1072 3724 1148 3759 casus
1180 3725 1226 3778 per
1256 3705 1371 3775 syllabas

884 3806 1021 3852 amount,
1035 3805 1067 3847 ut
1084 3805 1167 3865 puta.
1185 3792 1230 3845 hic
1248 3811 1347 3865 pauper
1364 3830 1371 3848 .

882 3885 963 3936 huius
983 3881 1114 3954 pauperis.
1129 3882 1171 3932 Sic
1187 3891 1214 3934 et
1232 3892 1319 3934 cetera
1333 3892 1372 3933 ta·

884 3974 1007 4041 lia,quae
1017 3968 1181 4023 nominativo
1195 3987 1257 4022 casu
1272 3969 1372 4021 numeri

884 4059 1027 4129 singularis
1034 4076 1080 4112 «eo
1088 4057 1185 4114 litteris
1196 4057 1372 4112 definiuntur.
