3382 5206
673 622 891 672 cumularet).
1184 628 1267 675 xxttt

272 756 341 814 turn
372 740 577 839 virgilianae
617 741 788 840 epitomes
825 756 931 841 eaput
960 800 968 831 ‚
1006 742 1040 813 in
1077 771 1147 844 quo
1180 746 1293 818 mirus

269 883 317 939 est
348 882 479 938 tractus
506 864 551 936 de
585 863 639 935 bis
670 864 863 939 duodecim
894 865 1076 939 latinitatis
1106 869 1293 965 generibus

268 991 353 1090 typis
386 990 645 1063 committerem
673 1048 683 1078 ,
716 1017 798 1063 sane
830 990 1024 1091 plurimum
1055 993 1254 1065 aestuabam
1284 1051 1294 1081 ‚

267 1112 346 1214 quia
365 1113 542 1212 scriptura
564 1112 701 1186 codicis
721 1113 934 1212 neapolitani
951 1132 1021 1187 tam
1042 1132 1092 1187 est
1107 1132 1295 1213 corrupta,

266 1255 304 1313 ut
324 1237 470 1312 uallum
487 1239 561 1311 fere
582 1265 726 1312 sensum
755 1230 971 1339 probabilem
999 1240 1193 1313 extundere
1219 1268 1296 1339 pos·

264 1388 343 1438 sem

312 1487 345 1562 8.
374 1485 473 1561 Ecce
491 1501 611 1560 autem
632 1481 802 1560 laboranti
822 1487 912 1560 mibi
938 1487 1118 1586 suppetias
1140 1485 1291 1584 inspera·
1320 1493 1480 1585 Μ’·Νζξξζ

264 1627 314 1683 tas
333 1610 419 1683 tulit
444 1610 557 1684 codex
584 1638 752 1685 romanus
779 1609 946 1702 saeculi,
975 1626 1155 1709 utputo,
1184 1609 1296 1683 unde·
1322 1605 1480 1724 ffl'gnlssgff‘

262 1734 340 1807 cirni
370 1736 410 1808 in
439 1733 597 1831 angelica
619 1732 692 1808 ΡΡ.
714 1733 1057 1832 Augustinianorum
1077 1733 1294 1808 bibliotheca

263 1877 506 1949 conservatus,
519 1861 582 1960 qui
595 1861 690 1932 inter
701 1878 819 1934 cetera
839 1862 1009 1962 opuscula
1022 1919 1030 1949 ,
1042 1859 1187 1958 Virgilii
1206 1888 1291 1960 que

260 2011 325 2083 que
338 1984 452 2057 nostri
466 1985 700 2080 fragmentum
713 1985 877 2073 exbibet,
890 1984 986 2086 quod
1001 2012 1043 2057 ex
1055 1984 1130 2059 cius
1145 2001 1201 2057 ter
1214 1984 1293 2084 qui·

263 2134 305 2178 na
326 2107 480 2206 epitome
499 2135 516 2178 a
538 2107 657 2180 nescio
683 2135 755 2207 quo
784 2107 956 2204 eclogario
985 2106 1183 2180 detractum
1210 2107 1290 2180 suit.

267 2227 329 2302 Rei
350 2230 517 2303 notitiam
537 2229 580 2304 cl.
589 2228 631 2303 V.
647 2229 816 2303 Faustino
838 2228 984 2303 brenulo
1011 2230 1148 2319 debeo,
1168 2233 1230 2332 qui
1252 2231 1290 2303 in

266 2370 463 2453 praestante
492 2380 554 2426 aua
583 2351 723 2426 Sedulii
752 2353 909 2427 editione
936 2356 1088 2454 append.
1102 2354 1143 2429 V.
1156 2384 1188 2454 p.
1202 2355 1289 2452 426.

266 2478 365 2551 etde
391 2475 517 2551 codice
544 2476 728 2576 loquitur,
754 2495 789 2550 et
817 2479 919 2551 breve
940 2480 1028 2552 illud
1049 2483 1287 2578 fragmentum

267 2600 412 2675 fideliter
432 2582 568 2674 recitat.
590 2599 662 2698 Ego
682 2631 764 2675 vero
785 2602 986 2699 angelicum
1012 2602 1180 2677 codicem
1199 2605 1287 2679 meis

265 2724 370 2797 oeulis
390 2724 573 2813 lustrans,
597 2753 718 2825 reapse
739 2727 829 2797 hanc
851 2727 1060 2822 gemmulam
1081 2727 1218 2801 decimo
1239 2729 1288 2803 lo·

269 2875 303 2920 eo
323 2849 419 2922 inter
446 2848 513 2921 alia
539 2850 704 2948 opuscula
732 2848 860 2949 aspexi.
884 2849 946 2925 Sic
976 2879 1057 2947 ergo
1080 2851 1289 2948 eclogariua.

268 2970 450 3072 lucipiwtt
479 2976 653 3073 epiwnrue
684 2974 834 3071 Virgilii
858 2974 1034 3050 Maronis.
1056 2976 1206 3050 Latinus
1229 3034 1238 3066 ‚
1265 3004 1288 3050 a

268 3118 333 3193 qrw
356 3096 524 3166 latinitas.
543 3094 618 3166 Hic
643 3100 698 3167 vir·
722 3119 873 3190 naugerus
886 3096 968 3195 fuit
994 3111 1029 3167 et
1050 3111 1179 3196 potens
1205 3094 1290 3170 betti

267 3222 369 3316 regiis
388 3216 621 3317 temporibus.
632 3214 818 3291 Breviatus
832 3216 890 3290 bic
910 3216 1010 3291 locus
1026 3247 1066 3292 ex
1086 3220 1199 3318 primo
1221 3222 1291 3321 epi·

266 3361 369 3419 tomes
389 3343 504 3444 capite
527 3373 558 3443 p.
574 3345 634 3443 98.
647 3342 856 3442 desumptus
875 3342 954 3417 fuit.
971 3340 1147 3444 Sequitur
1168 3346 1206 3418 in
1225 3338 1287 3418 an-

267 3466 376 3564 gelico
408 3466 556 3540 codice.
585 3466 786 3539 Latinitatis
813 3492 951 3564 genera
982 3484 1063 3539 sum
1089 3465 1288 3551 duodecim.

263 3592 384 3666 Prima
409 3595 569 3664 munius
596 3597 733 3664 usitato.
762 3589 933 3665 Secunda
963 3619 1071 3664 asena
1102 3610 1167 3666 etc.
1196 3623 1287 3695 quae

262 3718 438 3814 pertinent
459 3714 505 3789 ad
525 3716 692 3816 epitomes
713 3732 823 3814 caput
844 3717 1013 3815 quintum
1034 3746 1066 3816 p.
1082 3721 1189 3813 124·-
1205 3747 1287 3820 127.

263 3868 369 3945 usque
388 3839 433 3914 ad
454 3839 561 3911 rerba
581 3845 716 3912 unitate
737 3841 813 3912 Dei
831 3845 903 3914 alti.
924 3839 980 3912 lbi
999 3841 1128 3941 quippe
1155 3840 1291 3916 desinit

260 3964 493 4063 fragmentum
509 3961 651 4061 Virgilii
672 3962 895 4060 angelicum,
913 3962 1008 4034 inter
1028 3963 1139 4035 aliena
1158 3964 1287 4063 scripta

267 4091 496 4168 conclusum:
516 4088 695 4188 praecedit
715 4086 815 4161 enim
836 4112 978 4161 carmen
998 4112 1102 4184 super
1122 4084 1294 4187 Prosperi
