3382 5206
343 566 413 658 4²⁰
676 595 836 645 csnurua
867 599 972 649 vsan

390 700 525 790 Ingenio
551 702 641 770 sortis
662 701 753 771 fulsit
773 706 807 771 in
828 707 909 774 orbe
930 723 1053 796 potens.

322 805 477 895 Quisquis
498 831 586 891 es,o
611 807 731 891 lector,
757 808 888 876 titulum
909 813 967 902 qui
990 810 1132 903 perlegis
1155 814 1289 895 istum,

389 912 586 1003 Perpetuam
610 917 756 1007 requiem
781 915 836 980 det
860 915 948 1000 sibi,
971 938 1089 1005 posce,
1113 917 1213 984 Deus.

550 1124 1115 1218 XV111.oaauurr1cs.(1)

324 1262 506 1446 Quisque
531 1338 620 1404 venis
648 1336 754 1405 studio
772 1336 919 1405 discendi
937 1336 1038 1406 fretus
1056 1339 1162 1404 amice

386 1439 626 1511 Grammaticae
647 1465 798 1508 normam
814 1465 972 1533 quaerere
996 1439 1244 1532 rectiloquam‚

322 1546 425 1615 Huius
445 1544 535 1614 adito
554 1547 669 1614 domus
689 1549 879 1636 properanti
900 1547 1015 1615 limina
1034 1569 1144 1638 gressu

388 1652 493 1738 Quam
510 1654 616 1744 signat
640 1652 752 1720 titulus
775 1655 918 1722 versibus
945 1654 1004 1721 iste
1025 1654 1098 1722 auis.

321 1756 376 1826 Ad
401 1757 566 1848 liquidum
590 1775 679 1825 certo
702 1783 803 1850 qnam
826 1761 950 1849 primus
973 1759 1124 1851 dogmate
1145 1757 1242 1827 duxit

388 1865 532 1930 Donatus
551 1860 635 1927 fama
657 1881 751 1930 notus
769 1865 805 1930 in
832 1864 913 1932 orbe
934 1863 1015 1952 piu·⁸

322 1967 495 2036 Nobilium
516 1986 589 2058 post
608 1995 707 2060 quem
733 1970 904 2040 doctorum
930 1971 1028 2038 turba
1049 1989 1162 2038 secuta
1190 1990 1267 2057 est,

391 2074 540 2157 Quorum
558 2076 698 2165 quisque
720 2098 778 2140 sua
800 2074 972 2142 nobilitate
996 2077 1093 2164 viget.

321 2177 415 2244 Hauc
436 2179 635 2270 quicumque
655 2180 742 2268 capis
772 2179 914 2247 studiose
937 2197 1069 2268 pectore
1093 2176 1230 2264 lector,

388 2285 432 2351 Et
454 2309 561 2353 servas
588 2310 670 2375 pura
690 2287 807 2354 mentis
829 2288 865 2351 in
884 2310 959 2353 arce
976 2304 1055 2369 tua,

319 2391 444 2459 Diceris
471 2390 606 2477 doctor,
627 2394 707 2458 recti
727 2394 883 2459 sermonis
906 2410 1058 2476 amator,

392 2495 593 2589 Eloquiique
608 2514 742 2585 potens,
760 2499 941 2564 rusticitate
961 2521 1086 2564 careus.

615 2706 712 2774 xlx.
736 2725 1054 2777 annuentes.

329 2854 503 2988 Facundi
524 2921 602 2987 dicti
625 2924 706 2989 sicui
729 2940 776 2989 est
803 2921 945 2990 studiosa
967 2920 1116 2990 voluntas

394 3032 463 3117 Quo
483 3026 581 3094 civile
602 3027 698 3092 datur
723 3029 771 3093 ius
791 3028 990 3095 benencase
1013 3028 1132 3115 pium,

275 3212 277 3216 .
325 3137 413 3201 llaec
434 3133 549 3200 subeat
564 3133 654 3198 vario
674 3131 810 3197 rutilant
827 3156 912 3222 quae
936 3149 1021 3198 tecta
1047 3132 1178 3197 nitore,

393 3240 479 3305 Hinc
502 3237 656 3327 quoniam
669 3234 766 3324 pleno
788 3234 937 3326 dogmata
952 3235 1040 3302 fonte
1064 3235 1184 3300 fluunt.

324 3347 430 3430 Quam
448 3343 566 3411 Graeci
590 3358 775 3407 asseverant
801 3344 923 3432 Gorgia
941 3360 1074 3409 anctore
1092 3358 1259 3430 repertam
1274 3379 1284 3408 s

394 3454 597 3541 Hermagora
619 3472 788 3538 cumque,
808 3449 888 3539 quin
909 3465 941 3516 et
960 3446 1149 3515 Aristotele·

324 3556 370 3626 At
395 3574 426 3624 te
447 3553 680 3623 concelebrant
707 3571 873 3619 auctorem
899 3556 970 3622 iure
995 3554 1105 3620 Latini

390 3660 564 3728 Rhetorica
585 3659 679 3725 Tulli
705 3657 878 3726 nobilitate
896 3660 1031 3726 micans.

409 3834 454 3905 (r)
475 3831 586 3884 Diversa
604 3832 683 3903 plane
703 3829 736 3882 nb
754 3830 798 3884 bis
816 3830 1006 3901 epigrammata
1024 3829 1058 3883 de
1076 3838 1176 3900 septem
1203 3828 1315 3883 artibus
1336 3867 1344 3885 .

341 3934 447 3995 sumpta
467 3943 498 3976 ex
514 3923 567 3977 alio
586 3922 677 3977 codice
696 3922 839 3979 vaticano.
855 3923 951 3977 recitat
965 3919 1117 3976 Sirmoudus
1136 3919 1164 3972 ln
1184 3921 1349 3976 adnotatio-

344 4012 424 4065 nibus
443 4012 477 4064 ud
496 4010 699 4083 Thcodulphum
719 4029 778 4083 opp
789 4011 823 4063 T.
835 4011 872 4063 ll.
884 4031 912 4082 p·
926 4026 1000 4083 1079
