3382 5206
645 560 655 571 ’
726 564 771 609 DE
798 562 950 609 numus.

326 677 432 738 propter
458 679 603 721 structuras
630 669 668 720 sic
695 668 813 720 anomale

327 759 479 808 euuiirmuta
492 757 547 808 sint
560 755 740 827 pronuntiari,
750 764 773 805 et
789 757 816 805 in

328 845 417 896 metris
433 845 553 896 anomale
575 854 602 896 et
629 861 680 894 nou
701 841 818 891 anomuie

328 931 453 1000 permissa
472 932 526 984 sint
545 930 688 984 declinari.
707 945 764 978 cum
784 927 818 977 ad

329 1021 456 1071 rationem
479 1029 619 1070 metrorum
638 1015 678 1066 vei
697 1025 817 1066 structu·

328 1122 414 1156 nrutu
437 1105 610 1159 venerimus.
639 1104 693 1154 illic
720 1118 816 1171 conpe—

328 1202 415 1245 tenter
433 1191 617 1244 tractabimus.

363 1278 431 1331 item
449 1279 481 1331 de
500 1279 542 1329 his
565 1286 693 1346 quattuor
721 1292 815 1345 supra-

326 1365 433 1436 scriptis
455 1364 624 1421 nomiuibus‚
651 1380 720 1432 quae
744 1361 817 1413 dixi-

326 1470 383 1504 mus
401 1454 520 1520 genetivo
536 1463 563 1504 et
576 1451 668 1504 dativo
688 1467 751 1500 casu
764 1467 816 1500 nu-

328 1539 392 1591 meri
413 1540 554 1603 singularis
566 1539 685 1592 anomale
704 1537 743 1589 vei
762 1555 814 1589 nou

327 1628 447 1682 anomale
460 1627 601 1685 declinari,
611 1629 660 1680 hoc
675 1643 815 1682 monemus,

326 1715 399 1784 quod
417 1716 558 1768 eorundem
578 1715 716 1767 vocatives
738 1730 814 1764 casus

327 1801 430 1854 numeri
456 1802 596 1869 singularis
618 1802 644 1854 in
662 1803 734 1854 souis
752 1820 815 1855 con-

327 1902 448 1960 petenter
465 1902 579 1944 tractare
599 1890 750 1944 debeamus.
771 1893 815 1942 Sa-

327 1997 361 2032 ue
381 1980 409 2032 iu
433 1980 483 2032 bac
505 1981 687 2052 suprascripta
715 1981 815 2038 forma,

326 2087 380 2138 qus
398 2069 514 2123 diximus
532 2070 650 2124 ablativo
675 2087 736 2122 eusu
765 2088 816 2122 nu-

326 2155 391 2207 meri
410 2157 552 2223 singularis
574 2158 680 2211 nomina
707 2176 743 2209 ιο·
768 2156 816 2210 stt-

327 2253 384 2296 tera
412 2243 572 2300 terminari,
598 2254 627 2296 et
654 2243 816 2296 nominativo

326 2349 388 2386 cusu
405 2335 506 2386 numeri
527 2335 670 2400 singularis
693 2351 744 2384 ·us·
765 2333 815 2385 tit-

329 2423 392 2476 teris
410 2437 469 2495 post
487 2435 673 2477 consonantem
692 2422 816 2477 definiri,

326 2509 375 2564 boc
394 2530 545 2568 monemus,
563 2512 636 2581 quod
655 2523 716 2563 sunt
728 2511 816 2578 ulique

327 2605 432 2657 uomina
459 2621 528 2671 quae
552 2601 684 2655 interdum
711 2611 816 2670 propter

327 2705 409 2747 metra
426 2694 468 2746 vei
485 2704 631 2746 structuras
649 2710 680 2743 ex
700 2689 817 2742 ablativo

329 2803 389 2839 casu
408 2785 510 2838 numeri
529 2784 670 2850 singularis
690 2803 724 2835 ·o·
753 2781 820 2833 ulti·

329 2860 396 2923 iuum
415 2882 442 2925 et
463 2873 489 2923 in
510 2890 575 2921 ·utn·
593 2871 695 2921 litteras
715 2887 818 2920 conver·

328 2968 405 3015 tent.
423 2970 454 3010 ut
464 2958 611 3025 genetivum
625 2974 712 3007 eastun
732 2973 821 3007 uume-

329 3048 352 3099 ti
372 3047 480 3118 pluralis
500 3048 632 3101 efficiant..
653 3057 682 3097 ut
703 3056 766 3114 puta
787 3045 820 3096 ub

328 3133 378 3187 hoc
388 3153 497 3205 supero,
515 3134 608 3185 herum
622 3153 755 3204 superum.
770 3133 819 3184 Sed

327 3220 391 3273 haec
409 3239 479 3289 quae
498 3223 552 3273 siut
577 3223 700 3277 uomina,
720 3233 745 3273 et
765 3239 818 3289 qua

327 3311 359 3362 rie
377 3327 454 3361 causo
475 3327 506 3361 ex
525 3311 678 3379 supradicto
697 3328 757 3362 casu
780 3312 819 3363 in·

331 3398 430 3450 tertium
453 3410 559 3468 propter
579 3411 660 3451 metra
681 3409 707 3449 et
730 3411 818 3450 strue-

328 3494 399 3537 turns
415 3505 449 3536 ·0·
472 3486 591 3536 uttinuun
611 3496 637 3536 et
656 3488 681 3538 iu
699 3504 763 3536 ·unr·
776 3486 817 3537 iit·

329 3585 396 3626 teras
423 3585 593 3629 convertunt,
615 3585 643 3625 ut
668 3575 817 3637 genetivum

328 3677 414 3711 casum
444 3661 543 3711 numeri
562 3660 670 3730 pluralis
686 3661 816 3715 etiiciuut.

328 3744 377 3798 hoc
399 3747 424 3798 iu
445 3750 533 3799 metris
552 3749 592 3798 vei
608 3749 749 3799 structuris
760 3765 817 3799 cou-

326 3845 444 3904 petentes
464 3836 645 3889 tractabimus.

361 3926 425 3978 item
438 3928 463 3979 iu
474 3928 523 3977 irae
534 3926 617 3976 iorrua
638 3927 816 3997 suprascripta

325 4016 463 4080 quaeritur
474 4051 480 4071 ‚
499 4014 593 4084 quade
603 4031 683 4065 causa
695 4014 739 4064 irie
757 4014 817 4067 bur·

1261 562 1327 637 217

867 664 979 716 iraruset
996 685 1047 719 non
1057 667 1102 718 hic
1120 665 1216 718 burbur
1229 666 1356 720 dicatur?

869 756 1363 827 iure‹lecuusa,rprouiuruquaecumque

871 844 973 894 nomina
991 843 1106 896 ablativo
1124 863 1183 895 casu
1198 844 1297 895 numeri
1308 845 1361 894 sin·

871 930 967 992 guiuris
989 952 1025 982 ·u·
1046 933 1133 983 littera
1159 931 1332 984 terminantur
1351 966 1356 983 .

870 1016 933 1067 hoec
947 1036 1089 1086 numquam
1102 1019 1127 1069 in
1142 1017 1303 1070 nominativo
1316 1033 1359 1067 ea·

868 1120 898 1153 su
917 1105 1018 1155 numeri
1037 1103 1177 1171 singularis
1199 1121 1247 1152 -ar·
1262 1102 1358 1154 litteris

869 1190 1049 1247 definiuntur.
1071 1205 1096 1244 et
1114 1193 1172 1245 ideo
1194 1191 1238 1241 hie
1259 1187 1358 1241 hurba-

869 1295 913 1330 rus
923 1290 950 1331 et
968 1298 1020 1331 non
1033 1280 1077 1331 hie
1089 1278 1186 1331 barbnr
1202 1277 1286 1328 iacere
1300 1294 1357 1345 pro·

869 1371 1016 1420 nuntiatur.
1041 1370 1105 1421 item
1128 1371 1156 1420 in
1185 1368 1235 1418 huc
1263 1381 1359 1434 supru-

867 1455 967 1527 scripta
993 1456 1074 1509 forma
1096 1455 1234 1524 quaeritur
1252 1468 1305 1521 quu
1325 1449 1358 1501 de

868 1558 945 1594 cuusa
968 1543 1011 1593 hie
1033 1542 1163 1594 musculus
1188 1551 1216 1593 et
1238 1557 1291 1591 uon
1313 1536 1357 1587 irie

867 1632 961 1685 noscet
987 1627 1118 1683 dicatur?
1141 1630 1191 1681 huc
1217 1629 1250 1681 de
1278 1641 1357 1677 eausa

867 1724 993 1791 quoniam
1030 1736 1210 1791 qrmecumque
1249 1715 1356 1770 uomina

867 1811 985 1863 ubiutivo
1008 1828 1067 1862 essu
1092 1808 1192 1861 numeri
1215 1805 1356 1874 singularis

869 1917 904 1950 ·o·
922 1898 1010 1950 littera
1021 1896 1195 1949 terminantur
1207 1894 1272 1946 burc
1283 1909 1357 1944 num-

868 2004 948 2055 quam
977 1987 1143 2039 nominutivo
1171 2002 1232 2036 casu
1256 1981 1358 2034 numeri

868 2076 1009 2145 singularis
1032 2077 1076 2127 ei·
1102 2075 1202 2128 litteris
1224 2070 1356 2124 definiun-

868 2177 929 2223 tur,
946 2179 973 2218 et
993 2164 1050 2216 ideo
1070 2165 1113 2216 hie
1128 2160 1256 2214 masculus
1265 2170 1291 2211 et
1306 2176 1358 2211 non

869 2255 911 2308 tric
931 2254 1024 2307 marcet
1046 2252 1130 2305 facere
1161 2251 1356 2321 pronuntiatur.

872 2345 937 2394 Item
962 2342 988 2393 in
1009 2340 1059 2392 huc
1077 2338 1256 2408 suprascripta
1277 2335 1358 2386 forma

868 2429 1019 2497 quaeritur,
1031 2443 1083 2494 qua
1095 2426 1127 2476 de
1137 2442 1216 2475 cuusu
1229 2422 1358 2489 Vergilius

869 2517 990 2568 vocativo
1013 2532 1073 2565 casu
1097 2513 1198 2565 numeri
1217 2512 1357 2578 singularis

867 2636 881 2644 -
900 2623 971 2657 socer
998 2623 1067 2656 artnu
1088 2605 1199 2656 Latinus
1224 2599 1321 2653 habeto
1347 2629 1359 2640 ·

869 2688 1071 2762 pronuntiurit?
1091 2690 1139 2741 Sed
1154 2688 1281 2759 quonium
1296 2689 1360 2739 haec

871 2785 938 2837 ratio
957 2794 1095 2835 nutrorum
1108 2793 1167 2836 est.
1192 2790 1219 2831 et
1238 2779 1297 2830 ideo
1310 2777 1360 2828 hue

872 2892 1023 2928 monemus,
1046 2871 1118 2940 quod
1146 2868 1195 2921 huc
1222 2867 1248 2917 in
1271 2865 1360 2917 metris

871 2973 1039 3031 conpetenter
1068 2969 1182 3008 tractare
1210 2954 1359 3006 (iubeamus-

872 3051 947 3101 Nuuc
968 3049 994 3100 iu
1014 3049 1063 3098 huc
1083 3043 1258 3116 suprascripta
1278 3041 1361 3094 torma

871 3137 971 3201 terreris
991 3135 1147 3189 masculini,
1164 3150 1217 3201 qua
1244 3129 1360 3180 diximus

871 3225 988 3276 ubiutivo
1007 3242 1068 3275 cusu
1093 3222 1192 3273 numeri
1220 3217 1360 3284 singularis

870 3314 975 3367 nomina
995 3334 1031 3365 ·o·
1058 3314 1145 3364 litte-ru
1166 3308 1299 3362 terminari
1313 3343 1319 3362 ,
1332 3318 1359 3359 et

871 3405 1032 3456 nominativo
1052 3420 1114 3454 casu
1136 3400 1233 3453 numeri
1247 3398 1358 3466 singulu-

869 3493 904 3543 ris
926 3509 976 3543 ·us·
1005 3492 1101 3542 litteris
1130 3500 1189 3557 post
1212 3503 1359 3539 consonan-

869 3591 920 3631 tem
932 3579 1036 3631 definiri
1048 3615 1053 3631 .
1069 3578 1117 3628 hoc
1127 3591 1257 3627 monemus
1269 3608 1275 3628 .
1286 3574 1358 3641 quod

868 3686 897 3718 en
918 3686 949 3718 eu
968 3668 1055 3735 plures
1074 3666 1131 3716 soni
1151 3662 1253 3734 possint
1280 3660 1359 3711 enhi-

868 3753 935 3804 beri.
958 3755 996 3804 De
1016 3752 1096 3803 forma
1115 3751 1215 3815 generis
1235 3748 1358 3800 masenii-

870 3841 914 3896 ni‚
934 3858 987 3908 qua
1013 3839 1128 3890 diximus
1161 3837 1279 3889 ablativo
1297 3854 1359 3888 casu

868 3929 972 3980 nomina
993 3946 1028 3979 ·o·
1048 3927 1139 3981 litters
1159 3925 1312 3981 terminari.
1332 3936 1360 3977 et

866 4019 1030 4072 nominativo
1051 4035 1114 4071 cusu
1134 4018 1234 4072 numeri
1246 4016 1359 4084 singula·
