3382 5206
388 651 459 701 210

362 754 440 808 -hos
462 769 551 808 onrnes
567 764 648 808 -et-
663 755 710 807 hos
729 754 856 806 omnis-.

357 838 435 894 Nunc
453 841 505 893 iam
523 840 573 894 hoc
595 857 747 896 monemus.
776 837 850 909 quod

357 928 412 981 sint
436 928 520 1000 aliqui
540 963 548 986 ,
570 920 619 997 dui
639 928 667 981 in
686 927 779 981 eodem
802 944 849 978 su·

356 1016 479 1089 predicto
491 1034 551 1071 casu
563 1017 613 1070 hoc
627 1028 794 1087 praeceptum
804 1012 852 1067 ob·

358 1106 517 1160 serrandum
546 1123 604 1159 esse
632 1114 794 1159 senserunt,
824 1101 851 1153 id

357 1206 400 1248 cst
425 1207 456 1249 ut
479 1194 587 1265 quando
613 1193 748 1261 genetivus
776 1207 851 1247 casus

358 1281 461 1334 numeri
478 1282 590 1352 pluralis
610 1298 673 1331 um·
694 1279 791 1332 litteris
810 1296 852 1330 en·

358 1382 578 1426 tnoonsonnntem
592 1369 774 1424 concluditur.
789 1379 853 1420 tunc

359 1458 528 1512 accusativus
553 1475 629 1511 cesus
648 1455 751 1509 numeri
770 1457 855 1525 plura·

357 1544 392 1598 lis
412 1562 460 1598 ·es·
474 1544 572 1598 litteris
591 1543 750 1598 deliniatur.
762 1554 793 1595 ut
808 1561 853 1612 pu·

338 1689 349 1704 ,
360 1644 390 1687 ta
400 1662 413 1674 -
425 1633 517 1687 horum
538 1633 686 1703 parietum,
706 1632 753 1684 lros
770 1632 853 1701 parie-

360 1731 411 1774 tes·
431 1747 447 1760 ·
459 1719 495 1774 At
517 1738 578 1774 vero
601 1729 666 1772 tunc
684 1717 851 1769 accusativus

357 1827 434 1863 casus
448 1809 551 1863 numeri
568 1809 678 1882 pluralis
694 1808 738 1860 ·is·
754 1806 851 1860 litteris

357 1898 545 1954 concludatur.
563 1897 684 1965 quando
712 1895 848 1963 genetivus

360 2001 437 2037 casus
463 1983 564 2037 numeri
583 1983 693 2055 pluralis
712 1983 788 2033 dum·
806 1982 850 2035 lit·

363 2071 427 2124 teris
453 2071 595 2126 definitur.
628 2080 659 2123 ut
689 2079 784 2140 puta·
801 2068 850 2123 lros

275 2229 278 2232 y
358 2161 422 2213 tulis
446 2187 462 2200 -
492 2158 618 2229 quonlam
641 2185 657 2198 ·
685 2157 778 2210 horum
807 2168 850 2208 ta-

362 2249 429 2301 lium
446 2274 463 2288 ·
481 2246 566 2300 lacere
584 2247 786 2299 demonstratur.
802 2245 853 2297 S'ed

360 2337 411 2390 hoc
438 2352 590 2393 monemus,
616 2336 689 2405 quod
711 2335 760 2387 hoc
779 2350 853 2404 prae·

360 2437 465 2496 ceptum
482 2424 603 2496 imperite
618 2423 710 2476 datum
726 2440 782 2475 esso
794 2440 850 2492 rep·

357 2516 477 2588 periatur
504 2549 511 2569 .
544 2512 764 2583 quandoquidem
797 2511 857 2563 sint

359 2605 489 2661 nomina.
511 2621 580 2674 quoe
597 2604 722 2670 genetivo
731 2619 792 2653 casu
804 2619 857 2652 nu-

359 2694 423 2746 meri
440 2693 549 2763 pluralis
568 2693 645 2743 dum·
673 2690 771 2743 litteus
791 2688 856 2739 deli-

357 2782 488 2837 niuntur.
508 2789 535 2832 et
546 2777 700 2831 accusativo
720 2792 783 2828 casu
805 2793 854 2825 nu·

358 2871 423 2922 rneri
440 2869 547 2940 pluralis
562 2886 609 2920 ·es·
625 2865 724 2918 litteris
745 2863 854 2917 conclu-

358 2960 511 3013 tentonus
520 2965 587 3025 puta
600 2983 612 2994 ·
625 2953 719 3004 harum
728 2949 856 3002 nubium·

357 3044 583 3113 numquidnam·
601 3042 649 3094 hes
672 3039 779 3094 nubis.
809 3037 856 3090 sed

359 3133 408 3186 has
419 3131 503 3184 nubes
514 3160 530 3173 ·
543 3130 627 3182 lacere
645 3125 843 3197 pronuntiatur.

398 3223 462 3273 ltern
470 3230 533 3272 sunt
545 3217 651 3269 nomina
660 3251 667 3272 ‚
677 3231 747 3282 quae
758 3212 856 3280 geneti-

360 3329 394 3362 vo
407 3327 467 3361 casu
483 3307 583 3360 numeri
595 3303 705 3374 pluralis
715 3321 779 3353 ·urn·
799 3301 854 3353 litt·

360 3399 414 3451 eris
425 3408 486 3449 ante
496 3403 682 3447 consonantem
694 3389 853 3442 concludun·

360 3499 420 3542 tur.
448 3494 475 3537 et
492 3481 644 3534 accusativo
666 3496 728 3530 casu
751 3477 852 3528 numeri

360 3571 470 3643 pluralis
486 3569 529 3621 ·is·
547 3567 632 3619 literis
646 3564 853 3618 concludantur,

360 3668 391 3711 ut
400 3668 464 3728 puta
473 3687 479 3695 ·
487 3656 579 3707 horum
590 3664 727 3723 parentum
737 3681 742 3688 ·
752 3650 798 3702 lios
810 3669 853 3719 pu·

362 3743 454 3795 tentis:
466 3760 518 3810 qno
529 3760 593 3793 sono
602 3739 742 3792 Sallustius
750 3766 764 3776 -
773 3755 818 3807 per
826 3736 854 3787 li·

360 3830 527 3897 lieroratque
547 3825 663 3897 parentis
672 3836 784 3880 vestros,
804 3824 854 3876 sci·

359 3901 852 3986 vitcssepronuntiandum.ltenrsunt

360 4007 468 4060 nomina
477 4020 547 4074 quae
556 4003 677 4070 genetivo
686 4019 748 4054 casu
759 4020 854 4054 trume-

361 4096 384 4148 ri
404 4091 513 4165 pluralis
533 4091 608 4145 dum·
622 4090 719 4147 litteris
731 4090 856 4148 deti-aius

625 639 882 749 ortuntrtpus
908 647 1119 703 vsrrctnus

912 765 973 813 tur,
991 767 1018 810 et
1038 760 1190 812 accusativo
1207 775 1270 811 casu
1295 761 1399 812 numeri

900 846 1009 917 pluralis
1028 858 1056 900 et
1071 865 1119 900 ·es·
1132 857 1159 900 et
1173 846 1322 916 ·is·litteris
1340 864 1399 901 con·

902 935 1060 993 eludantur,
1080 947 1111 988 ut
1130 935 1322 1007 pote-horum
1347 953 1397 1006 po-

902 1025 982 1079 stium
991 1057 1003 1067 -
1018 1027 1066 1080 hos
1085 1038 1170 1096 postes
1181 1058 1197 1072 -
1209 1061 1216 1082 .
1230 1036 1281 1079 et·
1291 1025 1339 1079 hos
1354 1044 1399 1096 po-

903 1112 952 1164 stis
970 1133 1001 1164 -:
1022 1131 1076 1183 qua
1104 1116 1207 1166 ratione
1226 1112 1398 1183 praecipuum

904 1198 980 1253 Maro
1000 1201 1103 1253 eosdem
1121 1211 1208 1269 postes
1226 1218 1259 1253 ex
1285 1210 1400 1266 utroque

905 1303 971 1339 sono
994 1289 1179 1357 pronuntiavit
1211 1288 1400 1358 amplexaeque

907 1385 998 1428 tenent
1017 1387 1143 1446 postes-r
1165 1375 1398 1445 item-postisque

907 1460 958 1512 sub
990 1461 1059 1533 ipsos
1083 1461 1207 1514 nituntur
1225 1461 1399 1528 gradibus-.

906 1549 994 1617 Quare
1025 1550 1206 1620 supradictum
1229 1560 1398 1619 praeceptum

906 1646 1001 1688 terrere
1011 1637 1140 1689 traditum
1151 1654 1207 1689 esse
1217 1635 1397 1702 cognoscitur3

904 1735 931 1777 et
950 1724 1009 1777 idco
1027 1742 1074 1777 nos
1087 1724 1137 1777 hoc
1151 1728 1305 1782 monemus,
1324 1723 1399 1793 quod

902 1810 970 1864 haec
984 1810 1012 1862 in
1032 1811 1103 1864 sonis
1120 1821 1289 1882 conpetenter
1304 1814 1398 1862 tracta·

903 1911 931 1947 re
948 1892 1097 1947 debeamus.
1110 1896 1176 1948 ltenr
1196 1895 1223 1948 in
1242 1894 1284 1947 his
1303 1911 1399 1963 supra-

904 1982 985 2035 dictis
1003 1981 1141 2050 generibus
1159 1993 1223 2035 sunt
1242 1981 1333 2052 aliquo
1351 2002 1399 2036 no·

901 2074 973 2125 urina
988 2106 996 2127 ‚
1015 2088 1083 2139 qnae
1102 2069 1220 2125 ablativo
1233 2089 1295 2123 casu
1310 2089 1397 2123 nume·

903 2160 926 2211 ri
944 2157 1086 2223 singularis
1107 2158 1133 2210 in
1144 2177 1197 2211 uno
1208 2156 1335 2211 vocabulo
1349 2177 1398 2211 suo

903 2245 1006 2300 duobus
1020 2246 1062 2298 liis
1073 2245 1145 2298 sonis
1160 2247 1344 2316 repperiantur
1355 2246 1399 2299 de·

905 2339 999 2394 filori,
1020 2337 1048 2390 id
1065 2348 1106 2389 est
1123 2354 1156 2388 ·e·
1175 2349 1202 2390 et
1226 2338 1255 2387 ·i·
1272 2373 1280 2394 ‚
1298 2349 1328 2390 ut
1347 2356 1399 2408 pu-

905 2441 933 2483 ta
953 2457 963 2468 -
983 2427 1084 2482 abhoc
1104 2429 1225 2494 igne-et
1246 2428 1310 2495 igni.

944 2517 1021 2569 Nunc
1035 2515 1085 2567 lroc
1098 2532 1250 2570 monemus.
1265 2513 1337 2584 quod
1347 2515 1402 2567 sint

911 2603 995 2671 aliqui
1008 2602 1073 2671 ‚qui
1088 2601 1150 2652 huic
1164 2602 1237 2652 casui
1257 2601 1306 2655 hoe
1324 2619 1402 2673 prae-

910 2705 1014 2763 ceptum
1034 2699 1155 2741 statuere
1172 2688 1312 2740 voluerunt
1327 2723 1335 2744 ‚
1353 2687 1405 2740 lroc

910 2793 950 2836 cst
978 2791 1009 2833 nt
1024 2791 1088 2831 tunc
1107 2776 1151 2827 hio
1163 2776 1296 2829 ablativus
1308 2793 1402 2834 casus,

910 2866 1013 2922 numeri
1023 2862 1272 2930 scilieotsingularis
1284 2862 1314 2913 ·i·
1329 2863 1403 2914 litte-

909 2975 938 3010 rn
964 2955 1137 3008 terminetur.
1162 2949 1271 3020 quando
1290 2948 1402 3001 nomini-

911 3043 962 3095 hus
973 3039 1074 3109 generis
1087 3037 1190 3092 neutri.
1205 3054 1275 3105 quae
1289 3054 1304 3086 a
1320 3034 1402 3087 norni-

912 3132 1004 3183 nativo
1019 3146 1080 3180 cnsu
1100 3124 1202 3179 numeri
1223 3123 1333 3194 pluralis
1353 3140 1403 3175 oa·

908 3218 1006 3271 litteris
1021 3215 1184 3268 deliniuntur
1195 3248 1201 3269 ‚
1212 3212 1301 3265 venire
1312 3226 1404 3280 reppe-

911 3306 1032 3357 riuntur.
1045 3313 1075 3354 ut
1085 3313 1168 3372 lauta,
1189 3299 1254 3350 haec
1263 3296 1404 3353 lucilia-ab

906 3393 955 3445 ltoc
967 3391 1040 3442 lucili
1050 3419 1059 3429 ·
1069 3391 1120 3441 ‚Ar
1130 3407 1189 3440 vero
1200 3386 1308 3454 quando
1320 3384 1353 3435 ab
1368 3385 1402 3435 ll-

907 3482 940 3533 lis
953 3479 1120 3532 nominibus,
1140 3492 1209 3544 quiae
1226 3470 1400 3542 insuprudic-

909 3577 936 3617 to
950 3582 1044 3630 uerrere
1055 3561 1291 3613 nominativocasu
1304 3555 1404 3607 numeri

908 3651 1019 3722 pluralis
1033 3669 1067 3700 ·u·
1081 3650 1170 3700 littera
1182 3656 1240 3717 post
1259 3659 1406 3694 consonan-

907 3754 959 3793 teru
981 3737 1195 3793 concluduntur.
1215 3734 1305 3789 venire
1322 3733 1404 3784 intel-

906 3828 1049 3894 leguntur,
1070 3837 1133 3879 tune
1153 3841 1186 3875 ·e·
1208 3823 1298 3874 littera
1316 3818 1407 3872 termi-

906 3929 1003 3971 nentur
1018 3954 1025 3974 ‚
1036 3927 1067 3968 ut
1077 3927 1143 3986 puta
1153 3943 1162 3954 ·
1171 3913 1236 3965 haee
1246 3909 1362 3965 robora·
1370 3910 1405 3963 alr

906 4006 956 4059 hoc
966 4003 1065 4057 robore·
1076 4031 1090 4044 ·
1109 4001 1159 4054 Sed
1171 4001 1221 4053 hoo
1236 4009 1404 4070 praeceptum

907 4110 960 4153 non
978 4102 1048 4146 recte
1060 4091 1185 4145 statuisse
1202 4097 1405 4160 repperiuntur.
