3382 5206
550 587 793 652 Quassrrosas
821 584 1139 637 osannsrtosars.
1260 564 1325 657 34¹

220 698 224 709 ’
327 701 410 765 sicut
427 715 458 764 et
478 701 646 768 nanciscor
669 716 799 768 nactust
820 702 943 768 dissero
968 725 1101 792 quoqne
1122 700 1231 791 perdit
1256 698 1299 772 s.
1323 702 1358 767 in

298 840 304 853 ·
326 810 504 896 praeterito
522 810 670 901 disertus.
689 813 840 879 Horatius
853 814 876 850 “
892 808 1021 878 secundi
1041 808 1158 880 calices
1174 836 1275 902 quem
1290 836 1355 878 non

329 914 435 985 secere
451 917 608 986 disertum
622 968 653 1005 „.
662 917 758 1006 Quod
772 944 789 983 a
807 917 886 985 cedo
898 921 941 984 ita
951 918 1114 987 scribatur
1127 920 1358 1009 praeteritum,

329 1027 495 1119 quomodo
516 1048 547 1098 et
568 1031 684 1098 acado
703 1080 714 1116 ,
730 1029 881 1097 videlicet
901 1029 1033 1113 cecidi,
1059 1047 1173 1098 auctor
1198 1047 1246 1097 est
1270 1032 1354 1099 Pris-

330 1141 466 1226 cianus,
493 1145 550 1234 qui
576 1144 670 1212 docet
684 1141 772 1235 quod
795 1144 903 1210 omnia
925 1144 1026 1212 verba
1042 1168 1127 1234 quae
1148 1162 1298 1213 crescunt
1322 1147 1358 1211 in

330 1253 540 1341 praeteritis,
560 1276 692 1342 semper
706 1266 856 1342 repetunt
877 1276 943 1320 non
962 1251 1065 1318 solum
1080 1255 1222 1341 primam
1242 1276 1357 1321 conso·

332 1380 464 1429 nantem
480 1410 491 1445 ,
507 1360 565 1429 sed
585 1362 682 1430 etiam
702 1363 843 1452 primam
863 1362 1009 1429 vocalem
1032 1364 1158 1453 primae
1178 1360 1338 1454 syllabae.

408 1472 457 1537 13.
476 1468 628 1538 Tandem
643 1469 817 1537 dicendum
833 1470 987 1563 estquod
1003 1471 1137 1539 vitando
1156 1469 1300 1541 cavenda
1315 1489 1363 1538 est

335 1575 462 1647 collisio
484 1604 568 1673 quae
597 1580 678 1649 solet
703 1581 776 1649 lieri
803 1581 856 1647 vel
882 1582 1153 1671 pronunciatione
1172 1580 1222 1648 vel
1240 1582 1363 1671 scripto

306 1746 311 1755 .
340 1707 376 1756 ut
390 1714 430 1757 re
442 1688 509 1781 (t).
522 1741 531 1759 .
545 1742 554 1760 .
566 1708 579 1758 t
592 1715 665 1777 rex,
680 1716 741 1781 pro
755 1715 792 1758 eo
808 1691 898 1782 qnod
913 1709 963 1760 est
979 1695 1067 1761 venit
1082 1694 1262 1782 praesentis
1277 1708 1364 1759 tem-

337 1803 426 1888 poris
449 1819 514 1870 tam
536 1803 571 1871 in
593 1805 700 1892 prima
729 1828 827 1896 quarn
852 1806 888 1871 in
911 1801 1052 1872 secunda
1079 1801 1208 1896 syllaba
1230 1818 1365 1894 praetc-

340 1910 417 1994 riti,
436 1912 496 1977 nisi
518 1909 575 1977 ills
589 1913 695 2001 prima
718 1910 838 1980 vocalis
855 1914 1035 2001 praesentis
1054 1913 1211 2002 temporis
1233 1913 1275 1979 sit
1293 1908 1367 1992 ·A·‚

339 2036 375 2085 ut
403 2019 502 2088 tendo
527 2020 680 2105 tetendi,
704 2043 802 2111 posco
825 2022 955 2112 poposci
978 2072 989 2107 ,
1010 2018 1113 2089 tundo
1133 2017 1293 2111 tutandi,
1316 2043 1367 2084 ex-

339 2131 438 2217 ceptis
464 2128 552 2219 pello
571 2129 709 2219 pepuli,
731 2129 876 2220 spondeo
902 2129 1086 2222 spopondi:
1109 2152 1187 2194 nam
1211 2130 1237 2195 si
1258 2127 1368 2193 litters

339 2239 391 2307 ·A·
407 2243 449 2307 sit
468 2243 503 2306 in
525 2243 711 2332 praesenti,
732 2265 862 2332 semper
874 2243 979 2331 prima
997 2239 1125 2332 syllaba
1144 2237 1312 2333 praeteriti
1332 2237 1368 2301 in

340 2350 391 2416 di·
406 2348 522 2416 desinit
533 2373 543 2428 ς
555 2349 696 2417 secunda
709 2375 786 2419 vcro
800 2349 897 2417 modo
917 2352 952 2416 in
969 2352 1020 2417 tt·
1036 2348 1254 2439 productam,
1269 2345 1368 2416 modo

342 2459 373 2524 in
388 2458 425 2524 ·l·
440 2477 644 2551 correptam,
668 2478 705 2527 ut
726 2458 803 2527 fallo
825 2459 951 2545 fefelli,
973 2484 1072 2550 parco
1093 2461 1255 2553 peperci,
1273 2475 1370 2548 tango

343 2571 458 2661 tetigi,
481 2594 563 2637 cano
582 2572 696 2639 cecini.
719 2572 905 2641 Secundum
928 2571 1111 2665 analogiam
1142 2569 1225 2638 cedo
1256 2566 1371 2637 cecedi

343 2678 448 2747 lacere
472 2678 613 2764 debuit,
631 2679 689 2747 sed
709 2683 869 2750 maiorum
890 2685 1083 2748 anctoritate
1102 2698 1230 2747 tanturn
1250 2674 1373 2767 penul-

344 2790 421 2852 tima
432 2786 654 2877 diphthongus
668 2790 853 2855 mutatoria
864 2788 1058 2879 productam
1068 2788 1116 2872 ·l·,
1126 2783 1372 2874 manenteprio-

345 2921 380 2964 re
403 2897 529 2990 syllaba
554 2914 731 2986 correpta,
757 2923 839 2989 qnae
866 2901 1072 2982 antecrevit,
1098 2901 1183 2964 sicut
1206 2893 1373 2963 inomni-

346 3006 406 3071 bns
422 3004 580 3073 eiusmodi
602 3009 809 3095 praeteritis;
836 3008 877 3076 de
902 3008 1022 3100 quibus
1046 3008 1078 3072 in
1104 3029 1277 3073 commune
1296 3025 1375 3091 spe-

348 3111 527 3179 culandum
543 3131 608 3197 est,
622 3114 712 3207 qnod
727 3118 752 3183 si
766 3136 1004 3207 componantur
1020 3141 1078 3207 pro
1097 3115 1262 3182 voluntate
1276 3112 1376 3199 scrip

348 3241 453 3288 torum
465 3272 475 3304 ,
487 3224 701 3291 inveniuntur
716 3226 1121 3314 eademfantecresccntem
1136 3221 1297 3315 syllabam
1311 3242 1375 3288 ser-

351 3356 427 3397 vare
445 3331 496 3398 rcl
523 3333 679 3422 perderez
705 3362 762 3404 nos
785 3355 895 3406 tamen
911 3337 993 3431 quid
1017 3335 1116 3425 magis
1136 3336 1170 3397 in
1188 3357 1244 3397 usu
1262 3331 1303 3395 sit
1323 3328 1377 3394 de·

349 3442 462 3505 bemns
478 3443 675 3531 perspicere.
700 3447 852 3515 Horatius
875 3452 897 3488 “
921 3465 1097 3538 spectatum
1114 3445 1164 3533 (a)
1182 3443 1304 3509 riseritis
1323 3440 1376 3509 di·

350 3575 421 3615 ram
451 3551 507 3639 qni
530 3554 677 3620 contudit
704 3556 855 3648 hydram.
881 3610 904 3643 „

440 3833 486 3898 (r)
507 3830 595 3883 Verba
616 3833 718 3902 aliquot
739 3835 873 3905 perierunt
893 3846 998 3905 proptor
1019 3829 1145 3883 abscisam
1165 3826 1264 3881 codicis
1285 3842 1367 3876 mem·

367 3927 485 3978 lasanum.

440 4025 485 4088 (a)
505 4023 570 4075 cod.
591 4038 738 4093 speratum.
