3382 5206
522 579 587 667 ⁵⁰4
793 606 819 653 s.
845 603 1025 655 unarum
1051 607 1223 657 raotooos

496 700 678 771 terebrum
700 719 970 796 contempserunt
991 704 1160 790 edulium,
1183 725 1213 773 et
1235 722 1373 799 propter
1392 709 1537 781 divina·

493 827 568 872 rum
592 804 702 896 legum
732 809 944 877 caerimonias
974 811 1122 901 ritusque
1151 828 1306 901 paternae
1334 812 1533 885 traditionis

491 935 626 1001 spurcas
650 911 857 981 ethnicorum
880 911 1048 997 culturas,
1067 931 1100 982 et
1121 916 1276 1006 profanae
1290 918 1400 1008 gentis
1417 917 1530 987 idolo·

494 1017 588 1111 tbyta
612 1019 848 1110 repudiarunt,
870 1044 937 1089 non
959 1021 1123 1090 immerito
1146 1021 1367 1113 septiformem
1383 1027 1528 1095 uniret·-

493 1124 570 1194 salis
591 1124 747 1195 ecclesiae
769 1129 910 1218 speciem
941 1127 1174 1221 praefigurasse
1205 1147 1396 1198 noscuntur.
1429 1131 1526 1219 Quid

493 1233 594 1300 etiam
616 1232 672 1299 illa
696 1235 913 1324 proverbialis
934 1232 1028 1319 aula,
1049 1237 1143 1303 cuius
1163 1237 1341 1304 architecta
1358 1255 1392 1305 et
1405 1233 1524 1329 opifex

492 1342 668 1431 sapientias
687 1340 861 1412 Salomone
882 1359 1075 1428 attestante,
1089 1342 1208 1435 legitur
1229 1345 1386 1428 extitisse,
1407 1368 1526 1413 nonne

491 1447 652 1536 septenis·
666 1445 895 1514 columnarum
926 1446 1122 1515 fulcimentis
1155 1448 1262 1516 innixa
1293 1464 1524 1532 sustentatur,

493 1573 569 1617 cum
593 1551 752 1639 infertur,
774 1554 931 1643 sapientia
957 1552 1139 1622 aedificarit
1161 1555 1227 1621 sibi
1250 1552 1404 1639 domum,
1426 1554 1524 1622 erci-

493 1655 543 1725 tlit
557 1658 727 1730 columnas
737 1659 887 1752 reptem?
903 1662 1060 1730 Cortinae
1072 1685 1204 1754 quoque
1218 1659 1423 1729 tabernaculi
1434 1665 1523 1752 pur-

491 1767 602 1854 pureis
624 1769 702 1834 ostri
726 1784 759 1835 et
781 1770 874 1837 cocci
890 1768 1057 1837 coloribus
1081 1768 1275 1849 fricatae,et
1297 1768 1434 1836 diversis
1458 1791 1524 1834 an·

490 1869 637 1938 aularum
653 1874 790 1942 nexibus
811 1872 963 1960 adiutae,
977 1899 1086 1942 nonne
1105 1873 1344 1965 quadriplicato
1363 1889 1521 1964 septenus

483 1981 726 2071 'supputationis
739 1978 888 2065 calculo,
902 1980 967 2048 hoc
980 1999 1027 2050 est
1043 1980 1213 2050 -xxvtlt
1229 1981 1368 2063 cubitis,
1390 1981 1428 2045 iu
1441 1977 1521 2045 lon·

491 2109 570 2176 gum
594 2083 862 2175 protenduntur?
887 2088 982 2174 Quod
1007 2105 1114 2157 antem
1136 2086 1336 2176 septenarius
1357 2107 1522 2153 uumerus

490 2213 739 2283 nonnumquam
761 2194 894 2282 spiritur
916 2191 1071 2282 paracleti
1099 2194 1238 2282 gratim
1266 2189 1522 2280 praefigurare·

489 2299 561 2380 rit,
583 2300 750 2368 interdum
774 2323 852 2395 reru
865 2301 996 2390 priscae
1019 2298 1097 2393 legis
1116 2299 1290 2392 imaginem
1305 2294 1524 2388 praetulerit,

345 2446 351 2458 ·
486 2426 580 2470 uera
602 2407 798 2473 arictoritate
820 2404 1022 2482 edocemur-3
1047 2423 1081 2471 ut
1104 2402 1281 2486 est-illud,
1312 2401 1353 2467 da
1384 2418 1520 2491 partam

489 2505 541 2573 bis
565 2511 622 2598 qui
646 2526 769 2598 reptem
790 2527 874 2577 aunt.
898 2507 963 2577 Sed
989 2525 1021 2578 et
1045 2507 1134 2576 idem
1149 2505 1397 2576 tabernaculum
1415 2503 1521 2572 Elea·

487 2635 545 2678 aar
567 2615 684 2680 sommi
708 2613 912 2705 pontificatus
935 2610 1039 2679 infula
1064 2612 1230 2703 praeditur
1257 2612 1374 2701 septies
1402 2632 1520 2698 aspra*
1601 2668 1606 2674 .

486 2719 563 2785 sisse
586 2717 706 2808 legitur
737 2718 780 2786 de
812 2720 969 2812 sanguine
1003 2718 1144 2786 buculae
1176 2717 1265 2785 rufae
1296 2719 1381 2783 iurta
1412 2718 1520 2783 ritum

490 2824 764 2895 caerimoniarum
788 2826 823 2890 in
848 2825 1072 2893 holocaustum
1099 2839 1338 2903 concrematae,
1353 2821 1448 2886 cuins
1469 2822 1523 2887 ei·

491 2928 578 2994 neris
600 2925 758 3019 reliquias
781 2928 823 2993 ad
847 2930 1063 3019 expiationem
1088 2926 1275 2994 israhelitici
1300 2922 1412 3015 populi
1435 2947 1520 3012 prn-

491 3029 591 3101 licere
626 3056 770 3123 superna
800 3035 1044 3124 spoponderant
1074 3033 1219 3100 oracula.
1255 3031 1521 3101 Gloriosiasimns

490 3137 589 3202 etiam
612 3162 744 3231 regum,
769 3142 826 3232 qui
850 3159 926 3208 ante
949 3164 1048 3232 quam
1072 3141 1198 3228 primae
1221 3139 1400 3205 nativitatis
1414 3159 1521 3201 cuna-
1545 3149 1560 3174 ·

488 3237 568 3306 bula
591 3261 828 3332 cognosceret,
855 3248 924 3334 ipso
948 3247 1072 3336 proprii
1092 3246 1233 3312 nominis
1263 3237 1421 3309 vocabulo
1445 3243 1522 3329 piae

487 3347 654 3439 praesagia
678 3350 766 3435 pacis
793 3375 858 3417 nou
883 3351 1047 3418 immerito
1069 3346 1248 3439 figuraliter
1271 3343 1443 3436 gestabat,
1465 3368 1522 3412 so·

486 3446 629 3518 lemnem
658 3454 788 3521 delubri
815 3454 1026 3524 festivitatem
1049 3479 1125 3521 cum
1149 3454 1242 3522 omni
1266 3449 1451 3539 frequentia
1474 3449 1520 3515 ii-

486 3551 609 3624 liorum
627 3556 751 3627 Israhel
776 3561 818 3626 ab
839 3560 975 3626 introitu
999 3558 1119 3626 Ematb
1142 3583 1244 3649 usque
1265 3554 1307 3621 ad
1333 3570 1519 3622 torrentem

487 3658 651 3756 Aegypti,
679 3664 766 3735 unde
793 3667 1002 3756 memphitica
1027 3689 1126 3756 regna
1151 3680 1314 3753 soeptrnm
1339 3657 1519 3748 imperiale

487 3769 695 3857 gubernant,
720 3790 844 3863 septem
861 3773 990 3840 -diebns
1021 3771 1213 3838 catervatim
1238 3765 1419 3835 celebrasse
1434 3763 1519 3849 ,tla-

487 3876 664 3962 acribitur,
686 3881 771 3946 iusta
792 3880 880 3972 quud
899 3879 1081 3946 testamenti
1103 3876 1219 3944 veteris
1240 3872 1350 3939 brasis
1368 3871 1521 3973 epitoma

483 3976 549 4048 boc
567 3999 614 4049 est
639 3982 909 4073 paralipomenon
934 3999 1083 4049 testatur.
1109 4034 1115 4043 .

508 4148 525 4172 ,,
568 4085 635 4158 sud
660 4092 838 4184 aspriscae
858 4088 939 4182 legis
961 4106 1088 4157 tantum
1100 4082 1240 4158 formula
1253 4100 1344 4168 utar,
1365 4099 1401 4151 et
1415 4103 1529 4171 prae,
