3382 5206
334 577 404 653 350

373 711 440 786 DE
462 710 668 788 DUABUS
697 709 912 786 PAPYRlS
933 709 1275 789 AEGYPTIACIS

596 842 795 922 GRAECE
817 841 1058 921 SCRIPTIS.

322 1112 512 1227 vaticanam
534 1179 628 1232 praeco
653 1179 770 1218 marona
795 1162 921 1233 scriptam
941 1179 1072 1232 papyrum
1095 1162 1269 1232 praecedente
1294 1164 1324 1217 in

319 1254 453 1311 volumine
469 1252 565 1309 elisit
591 1269 662 1307 nunc
680 1263 768 1305 autem
788 1251 855 1304 duas
880 1250 947 1304 alias
971 1249 1115 1305 lectoribus
1141 1251 1206 1305 meis
1228 1251 1324 1305 lubens

318 1320 432 1396 cllilcio.
449 1356 516 1409 quas
536 1349 567 1392 ut
585 1338 693 1410 publica
712 1338 770 1390 luce
788 1336 925 1407 impertiar
944 1336 1068 1391 concedit
1085 1337 1153 1391 milri
1173 1337 1248 1393 tte
1265 1339 1321 1391 De-

323 1421 432 1482 metrius
451 1424 699 1498 Papandriopulus,
726 1425 802 1478 cuius
825 1423 932 1478 erudita
958 1424 1092 1479 industria
1115 1442 1147 1476 ac
1169 1425 1264 1479 aserito
1287 1443 1324 1482 ex

320 1515 441 1585 Aegypto
459 1511 566 1565 Romam
584 1527 644 1562 cum
663 1509 724 1562 aliis
744 1507 865 1580 plurimis
885 1507 1031 1580 priscorum
1060 1519 1205 1579 temporum
1227 1528 1321 1563 mouu-

318 1602 418 1657 neatis
434 1600 540 1655 adlatae
557 1596 673 1652 munuc
692 1595 780 1666 Atque
797 1596 863 1649 haec
882 1596 948 1649 milti
972 1596 1057 1652 editio
1081 1597 1252 1664 singulariter
1277 1597 1324 1650 iu-

323 1690 411 1745 cuuala
424 1686 541 1744 accidit.
554 1685 619 1757 quia
632 1697 688 1739 tum
699 1684 836 1737 vaticanae
853 1695 910 1738 tum
924 1683 1036 1736 duarum
1054 1686 1147 1737 harum
1161 1703 1229 1737 unus
1242 1686 1324 1739 idem·

321 1797 373 1875 rpue
387 1787 478 1833 auctor
496 1787 556 1832 eat,
570 1772 735 1845 querelarum
753 1772 877 1826 videlicet
892 1773 964 1844 apud
974 1774 1085 1827 eundem
1100 1792 1184 1843 regem
1202 1774 1324 1838 delatam

322 1878 379 1939 'quo
389 1869 419 1922 ut
427 1876 459 1921 ut
471 1864 611 1920 vaticanae
624 1863 717 1934 papyri
729 1862 878 1930 ambiguam
892 1863 1013 1933 apicibus
1026 1863 1171 1919 nraibusve
1184 1865 1324 1918 lectionem

323 1955 464 2014 llwrciau.
479 1967 549 2004 nunc
567 1949 705 2005 verissime
718 1950 847 2017 corrigam
864 1948 999 2007 Γλαυκίου·
1016 1950 1143 2020 insuper.
1158 1969 1240 2021 quum
1255 1951 1326 2004 duae

324 2058 408 2096 norae
433 2034 528 2111 papyri
552 2033 588 2088 ad
607 2033 783 2088 Ptolemaeum
806 2035 1003 2106 philometorem
1022 2035 1183 2094 mittantur.
1202 2035 1325 2105 sequitur

327 2140 357 2180 ut
377 2124 499 2179 vaticana
512 2136 620 2191 quoque
631 2136 748 2191 papyrus
770 2119 803 2171 ad
825 2119 941 2174 eiusdem
954 2119 1034 2186 regis.
1050 2119 1078 2172 rd
1090 2132 1131 2173 cst
1142 2120 1175 2172 ad
1186 2121 1257 2173 sexti
1271 2139 1325 2173 non

325 2216 359 2268 ad
389 2210 453 2266 noui
472 2206 631 2264 Ptolemaei.
651 2216 763 2258 aetatem
778 2208 918 2278 pertineat·
941 2208 1072 2262 Vaticana
1096 2209 1179 2276 igitur
1207 2226 1325 2279 papyrus

327 2323 396 2357 anno
414 2295 597 2355 Philometorls
613 2294 677 2347 xlx
690 2307 769 2353 ,aute
788 2297 922 2351 Christum
941 2297 1069 2354 casin.
1082 2299 1180 2369 scripta
1194 2294 1264 2351 luit:
1279 2315 1324 2348 arr-

328 2397 382 2449 tica
400 2403 488 2443 autem
506 2385 713 2460 Papaudriopuli
727 2399 842 2456 papprus
858 2404 927 2439 arrno
946 2385 1131 2440 Philometoris
1150 2386 1237 2439 xxV.
1249 2386 1259 2456 (
1269 2403 1324 2455 quo

326 2498 394 2533 anno
414 2477 541 2549 posticam
559 2490 666 2544 quoque
682 2473 808 2542 scriptam
828 2475 960 2543 apparet)
980 2483 1042 2525 anta
1061 2472 1196 2525 Christum
1215 2473 1324 2525 CLVll.

326 2573 394 2638 Ergo
412 2565 539 2620 seaeunio
566 2562 676 2617 invicem
696 2561 806 2614 distant·
828 2563 875 2614 Est
893 2561 977 2628 igitur
997 2561 1075 2614 trium
1096 2583 1110 2612 a
1135 2561 1325 2614 uenditarum

328 2657 441 2726 Aegypti
462 2667 621 2724 papyroruur
641 2667 864 2719 summa-prorsus
883 2650 1049 2718 antiquitas:
1071 2669 1128 2700 nani
1149 2667 1234 2719 neapuc
1261 2661 1325 2735 tau-

327 2747 457 2801 riucnses.
479 2758 561 2812 quum
577 2749 616 2792 tot
629 2753 735 2792 numero
747 2738 820 2794 sint.
841 2754 919 2806 supra
939 2737 1121 2790 philometoris
1142 2747 1259 2808 tempora
1279 2755 1324 2790 as-

326 2843 447 2899 surgunt.
466 2831 567 2882 Rursus
587 2824 652 2878 illud
670 2843 777 2895 quoque
796 2835 928 2877 auctorem
948 2842 1029 2877 unum
1048 2824 1195 2878 libellorum
1208 2842 1264 2879 csse
1282 2827 1325 2879 slo-

303 2931 472 2986 ‚nmustrat,
499 2915 571 2985 quod
590 2914 617 2965 in
636 2915 759 2968 vaticano
779 2914 817 2965 ait
844 2924 954 2969 auctor.
979 2913 1134 2966 decurrente
1157 2930 1227 2966 anuo
1250 2915 1325 2980 regni

328 3005 390 3059 xlx
403 3041 410 3062 .
423 3021 452 3057 se
470 3003 600 3054 decimum
621 3001 674 3052 iarn
692 3017 789 3051 anuum
811 2998 838 3050 iu
856 2999 979 3052 custodia
1000 2999 1089 3069 templi
1108 2999 1244 3066 exegisset
1263 3018 1325 3065 ergo

328 3095 351 3146 is
378 3109 448 3143 anuo
472 3087 655 3144 Philometoris
683 3088 818 3154 regnantia
837 3088 938 3141 decimo
957 3107 1051 3141 arunas
1082 3087 1147 3139 illud
1173 3088 1327 3160 auspicatus

323 3180 619 3232 {remuneratorem
638 3173 700 3227 novi
719 3172 801 3226 libelli
821 3187 915 3228 auctor
939 3175 996 3231 ait.
1020 3195 1047 3227 se
1067 3179 1093 3227 in
1119 3174 1210 3244 templi
1234 3185 1326 3228 custo-

327 3268 373 3320 rlia
402 3266 453 3318 iam
480 3264 543 3317 inde
565 3263 600 3319 sb
619 3281 687 3316 anuo
707 3262 779 3328 regui
799 3262 900 3315 decimo
918 3274 1041 3333 suscepta
1060 3264 1211 3334 perdurare·
1326 3323 1329 3327 ⁴

398 3358 514 3408 Duarum
535 3370 605 3423 quae
625 3370 695 3405 nunc
713 3355 856 3418 vulgantur
871 3370 1029 3422 papyrorum
1045 3363 1225 3417 argumentum
1243 3369 1326 3404 unum

323 3456 387 3502 est,
416 3442 511 3496 nulum
543 3441 702 3512 persimile.
726 3441 777 3494 etsi
802 3441 913 3493 diversis
937 3458 1016 3509 saepe
1044 3439 1131 3494 verbis
1150 3440 1324 3510 explicatum.

327 3536 415 3602 Quum
433 3540 520 3583 tutnau
541 3529 623 3582 multa
644 3528 670 3580 in
692 3539 806 3597 utraque
825 3529 919 3598 papyri
947 3528 1014 3579 lacie
1033 3527 1112 3579 verba
1131 3528 1224 3581 eadem
1247 3528 1323 3584 sint·

324 3620 503 3694 percommode
524 3618 588 3670 mibi
610 3617 728 3673 accidit.
748 3627 779 3670 ut
796 3617 896 3668 lacoras
912 3617 950 3669 vol
971 3616 1098 3669 evanidas
1117 3618 1146 3669 in
1160 3635 1213 3669 una
1227 3617 1325 3688 papyri

325 3708 426 3780 pagella
445 3707 548 3759 litteras
567 3705 607 3756 vel
627 3704 777 3759 dictiones,
796 3721 845 3772 ope
865 3703 978 3755 alterius
996 3703 1069 3754 lraud
1083 3720 1169 3771 aeque
1192 3703 1325 3756 evanialae

325 3797 444 3868 plagulae
463 3794 582 3864 supplere
602 3795 742 3862 potuerim.
760 3794 786 3845 Si
806 3810 860 3862 qua
870 3811 929 3845 vero
944 3794 1021 3844 scnrol
1037 3805 1083 3844 aut
1105 3794 1198 3845 iterum
1211 3790 1326 3843 arbitra·

326 3894 355 3935 tu
376 3900 433 3934 meo
454 3879 583 3949 explenda
603 3879 696 3931 lacuna
716 3878 786 3936 luit.
804 3897 860 3930 eam
884 3878 1078 3948 circumpositis
1097 3880 1172 3930 uncis
1195 3878 1324 3930 conclusi.

324 3972 404 4022 latmo
422 3969 467 4020 vir
487 3966 583 4019 dubito
596 3965 663 4036 quia
675 3965 778 4036 postica
799 3984 930 4036 papyrus.
950 3967 1015 4018 rude
1035 3984 1064 4017 ac
1084 3967 1251 4036 primitivum
1272 3968 1326 4033 (la

323 4064 450 4128 mitrata)
468 4057 596 4130 supplicis
615 4056 700 4112 libelli
719 4057 851 4130 exemplar
871 4050 915 4110 sit.
936 4057 966 4109 ld
986 4057 1052 4110 mihi
1071 4069 1141 4112 certe
1168 4057 1234 4110 satis
1259 4076 1326 4111 sua-
