<?xml version="1.0" encoding="UTF-8"?>
<!DOCTYPE html PUBLIC "-//W3C//DTD XHTML 1.0 Transitional//EN"
    "http://www.w3.org/TR/xhtml1/DTD/xhtml1-transitional.dtd">
<html xmlns="http://www.w3.org/1999/xhtml" xml:lang="en" lang="en">
 <head>
  <title>
</title>
<meta http-equiv="Content-Type" content="text/html;charset=utf-8" />
  <meta name='ocr-system' content='tesseract 3.04.00' />
  <meta name='ocr-capabilities' content='ocr_page ocr_carea ocr_par ocr_line ocrx_word'/>
</head>
<body>
  <div class='ocr_page' id='page_1' title='image "./classicorumauct00vatigoog_0215.png"; bbox 0 0 3382 5206; ppageno 0'>
   <div class='ocr_carea' id='block_1_1' title="bbox 716 613 972 665">
    <p class='ocr_par' dir='ltr' id='par_1_1' title="bbox 716 613 972 665">
     <span class='ocr_line' id='line_1_1' title="bbox 716 613 972 665; baseline 0.004 -1"><span class='ocrx_word' id='word_1_1' title='bbox 716 616 761 664; x_wconf 77' lang='grc' dir='ltr'><strong><em>Μ</em></strong></span> <span class='ocrx_word' id='word_1_2' title='bbox 791 613 972 665; x_wconf 60' lang='lat' dir='ltr'><strong>plantata.</strong></span> 
     </span>
    </p>
   </div>
   <div class='ocr_carea' id='block_1_2' title="bbox 326 718 815 869">
    <p class='ocr_par' dir='ltr' id='par_1_2' title="bbox 326 718 815 869">
     <span class='ocr_line' id='line_1_2' title="bbox 326 718 815 796; baseline -0.008 -20"><span class='ocrx_word' id='word_1_3' title='bbox 326 735 454 796; x_wconf 80' lang='lat' dir='ltr'><strong>qnantum</strong></span> <span class='ocrx_word' id='word_1_4' title='bbox 470 722 538 776; x_wconf 86' lang='lat' dir='ltr'><strong>ratio</strong></span> <span class='ocrx_word' id='word_1_5' title='bbox 553 718 696 792; x_wconf 77' lang='lat' dir='ltr'><strong>poscebat.</strong></span> <span class='ocrx_word' id='word_1_6' title='bbox 714 731 815 774; x_wconf 83' lang='lat' dir='ltr'><strong>tracta·</strong></span> 
     </span>
     <span class='ocr_line' id='line_1_3' title="bbox 330 832 425 869; baseline -0.021 0"><span class='ocrx_word' id='word_1_7' title='bbox 330 832 425 869; x_wconf 70' lang='lat' dir='ltr'><strong>tinans·</strong></span> 
     </span>
    </p>
   </div>
   <div class='ocr_carea' id='block_1_3' title="bbox 452 983 692 1041">
    <p class='ocr_par' dir='ltr' id='par_1_3' title="bbox 452 983 692 1041">
     <span class='ocr_line' id='line_1_4' title="bbox 452 983 692 1041; baseline -0.025 -2"><span class='ocrx_word' id='word_1_8' title='bbox 452 983 477 1039; x_wconf 82' lang='lat'><strong>8.</strong></span> <span class='ocrx_word' id='word_1_9' title='bbox 498 1002 532 1039; x_wconf 86' lang='lat' dir='ltr'><strong>nr</strong></span> <span class='ocrx_word' id='word_1_10' title='bbox 554 1002 692 1041; x_wconf 76' lang='lat' dir='ltr'><strong>narrans.</strong></span> 
     </span>
    </p>
   </div>
   <div class='ocr_carea' id='block_1_4' title="bbox 324 1105 820 4132">
    <p class='ocr_par' dir='ltr' id='par_1_4' title="bbox 324 1105 820 4132">
     <span class='ocr_line' id='line_1_5' title="bbox 329 1105 820 1216; baseline -0.008 -1"><span class='ocrx_word' id='word_1_11' title='bbox 329 1105 458 1216; x_wconf 79' lang='lat' dir='ltr'><strong>Littera</strong></span> <span class='ocrx_word' id='word_1_12' title='bbox 469 1172 508 1214; x_wconf 79' lang='lat' dir='ltr'><strong>est</strong></span> <span class='ocrx_word' id='word_1_13' title='bbox 521 1161 676 1216; x_wconf 84' lang='lat' dir='ltr'><strong>elementum</strong></span> <span class='ocrx_word' id='word_1_14' title='bbox 689 1163 760 1214; x_wconf 84' lang='lat' dir='ltr'><strong>vocis</strong></span> <span class='ocrx_word' id='word_1_15' title='bbox 780 1177 820 1212; x_wconf 86' lang='lat' dir='ltr'><strong>ar·</strong></span> 
     </span>
     <span class='ocr_line' id='line_1_6' title="bbox 331 1248 819 1303; baseline -0.01 0"><span class='ocrx_word' id='word_1_16' title='bbox 331 1249 468 1303; x_wconf 82' lang='lat' dir='ltr'><strong>ticnlatae·</strong></span> <span class='ocrx_word' id='word_1_17' title='bbox 488 1248 651 1301; x_wconf 81' lang='lat' dir='ltr'><strong>Elementuna</strong></span> <span class='ocrx_word' id='word_1_18' title='bbox 670 1259 757 1299; x_wconf 86' lang='lat' dir='ltr'><strong>autem</strong></span> <span class='ocrx_word' id='word_1_19' title='bbox 780 1257 819 1298; x_wconf 77' lang='lat' dir='ltr'><strong>est</strong></span> 
     </span>
     <span class='ocr_line' id='line_1_7' title="bbox 330 1335 819 1404; baseline -0.002 -18"><span class='ocrx_word' id='word_1_20' title='bbox 330 1335 540 1404; x_wconf 80' lang='lat' dir='ltr'><strong>uniuscuiusque</strong></span> <span class='ocrx_word' id='word_1_21' title='bbox 553 1336 589 1388; x_wconf 85' lang='lat' dir='ltr'><strong>rei</strong></span> <span class='ocrx_word' id='word_1_22' title='bbox 615 1335 723 1387; x_wconf 86' lang='lat' dir='ltr'><strong>initium</strong></span> <span class='ocrx_word' id='word_1_23' title='bbox 737 1351 819 1403; x_wconf 88' lang='lat' dir='ltr'><strong>aquo</strong></span> 
     </span>
     <span class='ocr_line' id='line_1_8' title="bbox 330 1423 820 1492; baseline -0.008 -14"><span class='ocrx_word' id='word_1_24' title='bbox 330 1425 442 1478; x_wconf 83' lang='lat' dir='ltr'><strong>sumitur</strong></span> <span class='ocrx_word' id='word_1_25' title='bbox 452 1424 640 1475; x_wconf 82' lang='lat' dir='ltr'><strong>incrementum</strong></span> <span class='ocrx_word' id='word_1_26' title='bbox 649 1433 676 1475; x_wconf 85' lang='lat' dir='ltr'><strong>et</strong></span> <span class='ocrx_word' id='word_1_27' title='bbox 687 1423 714 1474; x_wconf 87' lang='lat' dir='ltr'><strong>in</strong></span> <span class='ocrx_word' id='word_1_28' title='bbox 724 1440 777 1492; x_wconf 86' lang='lat' dir='ltr'><strong>quo</strong></span> <span class='ocrx_word' id='word_1_29' title='bbox 784 1439 820 1474; x_wconf 69' lang='lat' dir='ltr'><strong>re</strong></span> 
     </span>
     <span class='ocr_line' id='line_1_9' title="bbox 329 1509 820 1579; baseline -0.012 -13"><span class='ocrx_word' id='word_1_30' title='bbox 329 1511 453 1566; x_wconf 81' lang='lat' dir='ltr'><strong>solvitur.</strong></span> <span class='ocrx_word' id='word_1_31' title='bbox 464 1512 571 1564; x_wconf 82' lang='lat' dir='ltr'><strong>Accidit</strong></span> <span class='ocrx_word' id='word_1_32' title='bbox 588 1512 735 1579; x_wconf 85' lang='lat' dir='ltr'><strong>unicuique</strong></span> <span class='ocrx_word' id='word_1_33' title='bbox 752 1509 820 1562; x_wconf 85' lang='lat' dir='ltr'><strong>litte·</strong></span> 
     </span>
     <span class='ocr_line' id='line_1_10' title="bbox 330 1596 817 1668; baseline -0.006 -18"><span class='ocrx_word' id='word_1_34' title='bbox 330 1616 390 1658; x_wconf 83' lang='lat' dir='ltr'><strong>rae.</strong></span> <span class='ocrx_word' id='word_1_35' title='bbox 400 1616 508 1654; x_wconf 84' lang='lat' dir='ltr'><strong>nomen.</strong></span> <span class='ocrx_word' id='word_1_36' title='bbox 519 1601 601 1665; x_wconf 77' lang='lat' dir='ltr'><strong>figura</strong></span> <span class='ocrx_word' id='word_1_37' title='bbox 611 1635 618 1654; x_wconf 85' lang='lat'><strong>.</strong></span> <span class='ocrx_word' id='word_1_38' title='bbox 629 1607 753 1668; x_wconf 79' lang='lat' dir='ltr'><strong>potestas·</strong></span> <span class='ocrx_word' id='word_1_39' title='bbox 762 1596 817 1648; x_wconf 85' lang='lat' dir='ltr'><strong>No·</strong></span> 
     </span>
     <span class='ocr_line' id='line_1_11' title="bbox 329 1684 818 1757; baseline -0.02 -17"><span class='ocrx_word' id='word_1_40' title='bbox 329 1705 389 1740; x_wconf 79' lang='lat' dir='ltr'><strong>naen</strong></span> <span class='ocrx_word' id='word_1_41' title='bbox 403 1689 508 1741; x_wconf 84' lang='lat' dir='ltr'><strong>litterae</strong></span> <span class='ocrx_word' id='word_1_42' title='bbox 524 1696 565 1740; x_wconf 82' lang='lat' dir='ltr'><strong>est</strong></span> <span class='ocrx_word' id='word_1_43' title='bbox 582 1705 637 1757; x_wconf 89' lang='lat' dir='ltr'><strong>quo</strong></span> <span class='ocrx_word' id='word_1_44' title='bbox 663 1684 818 1756; x_wconf 80' lang='lat' dir='ltr'><strong>appellatur.</strong></span> 
     </span>
     <span class='ocr_line' id='line_1_12' title="bbox 329 1772 819 1842; baseline -0.01 -14"><span class='ocrx_word' id='word_1_45' title='bbox 329 1778 397 1830; x_wconf 89' lang='lat' dir='ltr'><strong>Sane</strong></span> <span class='ocrx_word' id='word_1_46' title='bbox 408 1794 502 1829; x_wconf 80' lang='lat' dir='ltr'><strong>nornen</strong></span> <span class='ocrx_word' id='word_1_47' title='bbox 518 1774 727 1842; x_wconf 86' lang='lat' dir='ltr'><strong>uniuscuiusque</strong></span> <span class='ocrx_word' id='word_1_48' title='bbox 743 1772 819 1824; x_wconf 88' lang='lat' dir='ltr'><strong>litte-</strong></span> 
     </span>
     <span class='ocr_line' id='line_1_13' title="bbox 331 1858 819 1930; baseline -0.008 -17"><span class='ocrx_word' id='word_1_49' title='bbox 331 1879 376 1915; x_wconf 88' lang='lat' dir='ltr'><strong>rae</strong></span> <span class='ocrx_word' id='word_1_50' title='bbox 393 1862 477 1915; x_wconf 79' lang='lat' dir='ltr'><strong>omnis</strong></span> <span class='ocrx_word' id='word_1_51' title='bbox 497 1863 562 1915; x_wconf 82' lang='lat' dir='ltr'><strong>arria</strong></span> <span class='ocrx_word' id='word_1_52' title='bbox 583 1861 702 1916; x_wconf 83' lang='lat' dir='ltr'><strong>latores.</strong></span> <span class='ocrx_word' id='word_1_53' title='bbox 720 1858 819 1930; x_wconf 86' lang='lat' dir='ltr'><strong>praeei-</strong></span> 
     </span>
     <span class='ocr_line' id='line_1_14' title="bbox 330 1951 818 2022; baseline -0.004 -20"><span class='ocrx_word' id='word_1_54' title='bbox 330 1967 435 2022; x_wconf 87' lang='lat' dir='ltr'><strong>pueque</strong></span> <span class='ocrx_word' id='word_1_55' title='bbox 448 1951 550 2005; x_wconf 85' lang='lat' dir='ltr'><strong>Varro,</strong></span> <span class='ocrx_word' id='word_1_56' title='bbox 564 1961 656 2002; x_wconf 83' lang='lat' dir='ltr'><strong>neutro</strong></span> <span class='ocrx_word' id='word_1_57' title='bbox 669 1967 759 2016; x_wconf 79' lang='lat' dir='ltr'><strong>genere</strong></span> <span class='ocrx_word' id='word_1_58' title='bbox 773 1967 818 2018; x_wconf 86' lang='lat' dir='ltr'><strong>ap-</strong></span> 
     </span>
     <span class='ocr_line' id='line_1_15' title="bbox 329 2037 818 2108; baseline -0.004 -20"><span class='ocrx_word' id='word_1_59' title='bbox 329 2038 420 2108; x_wconf 82' lang='lat' dir='ltr'><strong>pellari</strong></span> <span class='ocrx_word' id='word_1_60' title='bbox 442 2037 648 2091; x_wconf 86' lang='lat' dir='ltr'><strong>indicaverunt,</strong></span> <span class='ocrx_word' id='word_1_61' title='bbox 675 2047 703 2088; x_wconf 89' lang='lat' dir='ltr'><strong>et</strong></span> <span class='ocrx_word' id='word_1_62' title='bbox 728 2044 818 2105; x_wconf 88' lang='lat' dir='ltr'><strong>aptote</strong></span> 
     </span>
     <span class='ocr_line' id='line_1_16' title="bbox 328 2123 818 2193; baseline -0.006 -16"><span class='ocrx_word' id='word_1_63' title='bbox 328 2124 455 2179; x_wconf 79' lang='lat' dir='ltr'><strong>declinari</strong></span> <span class='ocrx_word' id='word_1_64' title='bbox 476 2125 616 2176; x_wconf 75' lang='lat' dir='ltr'><strong>iusserant.</strong></span> <span class='ocrx_word' id='word_1_65' title='bbox 643 2123 762 2193; x_wconf 75' lang='lat' dir='ltr'><strong>Aptoton</strong></span> <span class='ocrx_word' id='word_1_66' title='bbox 778 2133 818 2175; x_wconf 82' lang='lat' dir='ltr'><strong>est</strong></span> 
     </span>
     <span class='ocr_line' id='line_1_17' title="bbox 329 2218 816 2287; baseline -0.004 -20"><span class='ocrx_word' id='word_1_67' title='bbox 329 2227 439 2275; x_wconf 84' lang='lat' dir='ltr'><strong>antem,</strong></span> <span class='ocrx_word' id='word_1_68' title='bbox 456 2218 564 2287; x_wconf 89' lang='lat' dir='ltr'><strong>quando</strong></span> <span class='ocrx_word' id='word_1_69' title='bbox 583 2234 677 2269; x_wconf 83' lang='lat' dir='ltr'><strong>nornen</strong></span> <span class='ocrx_word' id='word_1_70' title='bbox 697 2234 742 2286; x_wconf 89' lang='lat' dir='ltr'><strong>per</strong></span> <span class='ocrx_word' id='word_1_71' title='bbox 760 2233 816 2267; x_wconf 85' lang='lat' dir='ltr'><strong>orn-</strong></span> 
     </span>
     <span class='ocr_line' id='line_1_18' title="bbox 327 2300 818 2358; baseline -0.01 -2"><span class='ocrx_word' id='word_1_72' title='bbox 327 2321 373 2356; x_wconf 89' lang='lat' dir='ltr'><strong>nes</strong></span> <span class='ocrx_word' id='word_1_73' title='bbox 392 2321 467 2358; x_wconf 81' lang='lat' dir='ltr'><strong>casus</strong></span> <span class='ocrx_word' id='word_1_74' title='bbox 487 2322 541 2357; x_wconf 89' lang='lat' dir='ltr'><strong>uno</strong></span> <span class='ocrx_word' id='word_1_75' title='bbox 558 2303 689 2355; x_wconf 74' lang='lat' dir='ltr'><strong>solemnio</strong></span> <span class='ocrx_word' id='word_1_76' title='bbox 704 2300 818 2355; x_wconf 86' lang='lat' dir='ltr'><strong>declina·</strong></span> 
     </span>
     <span class='ocr_line' id='line_1_19' title="bbox 328 2389 817 2462; baseline -0.008 -19"><span class='ocrx_word' id='word_1_77' title='bbox 328 2401 391 2450; x_wconf 84' lang='lat' dir='ltr'><strong>tur.</strong></span> <span class='ocrx_word' id='word_1_78' title='bbox 410 2399 441 2443; x_wconf 85' lang='lat' dir='ltr'><strong>ut</strong></span> <span class='ocrx_word' id='word_1_79' title='bbox 459 2401 525 2462; x_wconf 89' lang='lat' dir='ltr'><strong>puta</strong></span> <span class='ocrx_word' id='word_1_80' title='bbox 544 2390 593 2443; x_wconf 82' lang='lat' dir='ltr'><strong>hoc</strong></span> <span class='ocrx_word' id='word_1_81' title='bbox 612 2408 647 2444; x_wconf 81' lang='lat' dir='ltr'><strong>a.</strong></span> <span class='ocrx_word' id='word_1_82' title='bbox 674 2389 754 2440; x_wconf 84' lang='lat' dir='ltr'><strong>huius</strong></span> <span class='ocrx_word' id='word_1_83' title='bbox 779 2407 817 2446; x_wconf 81' lang='lat' dir='ltr'><strong>a.</strong></span> 
     </span>
     <span class='ocr_line' id='line_1_20' title="bbox 327 2475 815 2536; baseline 0.002 -5"><span class='ocrx_word' id='word_1_84' title='bbox 327 2479 391 2532; x_wconf 81' lang='lat' dir='ltr'><strong>lrnie</strong></span> <span class='ocrx_word' id='word_1_85' title='bbox 411 2480 558 2536; x_wconf 49' lang='lat' dir='ltr'><strong>ashoca,</strong></span> <span class='ocrx_word' id='word_1_86' title='bbox 578 2497 594 2531; x_wconf 94' lang='lat' dir='ltr'><strong>o</strong></span> <span class='ocrx_word' id='word_1_87' title='bbox 614 2494 648 2534; x_wconf 75' lang='lat' dir='ltr'><strong>a,</strong></span> <span class='ocrx_word' id='word_1_88' title='bbox 667 2475 815 2532; x_wconf 83' lang='lat' dir='ltr'><strong>abhoaa.</strong></span> 
     </span>
     <span class='ocr_line' id='line_1_21' title="bbox 327 2565 817 2620; baseline -0.002 -2"><span class='ocrx_word' id='word_1_89' title='bbox 327 2567 410 2620; x_wconf 85' lang='lat' dir='ltr'><strong>sicet</strong></span> <span class='ocrx_word' id='word_1_90' title='bbox 429 2576 575 2618; x_wconf 80' lang='lat' dir='ltr'><strong>ceterarum</strong></span> <span class='ocrx_word' id='word_1_91' title='bbox 602 2565 752 2620; x_wconf 79' lang='lat' dir='ltr'><strong>litterarum</strong></span> <span class='ocrx_word' id='word_1_92' title='bbox 775 2582 817 2617; x_wconf 83' lang='lat' dir='ltr'><strong>no</strong></span> 
     </span>
     <span class='ocr_line' id='line_1_22' title="bbox 326 2655 818 2724; baseline -0.004 -17"><span class='ocrx_word' id='word_1_93' title='bbox 326 2655 400 2708; x_wconf 85' lang='lat' dir='ltr'><strong>mina</strong></span> <span class='ocrx_word' id='word_1_94' title='bbox 426 2671 518 2722; x_wconf 76' lang='lat' dir='ltr'><strong>genere</strong></span> <span class='ocrx_word' id='word_1_95' title='bbox 537 2665 631 2707; x_wconf 88' lang='lat' dir='ltr'><strong>neutro</strong></span> <span class='ocrx_word' id='word_1_96' title='bbox 658 2664 766 2724; x_wconf 85' lang='lat' dir='ltr'><strong>aptote.</strong></span> <span class='ocrx_word' id='word_1_97' title='bbox 790 2662 818 2706; x_wconf 91' lang='lat' dir='ltr'><strong>et</strong></span> 
     </span>
     <span class='ocr_line' id='line_1_23' title="bbox 325 2741 817 2810; baseline -0.008 -13"><span class='ocrx_word' id='word_1_98' title='bbox 325 2760 436 2797; x_wconf 80' lang='lat' dir='ltr'><strong>numero</strong></span> <span class='ocrx_word' id='word_1_99' title='bbox 455 2753 560 2796; x_wconf 80' lang='lat' dir='ltr'><strong>tantuna</strong></span> <span class='ocrx_word' id='word_1_100' title='bbox 577 2741 704 2810; x_wconf 82' lang='lat' dir='ltr'><strong>singulari</strong></span> <span class='ocrx_word' id='word_1_101' title='bbox 732 2741 817 2794; x_wconf 83' lang='lat' dir='ltr'><strong>decli-</strong></span> 
     </span>
     <span class='ocr_line' id='line_1_24' title="bbox 326 2832 817 2898; baseline -0.002 -13"><span class='ocrx_word' id='word_1_102' title='bbox 326 2832 416 2885; x_wconf 83' lang='lat' dir='ltr'><strong>nanda</strong></span> <span class='ocrx_word' id='word_1_103' title='bbox 434 2842 506 2885; x_wconf 86' lang='lat' dir='ltr'><strong>sunt·</strong></span> <span class='ocrx_word' id='word_1_104' title='bbox 524 2832 624 2898; x_wconf 77' lang='lat' dir='ltr'><strong>Figura</strong></span> <span class='ocrx_word' id='word_1_105' title='bbox 648 2832 752 2883; x_wconf 78' lang='lat' dir='ltr'>litterae</span> <span class='ocrx_word' id='word_1_106' title='bbox 777 2841 817 2884; x_wconf 86' lang='lat' dir='ltr'><strong>est</strong></span> 
     </span>
     <span class='ocr_line' id='line_1_25' title="bbox 327 2918 818 2990; baseline -0.004 -19"><span class='ocrx_word' id='word_1_107' title='bbox 327 2938 383 2990; x_wconf 86' lang='lat' dir='ltr'><strong>qun</strong></span> <span class='ocrx_word' id='word_1_108' title='bbox 401 2931 531 2977; x_wconf 82' lang='lat' dir='ltr'><strong>notatur.</strong></span> <span class='ocrx_word' id='word_1_109' title='bbox 558 2928 586 2972; x_wconf 88' lang='lat' dir='ltr'><strong>et</strong></span> <span class='ocrx_word' id='word_1_110' title='bbox 605 2936 658 2987; x_wconf 86' lang='lat' dir='ltr'><strong>qna</strong></span> <span class='ocrx_word' id='word_1_111' title='bbox 681 2918 818 2972; x_wconf 82' lang='lat' dir='ltr'><strong>scribitur.</strong></span> 
     </span>
     <span class='ocr_line' id='line_1_26' title="bbox 328 3007 816 3076; baseline -0.004 -14"><span class='ocrx_word' id='word_1_112' title='bbox 328 3010 449 3062; x_wconf 81' lang='lat' dir='ltr'><strong>Potestas</strong></span> <span class='ocrx_word' id='word_1_113' title='bbox 468 3008 574 3061; x_wconf 77' lang='lat' dir='ltr'><strong>litterae</strong></span> <span class='ocrx_word' id='word_1_114' title='bbox 591 3018 648 3065; x_wconf 86' lang='lat' dir='ltr'><strong>est.</strong></span> <span class='ocrx_word' id='word_1_115' title='bbox 660 3025 715 3076; x_wconf 87' lang='lat' dir='ltr'><strong>qna</strong></span> <span class='ocrx_word' id='word_1_116' title='bbox 735 3007 816 3064; x_wconf 79' lang='lat' dir='ltr'><strong>valet.</strong></span> 
     </span>
     <span class='ocr_line' id='line_1_27' title="bbox 327 3097 816 3165; baseline 0 -16"><span class='ocrx_word' id='word_1_117' title='bbox 327 3097 380 3149; x_wconf 81' lang='lat' dir='ltr'><strong>lroe</strong></span> <span class='ocrx_word' id='word_1_118' title='bbox 397 3107 440 3151; x_wconf 74' lang='lat' dir='ltr'><strong>est</strong></span> <span class='ocrx_word' id='word_1_119' title='bbox 457 3114 511 3165; x_wconf 85' lang='lat' dir='ltr'><strong>qna</strong></span> <span class='ocrx_word' id='word_1_120' title='bbox 529 3107 615 3149; x_wconf 81' lang='lat' dir='ltr'><strong>sonat.</strong></span> <span class='ocrx_word' id='word_1_121' title='bbox 632 3097 708 3149; x_wconf 84' lang='lat' dir='ltr'><strong>Nunc</strong></span> <span class='ocrx_word' id='word_1_122' title='bbox 727 3114 816 3149; x_wconf 84' lang='lat' dir='ltr'><strong>omnes</strong></span> 
     </span>
     <span class='ocr_line' id='line_1_28' title="bbox 326 3184 816 3238; baseline 0 -2"><span class='ocrx_word' id='word_1_123' title='bbox 326 3184 426 3238; x_wconf 81' lang='lat' dir='ltr'><strong>latinae</strong></span> <span class='ocrx_word' id='word_1_124' title='bbox 454 3184 561 3238; x_wconf 80' lang='lat' dir='ltr'><strong>litterae</strong></span> <span class='ocrx_word' id='word_1_125' title='bbox 586 3185 724 3236; x_wconf 82' lang='lat' dir='ltr'><strong>dumtaxat</strong></span> <span class='ocrx_word' id='word_1_126' title='bbox 754 3195 816 3236; x_wconf 83' lang='lat' dir='ltr'><strong>sunt</strong></span> 
     </span>
     <span class='ocr_line' id='line_1_29' title="bbox 329 3272 816 3326; baseline -0.002 -2"><span class='ocrx_word' id='word_1_127' title='bbox 329 3288 438 3326; x_wconf 82' lang='lat' dir='ltr'><strong>numero</strong></span> <span class='ocrx_word' id='word_1_128' title='bbox 465 3289 552 3326; x_wconf 75' lang='lat' dir='ltr'><strong>xxiii.</strong></span> <span class='ocrx_word' id='word_1_129' title='bbox 575 3272 630 3324; x_wconf 84' lang='lat' dir='ltr'><strong>liae</strong></span> <span class='ocrx_word' id='word_1_130' title='bbox 647 3272 816 3325; x_wconf 78' lang='lat' dir='ltr'><strong>nominantur</strong></span> 
     </span>
     <span class='ocr_line' id='line_1_30' title="bbox 327 3359 816 3422; baseline -0.008 -8"><span class='ocrx_word' id='word_1_131' title='bbox 327 3359 447 3417; x_wconf 81' lang='lat' dir='ltr'><strong>vocales.</strong></span> <span class='ocrx_word' id='word_1_132' title='bbox 461 3359 645 3417; x_wconf 71' lang='lat' dir='ltr'><strong>semivocales,</strong></span> <span class='ocrx_word' id='word_1_133' title='bbox 663 3370 691 3412; x_wconf 85' lang='lat' dir='ltr'><strong>et</strong></span> <span class='ocrx_word' id='word_1_134' title='bbox 709 3370 816 3422; x_wconf 53' lang='lat' dir='ltr'><strong>motam</strong></span> 
     </span>
     <span class='ocr_line' id='line_1_31' title="bbox 327 3449 816 3519; baseline -0.008 -15"><span class='ocrx_word' id='word_1_135' title='bbox 327 3449 374 3504; x_wconf 81' lang='lat' dir='ltr'><strong>sed</strong></span> <span class='ocrx_word' id='word_1_136' title='bbox 392 3449 603 3502; x_wconf 82' lang='lat' dir='ltr'><strong>semivocales·et</strong></span> <span class='ocrx_word' id='word_1_137' title='bbox 619 3458 707 3502; x_wconf 81' lang='lat' dir='ltr'><strong>mutae</strong></span> <span class='ocrx_word' id='word_1_138' title='bbox 724 3450 816 3519; x_wconf 86' lang='lat' dir='ltr'><strong>appel·</strong></span> 
     </span>
     <span class='ocr_line' id='line_1_32' title="bbox 324 3535 814 3604; baseline 0 -16"><span class='ocrx_word' id='word_1_139' title='bbox 324 3535 417 3590; x_wconf 86' lang='lat' dir='ltr'><strong>lantnr</strong></span> <span class='ocrx_word' id='word_1_140' title='bbox 438 3545 617 3589; x_wconf 80' lang='lat' dir='ltr'><strong>consonantes·</strong></span> <span class='ocrx_word' id='word_1_141' title='bbox 642 3536 708 3587; x_wconf 86' lang='lat' dir='ltr'><strong>Sane</strong></span> <span class='ocrx_word' id='word_1_142' title='bbox 730 3552 814 3604; x_wconf 89' lang='lat' dir='ltr'><strong>quae·</strong></span> 
     </span>
     <span class='ocr_line' id='line_1_33' title="bbox 326 3624 815 3694; baseline -0.002 -16"><span class='ocrx_word' id='word_1_143' title='bbox 326 3625 411 3683; x_wconf 88' lang='lat' dir='ltr'><strong>ritnr,</strong></span> <span class='ocrx_word' id='word_1_144' title='bbox 428 3642 482 3694; x_wconf 86' lang='lat' dir='ltr'><strong>qna</strong></span> <span class='ocrx_word' id='word_1_145' title='bbox 502 3625 534 3676; x_wconf 83' lang='lat' dir='ltr'><strong>tle</strong></span> <span class='ocrx_word' id='word_1_146' title='bbox 552 3642 631 3675; x_wconf 90' lang='lat' dir='ltr'><strong>cansa</strong></span> <span class='ocrx_word' id='word_1_147' title='bbox 648 3624 815 3677; x_wconf 71' lang='lat' dir='ltr'><strong>semivocales</strong></span> 
     </span>
     <span class='ocr_line' id='line_1_34' title="bbox 327 3713 814 3784; baseline -0.008 -16"><span class='ocrx_word' id='word_1_148' title='bbox 327 3723 355 3768; x_wconf 88' lang='lat' dir='ltr'><strong>et</strong></span> <span class='ocrx_word' id='word_1_149' title='bbox 373 3725 462 3767; x_wconf 88' lang='lat' dir='ltr'><strong>rnutae</strong></span> <span class='ocrx_word' id='word_1_150' title='bbox 480 3724 653 3767; x_wconf 75' lang='lat' dir='ltr'><strong>consonantes</strong></span> <span class='ocrx_word' id='word_1_151' title='bbox 680 3713 814 3784; x_wconf 87' lang='lat' dir='ltr'><strong>appellan-</strong></span> 
     </span>
     <span class='ocr_line' id='line_1_35' title="bbox 328 3796 816 3868; baseline 0 -15"><span class='ocrx_word' id='word_1_152' title='bbox 328 3796 390 3853; x_wconf 79' lang='lat' dir='ltr'><strong>tur?</strong></span> <span class='ocrx_word' id='word_1_153' title='bbox 402 3800 453 3852; x_wconf 87' lang='lat' dir='ltr'><strong>hae</strong></span> <span class='ocrx_word' id='word_1_154' title='bbox 467 3801 500 3854; x_wconf 90' lang='lat' dir='ltr'><strong>de</strong></span> <span class='ocrx_word' id='word_1_155' title='bbox 513 3816 607 3856; x_wconf 81' lang='lat' dir='ltr'><strong>causa,</strong></span> <span class='ocrx_word' id='word_1_156' title='bbox 618 3801 744 3868; x_wconf 86' lang='lat' dir='ltr'><strong>quoniam</strong></span> <span class='ocrx_word' id='word_1_157' title='bbox 757 3817 816 3853; x_wconf 93' lang='lat' dir='ltr'><strong>oon·</strong></span> 
     </span>
     <span class='ocr_line' id='line_1_36' title="bbox 325 3885 814 3941; baseline 0.002 -4"><span class='ocrx_word' id='word_1_158' title='bbox 325 3885 425 3941; x_wconf 76' lang='lat' dir='ltr'><strong>iunctis</strong></span> <span class='ocrx_word' id='word_1_159' title='bbox 445 3887 496 3940; x_wconf 85' lang='lat' dir='ltr'><strong>illis</strong></span> <span class='ocrx_word' id='word_1_160' title='bbox 514 3885 652 3940; x_wconf 76' lang='lat' dir='ltr'><strong>vocabulis</strong></span> <span class='ocrx_word' id='word_1_161' title='bbox 669 3888 708 3938; x_wconf 87' lang='lat' dir='ltr'><strong>sie</strong></span> <span class='ocrx_word' id='word_1_162' title='bbox 728 3888 814 3940; x_wconf 87' lang='lat' dir='ltr'><strong>nomi-</strong></span> 
     </span>
     <span class='ocr_line' id='line_1_37' title="bbox 327 3973 813 4027; baseline 0 -1"><span class='ocrx_word' id='word_1_163' title='bbox 327 3990 362 4026; x_wconf 77' lang='lat' dir='ltr'><strong>na</strong></span> <span class='ocrx_word' id='word_1_164' title='bbox 371 3973 513 4027; x_wconf 80' lang='lat' dir='ltr'><strong>oernndern</strong></span> <span class='ocrx_word' id='word_1_165' title='bbox 523 3983 673 4026; x_wconf 76' lang='lat' dir='ltr'><strong>consonant</strong></span> <span class='ocrx_word' id='word_1_166' title='bbox 693 3973 743 4024; x_wconf 80' lang='lat' dir='ltr'><strong>Sed</strong></span> <span class='ocrx_word' id='word_1_167' title='bbox 755 3990 813 4026; x_wconf 88' lang='lat' dir='ltr'><strong>eurn</strong></span> 
     </span>
     <span class='ocr_line' id='line_1_38' title="bbox 325 4058 813 4132; baseline 0.01 -23"><span class='ocrx_word' id='word_1_168' title='bbox 325 4058 362 4111; x_wconf 71' lang='lat' dir='ltr'><strong>ad</strong></span> <span class='ocrx_word' id='word_1_169' title='bbox 378 4060 451 4131; x_wconf 74' lang='lat' dir='ltr'><strong>ipsu</strong></span> <span class='ocrx_word' id='word_1_170' title='bbox 467 4060 570 4113; x_wconf 82' lang='lat' dir='ltr'><strong>litteras</strong></span> <span class='ocrx_word' id='word_1_171' title='bbox 596 4059 813 4132; x_wconf 77' lang='lat' dir='ltr'><strong>pervenerimus.</strong></span> 
     </span>
    </p>
   </div>
   <div class='ocr_carea' id='block_1_5' title="bbox 1260 593 1324 668">
    <p class='ocr_par' dir='ltr' id='par_1_5' title="bbox 1260 593 1324 668">
     <span class='ocr_line' id='line_1_39' title="bbox 1260 593 1324 668; baseline 0.031 -2"><span class='ocrx_word' id='word_1_172' title='bbox 1260 593 1324 668; x_wconf 78' lang='lat'><strong>155</strong></span> 
     </span>
    </p>
   </div>
   <div class='ocr_carea' id='block_1_6' title="bbox 872 723 1371 1038">
    <p class='ocr_par' dir='ltr' id='par_1_6' title="bbox 872 723 1371 1038">
     <span class='ocr_line' id='line_1_40' title="bbox 872 723 1361 795; baseline 0.004 -21"><span class='ocrx_word' id='word_1_173' title='bbox 872 724 926 776; x_wconf 86' lang='lat' dir='ltr'><strong>illie</strong></span> <span class='ocrx_word' id='word_1_174' title='bbox 936 723 1155 795; x_wconf 79' lang='lat' dir='ltr'><strong>quemadmodum</strong></span> <span class='ocrx_word' id='word_1_175' title='bbox 1168 725 1317 781; x_wconf 80' lang='lat' dir='ltr'><strong>coniunctis</strong></span> <span class='ocrx_word' id='word_1_176' title='bbox 1334 724 1361 776; x_wconf 89' lang='lat' dir='ltr'><strong>il·</strong></span> 
     </span>
     <span class='ocr_line' id='line_1_41' title="bbox 872 811 1360 867; baseline 0.008 -5"><span class='ocrx_word' id='word_1_177' title='bbox 872 811 905 864; x_wconf 92' lang='lat' dir='ltr'><strong>lis</strong></span> <span class='ocrx_word' id='word_1_178' title='bbox 931 812 1066 867; x_wconf 83' lang='lat' dir='ltr'><strong>vocabulis</strong></span> <span class='ocrx_word' id='word_1_179' title='bbox 1090 814 1195 867; x_wconf 85' lang='lat' dir='ltr'><strong>nomina</strong></span> <span class='ocrx_word' id='word_1_180' title='bbox 1218 811 1360 866; x_wconf 71' lang='lat' dir='ltr'><strong>earundem</strong></span> 
     </span>
     <span class='ocr_line' id='line_1_42' title="bbox 873 898 1371 972; baseline 0.004 -20"><span class='ocrx_word' id='word_1_181' title='bbox 873 912 1031 956; x_wconf 76' lang='lat' dir='ltr'><strong>consonent.</strong></span> <span class='ocrx_word' id='word_1_182' title='bbox 1050 912 1218 972; x_wconf 80' lang='lat' dir='ltr'><strong>conpetenter</strong></span> <span class='ocrx_word' id='word_1_183' title='bbox 1233 898 1371 954; x_wconf 63' lang='lat' dir='ltr'><strong>tractabi·„</strong></span> 
     </span>
     <span class='ocr_line' id='line_1_43' title="bbox 872 1005 936 1038; baseline -0.031 -1"><span class='ocrx_word' id='word_1_184' title='bbox 872 1005 936 1038; x_wconf 87' lang='lat' dir='ltr'><strong>mos.</strong></span> 
     </span>
    </p>
   </div>
   <div class='ocr_carea' id='block_1_7' title="bbox 985 1178 1239 1260">
    <p class='ocr_par' dir='ltr' id='par_1_7' title="bbox 985 1178 1239 1260">
     <span class='ocr_line' id='line_1_44' title="bbox 985 1178 1239 1260; baseline -0.012 -43"><span class='ocrx_word' id='word_1_185' title='bbox 985 1178 1061 1234; x_wconf 66' lang='lat' dir='ltr'><strong>ona</strong></span> <span class='ocrx_word' id='word_1_186' title='bbox 1081 1178 1239 1260; x_wconf 55' lang='lat' dir='ltr'><strong>renarrans·</strong></span> 
     </span>
    </p>
   </div>
   <div class='ocr_carea' id='block_1_8' title="bbox 872 1282 1360 1570">
    <p class='ocr_par' dir='ltr' id='par_1_8' title="bbox 872 1282 1360 1570">
     <span class='ocr_line' id='line_1_45' title="bbox 872 1282 1360 1397; baseline -0.012 -7"><span class='ocrx_word' id='word_1_187' title='bbox 872 1282 1013 1397; x_wconf 75' lang='lat' dir='ltr'><strong>vocales</strong></span> <span class='ocrx_word' id='word_1_188' title='bbox 1023 1298 1026 1309; x_wconf 35' lang='grc' dir='ltr'>Ι</span> <span class='ocrx_word' id='word_1_189' title='bbox 1037 1299 1141 1389; x_wconf 80' lang='lat' dir='ltr'><strong>litterae</strong></span> <span class='ocrx_word' id='word_1_190' title='bbox 1164 1344 1227 1386; x_wconf 83' lang='lat' dir='ltr'><strong>sunt</strong></span> <span class='ocrx_word' id='word_1_191' title='bbox 1254 1350 1360 1385; x_wconf 84' lang='lat' dir='ltr'><strong>nurnero</strong></span> 
     </span>
     <span class='ocr_line' id='line_1_46' title="bbox 872 1419 1359 1494; baseline -0.002 -21"><span class='ocrx_word' id='word_1_192' title='bbox 872 1427 1009 1493; x_wconf 76' lang='lat' dir='ltr'><strong>quinques</strong></span> <span class='ocrx_word' id='word_1_193' title='bbox 1034 1421 1085 1475; x_wconf 88' lang='lat' dir='ltr'><strong>hae</strong></span> <span class='ocrx_word' id='word_1_194' title='bbox 1102 1440 1148 1494; x_wconf 87' lang='lat' dir='ltr'><strong>per</strong></span> <span class='ocrx_word' id='word_1_195' title='bbox 1167 1440 1195 1475; x_wconf 92' lang='lat' dir='ltr'><strong>se</strong></span> <span class='ocrx_word' id='word_1_196' title='bbox 1220 1419 1359 1492; x_wconf 77' lang='lat' dir='ltr'><strong>proferun-</strong></span> 
     </span>
     <span class='ocr_line' id='line_1_47' title="bbox 872 1509 1359 1570; baseline -0.012 -5"><span class='ocrx_word' id='word_1_197' title='bbox 872 1523 934 1570; x_wconf 83' lang='lat' dir='ltr'><strong>tur.</strong></span> <span class='ocrx_word' id='word_1_198' title='bbox 961 1512 1011 1566; x_wconf 83' lang='lat' dir='ltr'><strong>hoo</strong></span> <span class='ocrx_word' id='word_1_199' title='bbox 1033 1522 1073 1568; x_wconf 85' lang='lat' dir='ltr'><strong>eat</strong></span> <span class='ocrx_word' id='word_1_200' title='bbox 1099 1512 1133 1565; x_wconf 82' lang='lat' dir='ltr'><strong>ad</strong></span> <span class='ocrx_word' id='word_1_201' title='bbox 1157 1509 1283 1564; x_wconf 84' lang='lat' dir='ltr'><strong>voeabula</strong></span> <span class='ocrx_word' id='word_1_202' title='bbox 1311 1525 1359 1562; x_wconf 86' lang='lat' dir='ltr'><strong>sna</strong></span> 
     </span>
    </p>
   </div>
   <div class='ocr_carea' id='block_1_9' title="bbox 864 1600 1404 1665">
    <p class='ocr_par' dir='ltr' id='par_1_9' title="bbox 864 1600 1404 1665">
     <span class='ocr_line' id='line_1_48' title="bbox 864 1600 1404 1665; baseline -0.009 -10"><span class='ocrx_word' id='word_1_203' title='bbox 864 1602 971 1656; x_wconf 66' lang='lat' dir='ltr'><strong>&#39;nullius</strong></span> <span class='ocrx_word' id='word_1_204' title='bbox 997 1600 1196 1656; x_wconf 80' lang='lat' dir='ltr'><strong>consonantium</strong></span> <span class='ocrx_word' id='word_1_205' title='bbox 1214 1609 1290 1665; x_wconf 74' lang='lat' dir='ltr'><strong>egent</strong></span> <span class='ocrx_word' id='word_1_206' title='bbox 1314 1616 1357 1652; x_wconf 82' lang='lat' dir='ltr'><strong>so·</strong></span> <span class='ocrx_word' id='word_1_207' title='bbox 1402 1624 1404 1631; x_wconf 61' lang='lat'>&lt;</span> 
     </span>
    </p>
   </div>
   <div class='ocr_carea' id='block_1_10' title="bbox 871 1683 1359 2360">
    <p class='ocr_par' dir='ltr' id='par_1_10' title="bbox 871 1683 1359 2360">
     <span class='ocr_line' id='line_1_49' title="bbox 872 1683 1358 1756; baseline -0.004 -20"><span class='ocrx_word' id='word_1_208' title='bbox 872 1686 985 1743; x_wconf 79' lang='lat' dir='ltr'><strong>cietate.</strong></span> <span class='ocrx_word' id='word_1_209' title='bbox 1001 1696 1109 1756; x_wconf 84' lang='lat' dir='ltr'><strong>utputa</strong></span> <span class='ocrx_word' id='word_1_210' title='bbox 1129 1683 1312 1739; x_wconf 86' lang='lat' dir='ltr'><strong>a·e·i·o·u·.</strong></span> <span class='ocrx_word' id='word_1_211' title='bbox 1330 1692 1358 1735; x_wconf 86' lang='lat' dir='ltr'><strong>et</strong></span> 
     </span>
     <span class='ocr_line' id='line_1_50' title="bbox 872 1774 1352 1848; baseline 0 -20"><span class='ocrx_word' id='word_1_212' title='bbox 872 1794 918 1848; x_wconf 87' lang='lat' dir='ltr'><strong>per</strong></span> <span class='ocrx_word' id='word_1_213' title='bbox 935 1788 963 1830; x_wconf 83' lang='lat' dir='ltr'><strong>se</strong></span> <span class='ocrx_word' id='word_1_214' title='bbox 981 1775 1107 1845; x_wconf 81' lang='lat' dir='ltr'><strong>syllabam</strong></span> <span class='ocrx_word' id='word_1_215' title='bbox 1125 1774 1210 1827; x_wconf 83' lang='lat' dir='ltr'><strong>lacere</strong></span> <span class='ocrx_word' id='word_1_216' title='bbox 1228 1783 1352 1844; x_wconf 78' lang='lat' dir='ltr'><strong>possunt.</strong></span> 
     </span>
     <span class='ocr_line' id='line_1_51' title="bbox 873 1863 1357 1933; baseline -0.01 -17"><span class='ocrx_word' id='word_1_217' title='bbox 873 1865 922 1918; x_wconf 85' lang='lat' dir='ltr'><strong>hoc</strong></span> <span class='ocrx_word' id='word_1_218' title='bbox 940 1877 998 1921; x_wconf 85' lang='lat' dir='ltr'><strong>est.</strong></span> <span class='ocrx_word' id='word_1_219' title='bbox 1023 1874 1054 1916; x_wconf 83' lang='lat' dir='ltr'><strong>at</strong></span> <span class='ocrx_word' id='word_1_220' title='bbox 1072 1864 1144 1933; x_wconf 79' lang='lat' dir='ltr'><strong>ipsae</strong></span> <span class='ocrx_word' id='word_1_221' title='bbox 1164 1863 1233 1915; x_wconf 79' lang='lat' dir='ltr'><strong>inter</strong></span> <span class='ocrx_word' id='word_1_222' title='bbox 1250 1878 1278 1914; x_wconf 86' lang='lat' dir='ltr'><strong>se</strong></span> <span class='ocrx_word' id='word_1_223' title='bbox 1296 1871 1357 1912; x_wconf 89' lang='lat' dir='ltr'><strong>tan·</strong></span> 
     </span>
     <span class='ocr_line' id='line_1_52' title="bbox 874 1947 1358 2016; baseline -0.012 -11"><span class='ocrx_word' id='word_1_224' title='bbox 874 1953 1006 2015; x_wconf 75' lang='lat' dir='ltr'><strong>tummodo</strong></span> <span class='ocrx_word' id='word_1_225' title='bbox 1029 1951 1207 2008; x_wconf 67' lang='lat' dir='ltr'><strong>maneantur.</strong></span> <span class='ocrx_word' id='word_1_226' title='bbox 1232 1959 1260 2002; x_wconf 93' lang='lat' dir='ltr'><strong>et</strong></span> <span class='ocrx_word' id='word_1_227' title='bbox 1277 1947 1358 2016; x_wconf 79' lang='lat' dir='ltr'><strong>sylla·</strong></span> 
     </span>
     <span class='ocr_line' id='line_1_53' title="bbox 871 2041 1358 2111; baseline -0.018 -15"><span class='ocrx_word' id='word_1_228' title='bbox 871 2041 920 2096; x_wconf 86' lang='lat' dir='ltr'><strong>bae</strong></span> <span class='ocrx_word' id='word_1_229' title='bbox 932 2058 1009 2095; x_wconf 83' lang='lat' dir='ltr'><strong>sonas</strong></span> <span class='ocrx_word' id='word_1_230' title='bbox 1021 2042 1167 2099; x_wconf 81' lang='lat' dir='ltr'><strong>efficiatur.</strong></span> <span class='ocrx_word' id='word_1_231' title='bbox 1181 2050 1212 2092; x_wconf 85' lang='lat' dir='ltr'><strong>nt</strong></span> <span class='ocrx_word' id='word_1_232' title='bbox 1223 2049 1288 2111; x_wconf 86' lang='lat' dir='ltr'><strong>puta</strong></span> <span class='ocrx_word' id='word_1_233' title='bbox 1303 2052 1358 2089; x_wconf 84' lang='lat' dir='ltr'><strong>·na·</strong></span> 
     </span>
     <span class='ocr_line' id='line_1_54' title="bbox 872 2124 1357 2187; baseline -0.019 -5"><span class='ocrx_word' id='word_1_234' title='bbox 872 2130 1167 2187; x_wconf 78' lang='lat' dir='ltr'><strong>·=1e·oe·au·ni·ia·‚et</strong></span> <span class='ocrx_word' id='word_1_235' title='bbox 1180 2139 1267 2180; x_wconf 79' lang='lat' dir='ltr'><strong>cetera</strong></span> <span class='ocrx_word' id='word_1_236' title='bbox 1281 2124 1357 2178; x_wconf 81' lang='lat' dir='ltr'><strong>talia.</strong></span> 
     </span>
     <span class='ocr_line' id='line_1_55' title="bbox 871 2213 1358 2277; baseline -0.016 -6"><span class='ocrx_word' id='word_1_237' title='bbox 871 2220 984 2277; x_wconf 83' lang='lat' dir='ltr'><strong>Harum,</strong></span> <span class='ocrx_word' id='word_1_238' title='bbox 1011 2216 1039 2268; x_wconf 79' lang='lat' dir='ltr'><strong>id</strong></span> <span class='ocrx_word' id='word_1_239' title='bbox 1064 2226 1104 2268; x_wconf 85' lang='lat' dir='ltr'><strong>est</strong></span> <span class='ocrx_word' id='word_1_240' title='bbox 1131 2215 1279 2270; x_wconf 81' lang='lat' dir='ltr'><strong>vocalium.</strong></span> <span class='ocrx_word' id='word_1_241' title='bbox 1307 2213 1358 2264; x_wconf 76' lang='lat' dir='ltr'><strong>liae</strong></span> 
     </span>
     <span class='ocr_line' id='line_1_56' title="bbox 872 2304 1359 2360; baseline -0.014 0"><span class='ocrx_word' id='word_1_242' title='bbox 872 2310 940 2360; x_wconf 87' lang='lat' dir='ltr'><strong>duae</strong></span> <span class='ocrx_word' id='word_1_243' title='bbox 958 2307 977 2360; x_wconf 88' lang='lat' dir='ltr'><strong>i·</strong></span> <span class='ocrx_word' id='word_1_244' title='bbox 997 2317 1024 2359; x_wconf 89' lang='lat' dir='ltr'><strong>et</strong></span> <span class='ocrx_word' id='word_1_245' title='bbox 1044 2325 1070 2357; x_wconf 91' lang='lat' dir='ltr'><strong>u·</strong></span> <span class='ocrx_word' id='word_1_246' title='bbox 1091 2314 1228 2359; x_wconf 79' lang='lat' dir='ltr'><strong>transeunt</strong></span> <span class='ocrx_word' id='word_1_247' title='bbox 1248 2304 1276 2354; x_wconf 90' lang='lat' dir='ltr'><strong>in</strong></span> <span class='ocrx_word' id='word_1_248' title='bbox 1294 2319 1359 2354; x_wconf 85' lang='lat' dir='ltr'><strong>con·</strong></span> 
     </span>
    </p>
   </div>
   <div class='ocr_carea' id='block_1_11' title="bbox 871 2398 1443 2468">
    <p class='ocr_par' dir='ltr' id='par_1_11' title="bbox 871 2398 1443 2468">
     <span class='ocr_line' id='line_1_57' title="bbox 871 2398 1443 2468; baseline -0.014 -17"><span class='ocrx_word' id='word_1_249' title='bbox 871 2398 1022 2452; x_wconf 81' lang='lat' dir='ltr'><strong>sonantium</strong></span> <span class='ocrx_word' id='word_1_250' title='bbox 1036 2407 1210 2468; x_wconf 82' lang='lat' dir='ltr'><strong>potestatem,</strong></span> <span class='ocrx_word' id='word_1_251' title='bbox 1224 2405 1287 2445; x_wconf 85' lang='lat' dir='ltr'><strong>tune</strong></span> <span class='ocrx_word' id='word_1_252' title='bbox 1299 2408 1358 2442; x_wconf 81' lang='lat' dir='ltr'><strong>euna</strong></span> <span class='ocrx_word' id='word_1_253' title='bbox 1439 2435 1443 2443; x_wconf 85' lang='lat'><em>.</em></span> 
     </span>
    </p>
   </div>
   <div class='ocr_carea' id='block_1_12' title="bbox 867 2482 1360 4117">
    <p class='ocr_par' dir='ltr' id='par_1_12' title="bbox 867 2482 1360 4117">
     <span class='ocr_line' id='line_1_58' title="bbox 873 2482 1358 2557; baseline -0.006 -20"><span class='ocrx_word' id='word_1_254' title='bbox 873 2497 919 2539; x_wconf 84' lang='lat' dir='ltr'><strong>aut</strong></span> <span class='ocrx_word' id='word_1_255' title='bbox 938 2487 1011 2557; x_wconf 86' lang='lat' dir='ltr'><strong>ipsae</strong></span> <span class='ocrx_word' id='word_1_256' title='bbox 1030 2485 1102 2543; x_wconf 55' lang='lat' dir='ltr'><strong>inter,</strong></span> <span class='ocrx_word' id='word_1_257' title='bbox 1118 2501 1146 2536; x_wconf 80' lang='lat' dir='ltr'><strong>se</strong></span> <span class='ocrx_word' id='word_1_258' title='bbox 1173 2482 1358 2550; x_wconf 72' lang='lat' dir='ltr'><strong>geminantur.</strong></span> 
     </span>
     <span class='ocr_line' id='line_1_59' title="bbox 871 2571 1358 2632; baseline -0.008 -5"><span class='ocrx_word' id='word_1_259' title='bbox 871 2586 902 2628; x_wconf 88' lang='lat' dir='ltr'><strong>nt</strong></span> <span class='ocrx_word' id='word_1_260' title='bbox 928 2576 1010 2632; x_wconf 85' lang='lat' dir='ltr'><strong>luno.</strong></span> <span class='ocrx_word' id='word_1_261' title='bbox 1041 2573 1153 2631; x_wconf 83' lang='lat' dir='ltr'><strong>viator.</strong></span> <span class='ocrx_word' id='word_1_262' title='bbox 1180 2572 1289 2628; x_wconf 85' lang='lat' dir='ltr'><strong>vultus,</strong></span> <span class='ocrx_word' id='word_1_263' title='bbox 1319 2571 1358 2623; x_wconf 83' lang='lat' dir='ltr'><strong>vel</strong></span> 
     </span>
     <span class='ocr_line' id='line_1_60' title="bbox 871 2656 1357 2731; baseline -0.004 -19"><span class='ocrx_word' id='word_1_264' title='bbox 871 2661 979 2731; x_wconf 89' lang='lat' dir='ltr'><strong>quando</strong></span> <span class='ocrx_word' id='word_1_265' title='bbox 997 2677 1056 2711; x_wconf 89' lang='lat' dir='ltr'><strong>oum</strong></span> <span class='ocrx_word' id='word_1_266' title='bbox 1075 2658 1135 2711; x_wconf 85' lang='lat' dir='ltr'><strong>aliis</strong></span> <span class='ocrx_word' id='word_1_267' title='bbox 1153 2656 1290 2712; x_wconf 83' lang='lat' dir='ltr'><strong>vocalibus</strong></span> <span class='ocrx_word' id='word_1_268' title='bbox 1303 2656 1357 2710; x_wconf 90' lang='lat' dir='ltr'><strong>iun·</strong></span> 
     </span>
     <span class='ocr_line' id='line_1_61' title="bbox 871 2744 1358 2815; baseline -0.012 -15"><span class='ocrx_word' id='word_1_269' title='bbox 871 2760 969 2815; x_wconf 82' lang='lat' dir='ltr'><strong>gantur</strong></span> <span class='ocrx_word' id='word_1_270' title='bbox 980 2784 988 2804; x_wconf 83' lang='lat'><strong>.</strong></span> <span class='ocrx_word' id='word_1_271' title='bbox 1001 2757 1034 2800; x_wconf 90' lang='lat' dir='ltr'><strong>nt</strong></span> <span class='ocrx_word' id='word_1_272' title='bbox 1047 2759 1121 2800; x_wconf 70' lang='lat' dir='ltr'><strong>vates</strong></span> <span class='ocrx_word' id='word_1_273' title='bbox 1133 2782 1140 2803; x_wconf 80' lang='lat'>‚</span> <span class='ocrx_word' id='word_1_274' title='bbox 1150 2762 1256 2799; x_wconf 82' lang='lat' dir='ltr'><strong>vaecors</strong></span> <span class='ocrx_word' id='word_1_275' title='bbox 1269 2782 1276 2801; x_wconf 86' lang='lat'><strong>.</strong></span> <span class='ocrx_word' id='word_1_276' title='bbox 1293 2744 1358 2802; x_wconf 81' lang='lat' dir='ltr'><strong>iarn,</strong></span> 
     </span>
     <span class='ocr_line' id='line_1_62' title="bbox 870 2833 1358 2892; baseline -0.014 -3"><span class='ocrx_word' id='word_1_277' title='bbox 870 2853 930 2892; x_wconf 83' lang='lat' dir='ltr'><strong>voa.</strong></span> <span class='ocrx_word' id='word_1_278' title='bbox 949 2834 1087 2890; x_wconf 83' lang='lat' dir='ltr'><strong>maiestas,</strong></span> <span class='ocrx_word' id='word_1_279' title='bbox 1107 2833 1206 2888; x_wconf 85' lang='lat' dir='ltr'><strong>maior,</strong></span> <span class='ocrx_word' id='word_1_280' title='bbox 1225 2841 1252 2883; x_wconf 91' lang='lat' dir='ltr'><strong>et</strong></span> <span class='ocrx_word' id='word_1_281' title='bbox 1269 2843 1358 2884; x_wconf 81' lang='lat' dir='ltr'><strong>cetera</strong></span> 
     </span>
     <span class='ocr_line' id='line_1_63' title="bbox 870 2919 1359 2989; baseline -0.004 -15"><span class='ocrx_word' id='word_1_282' title='bbox 870 2922 944 2974; x_wconf 87' lang='lat' dir='ltr'><strong>talia·</strong></span> <span class='ocrx_word' id='word_1_283' title='bbox 962 2922 1038 2974; x_wconf 83' lang='lat' dir='ltr'><strong>Nune</strong></span> <span class='ocrx_word' id='word_1_284' title='bbox 1064 2920 1223 2989; x_wconf 83' lang='lat' dir='ltr'><strong>quaeritur,</strong></span> <span class='ocrx_word' id='word_1_285' title='bbox 1250 2919 1359 2988; x_wconf 83' lang='lat' dir='ltr'><strong>quando</strong></span> 
     </span>
     <span class='ocr_line' id='line_1_64' title="bbox 870 3007 1360 3061; baseline -0.01 0"><span class='ocrx_word' id='word_1_286' title='bbox 870 3010 900 3060; x_wconf 87' lang='lat' dir='ltr'><strong>·i·</strong></span> <span class='ocrx_word' id='word_1_287' title='bbox 911 3007 951 3061; x_wconf 80' lang='lat' dir='ltr'><strong>sel</strong></span> <span class='ocrx_word' id='word_1_288' title='bbox 964 3026 1002 3058; x_wconf 87' lang='lat' dir='ltr'><strong>·u·</strong></span> <span class='ocrx_word' id='word_1_289' title='bbox 1020 3007 1125 3060; x_wconf 81' lang='lat' dir='ltr'><strong>litterae</strong></span> <span class='ocrx_word' id='word_1_290' title='bbox 1142 3007 1198 3059; x_wconf 85' lang='lat' dir='ltr'><strong>loco</strong></span> <span class='ocrx_word' id='word_1_291' title='bbox 1216 3022 1360 3059; x_wconf 83' lang='lat' dir='ltr'><strong>consonan-</strong></span> 
     </span>
     <span class='ocr_line' id='line_1_65' title="bbox 869 3096 1360 3166; baseline -0.006 -17"><span class='ocrx_word' id='word_1_292' title='bbox 869 3098 904 3150; x_wconf 88' lang='lat' dir='ltr'><strong>tis</strong></span> <span class='ocrx_word' id='word_1_293' title='bbox 923 3097 977 3149; x_wconf 82' lang='lat' dir='ltr'><strong>sint</strong></span> <span class='ocrx_word' id='word_1_294' title='bbox 996 3098 1116 3166; x_wconf 82' lang='lat' dir='ltr'><strong>positae,</strong></span> <span class='ocrx_word' id='word_1_295' title='bbox 1136 3096 1177 3147; x_wconf 82' lang='lat' dir='ltr'><strong>vel</strong></span> <span class='ocrx_word' id='word_1_296' title='bbox 1195 3096 1302 3164; x_wconf 82' lang='lat' dir='ltr'><strong>qnando</strong></span> <span class='ocrx_word' id='word_1_297' title='bbox 1321 3111 1360 3146; x_wconf 80' lang='lat' dir='ltr'><strong>in·</strong></span> 
     </span>
     <span class='ocr_line' id='line_1_66' title="bbox 872 3182 1360 3255; baseline -0.01 -18"><span class='ocrx_word' id='word_1_298' title='bbox 872 3195 910 3237; x_wconf 82' lang='lat' dir='ltr'><strong>ter</strong></span> <span class='ocrx_word' id='word_1_299' title='bbox 928 3184 1031 3236; x_wconf 79' lang='lat' dir='ltr'><strong>vocales</strong></span> <span class='ocrx_word' id='word_1_300' title='bbox 1049 3184 1135 3255; x_wconf 81' lang='lat' dir='ltr'><strong>accipi</strong></span> <span class='ocrx_word' id='word_1_301' title='bbox 1154 3182 1260 3235; x_wconf 83' lang='lat' dir='ltr'><strong>dehent</strong></span> <span class='ocrx_word' id='word_1_302' title='bbox 1284 3184 1360 3251; x_wconf 83' lang='lat' dir='ltr'><strong>Qua·</strong></span> 
     </span>
     <span class='ocr_line' id='line_1_67' title="bbox 870 3271 1358 3326; baseline -0.008 0"><span class='ocrx_word' id='word_1_303' title='bbox 870 3291 898 3326; x_wconf 86' lang='lat' dir='ltr'><strong>re</strong></span> <span class='ocrx_word' id='word_1_304' title='bbox 916 3274 966 3326; x_wconf 86' lang='lat' dir='ltr'><strong>hoe</strong></span> <span class='ocrx_word' id='word_1_305' title='bbox 984 3289 1115 3326; x_wconf 81' lang='lat' dir='ltr'><strong>monemus</strong></span> <span class='ocrx_word' id='word_1_306' title='bbox 1135 3283 1165 3324; x_wconf 85' lang='lat' dir='ltr'><strong>nt</strong></span> <span class='ocrx_word' id='word_1_307' title='bbox 1183 3283 1247 3325; x_wconf 87' lang='lat' dir='ltr'><strong>tune</strong></span> <span class='ocrx_word' id='word_1_308' title='bbox 1266 3272 1298 3323; x_wconf 90' lang='lat' dir='ltr'><strong>·i·</strong></span> <span class='ocrx_word' id='word_1_309' title='bbox 1318 3271 1358 3324; x_wconf 84' lang='lat' dir='ltr'><strong>vel</strong></span> 
     </span>
     <span class='ocr_line' id='line_1_68' title="bbox 870 3351 1358 3429; baseline -0.012 -16"><span class='ocrx_word' id='word_1_310' title='bbox 870 3381 908 3413; x_wconf 89' lang='lat' dir='ltr'><strong>·u·</strong></span> <span class='ocrx_word' id='word_1_311' title='bbox 920 3362 975 3415; x_wconf 86' lang='lat' dir='ltr'><strong>loco</strong></span> <span class='ocrx_word' id='word_1_312' title='bbox 994 3361 1162 3414; x_wconf 82' lang='lat' dir='ltr'><strong>consonantis</strong></span> <span class='ocrx_word' id='word_1_313' title='bbox 1177 3351 1358 3429; x_wconf 77' lang='lat' dir='ltr'><strong>accipiantul.</strong></span> 
     </span>
     <span class='ocr_line' id='line_1_69' title="bbox 869 3445 1358 3519; baseline -0.006 -20"><span class='ocrx_word' id='word_1_314' title='bbox 869 3448 975 3517; x_wconf 87' lang='lat' dir='ltr'><strong>quando</strong></span> <span class='ocrx_word' id='word_1_315' title='bbox 993 3448 1159 3519; x_wconf 77' lang='lat' dir='ltr'><strong>praepositae</strong></span> <span class='ocrx_word' id='word_1_316' title='bbox 1177 3445 1315 3500; x_wconf 82' lang='lat' dir='ltr'><strong>vocabulis</strong></span> <span class='ocrx_word' id='word_1_317' title='bbox 1331 3447 1358 3496; x_wconf 85' lang='lat' dir='ltr'><strong>in</strong></span> 
     </span>
     <span class='ocr_line' id='line_1_70' title="bbox 869 3535 1359 3604; baseline 0.006 -17"><span class='ocrx_word' id='word_1_318' title='bbox 869 3536 971 3604; x_wconf 78' lang='lat' dir='ltr'><strong>syllaba</strong></span> <span class='ocrx_word' id='word_1_319' title='bbox 988 3536 1092 3588; x_wconf 85' lang='lat' dir='ltr'><strong>scilicet</strong></span> <span class='ocrx_word' id='word_1_320' title='bbox 1105 3553 1153 3588; x_wconf 88' lang='lat' dir='ltr'><strong>sua</strong></span> <span class='ocrx_word' id='word_1_321' title='bbox 1167 3535 1359 3598; x_wconf 69' lang='lat' dir='ltr'><strong>inveniuntuts</strong></span> 
     </span>
     <span class='ocr_line' id='line_1_71' title="bbox 867 3623 1358 3694; baseline 0.002 -19"><span class='ocrx_word' id='word_1_322' title='bbox 867 3625 975 3693; x_wconf 87' lang='lat' dir='ltr'><strong>quando</strong></span> <span class='ocrx_word' id='word_1_323' title='bbox 1003 3643 1065 3678; x_wconf 86' lang='lat' dir='ltr'><strong>voro</strong></span> <span class='ocrx_word' id='word_1_324' title='bbox 1087 3623 1223 3676; x_wconf 76' lang='lat' dir='ltr'><strong>subiectae</strong></span> <span class='ocrx_word' id='word_1_325' title='bbox 1240 3634 1268 3677; x_wconf 90' lang='lat' dir='ltr'><strong>et</strong></span> <span class='ocrx_word' id='word_1_326' title='bbox 1287 3624 1358 3694; x_wconf 72' lang='lat' dir='ltr'><strong>ipsae</strong></span> 
     </span>
     <span class='ocr_line' id='line_1_72' title="bbox 869 3714 1357 3785; baseline 0.004 -18"><span class='ocrx_word' id='word_1_327' title='bbox 869 3715 972 3767; x_wconf 83' lang='lat' dir='ltr'><strong>vocales</strong></span> <span class='ocrx_word' id='word_1_328' title='bbox 984 3714 1134 3766; x_wconf 85' lang='lat' dir='ltr'><strong>indicentur</strong></span> <span class='ocrx_word' id='word_1_329' title='bbox 1146 3750 1152 3770; x_wconf 85' lang='lat'><em>,</em></span> <span class='ocrx_word' id='word_1_330' title='bbox 1163 3723 1281 3785; x_wconf 85' lang='lat' dir='ltr'><strong>utputa.</strong></span> <span class='ocrx_word' id='word_1_331' title='bbox 1293 3715 1357 3769; x_wconf 81' lang='lat' dir='ltr'><strong>·in·.</strong></span> 
     </span>
     <span class='ocr_line' id='line_1_73' title="bbox 870 3798 1359 3867; baseline 0.002 -19"><span class='ocrx_word' id='word_1_332' title='bbox 870 3800 964 3867; x_wconf 87' lang='lat' dir='ltr'><strong>utique</strong></span> <span class='ocrx_word' id='word_1_333' title='bbox 991 3798 1022 3849; x_wconf 65' lang='grc' dir='ltr'><strong>οἱ·</strong></span> <span class='ocrx_word' id='word_1_334' title='bbox 1050 3813 1120 3851; x_wconf 87' lang='lat' dir='ltr'><strong>nnnc</strong></span> <span class='ocrx_word' id='word_1_335' title='bbox 1139 3799 1196 3852; x_wconf 84' lang='lat' dir='ltr'><strong>loco</strong></span> <span class='ocrx_word' id='word_1_336' title='bbox 1215 3814 1359 3850; x_wconf 85' lang='lat' dir='ltr'><strong>consonan-</strong></span> 
     </span>
     <span class='ocr_line' id='line_1_74' title="bbox 869 3883 1356 3955; baseline 0 -20"><span class='ocrx_word' id='word_1_337' title='bbox 869 3885 904 3938; x_wconf 86' lang='lat' dir='ltr'><strong>tis</strong></span> <span class='ocrx_word' id='word_1_338' title='bbox 921 3895 950 3938; x_wconf 86' lang='lat' dir='ltr'><strong>et</strong></span> <span class='ocrx_word' id='word_1_339' title='bbox 968 3902 1006 3935; x_wconf 88' lang='lat' dir='ltr'><strong>·u·</strong></span> <span class='ocrx_word' id='word_1_340' title='bbox 1025 3885 1082 3938; x_wconf 89' lang='lat' dir='ltr'><strong>loeo</strong></span> <span class='ocrx_word' id='word_1_341' title='bbox 1101 3883 1200 3938; x_wconf 80' lang='lat' dir='ltr'><strong>vocalis</strong></span> <span class='ocrx_word' id='word_1_342' title='bbox 1218 3884 1356 3955; x_wconf 77' lang='lat' dir='ltr'><strong>accipitur·</strong></span> 
     </span>
     <span class='ocr_line' id='line_1_75' title="bbox 869 3975 1357 4044; baseline 0.004 -18"><span class='ocrx_word' id='word_1_343' title='bbox 869 3975 937 4028; x_wconf 80' lang='lat' dir='ltr'><strong>ltena</strong></span> <span class='ocrx_word' id='word_1_344' title='bbox 957 3985 1008 4027; x_wconf 74' lang='lat' dir='ltr'><strong>nt·</strong></span> <span class='ocrx_word' id='word_1_345' title='bbox 1023 4013 1031 4032; x_wconf 82' lang='lat'>‚</span> <span class='ocrx_word' id='word_1_346' title='bbox 1046 3976 1141 4044; x_wconf 82' lang='lat' dir='ltr'><strong>utique</strong></span> <span class='ocrx_word' id='word_1_347' title='bbox 1159 3993 1197 4026; x_wconf 85' lang='lat' dir='ltr'><strong>·n·</strong></span> <span class='ocrx_word' id='word_1_348' title='bbox 1218 3991 1288 4028; x_wconf 87' lang='lat' dir='ltr'><strong>nune</strong></span> <span class='ocrx_word' id='word_1_349' title='bbox 1301 3975 1357 4028; x_wconf 83' lang='lat' dir='ltr'><strong>loto</strong></span> 
     </span>
     <span class='ocr_line' id='line_1_76' title="bbox 869 4061 1356 4117; baseline -0.002 -2"><span class='ocrx_word' id='word_1_350' title='bbox 869 4062 965 4116; x_wconf 79' lang='lat' dir='ltr'><strong>vocalis</strong></span> <span class='ocrx_word' id='word_1_351' title='bbox 977 4062 1166 4117; x_wconf 69' lang='lat' dir='ltr'><strong>oonsidmtur·</strong></span> <span class='ocrx_word' id='word_1_352' title='bbox 1179 4061 1222 4113; x_wconf 83' lang='lat' dir='ltr'><strong>Sae</strong></span> <span class='ocrx_word' id='word_1_353' title='bbox 1239 4061 1356 4115; x_wconf 72' lang='lat' dir='ltr'><strong>otiante</strong></span> 
     </span>
    </p>
   </div>
   <div class='ocr_carea' id='block_1_13' title="bbox 0 0 1696 5206">
    <p class='ocr_par' dir='ltr' id='par_1_13' title="bbox 0 0 1696 5206">
     <span class='ocr_line' id='line_1_77' title="bbox 0 0 1696 5206; baseline 0 1"><span class='ocrx_word' id='word_1_354' title='bbox 0 0 1696 5206; x_wconf 95' lang='lat' dir='ltr'><strong> </strong></span> 
     </span>
    </p>
   </div>
  </div>
 </body>
</html>
