3382 5206
724 562 866 611 temous
894 565 939 610 n.

566 793 631 871 xr.
657 792 723 867 uu
751 793 1017 872 auvearno.
1049 802 1100 897 (ι)

324 944 591 1115 Adverbium
610 1038 708 1109 serbi
729 1037 826 1136 quasi
848 1066 889 1109 ex
911 1038 1054 1140 obliquo
1075 1041 1246 1116 famulum
1271 1060 1346 1140 est3

325 1159 428 1232 cuius
455 1174 574 1230 tamen
595 1157 828 1230 multiformes
855 1158 988 1255 speeies
1008 1175 1114 1234 sunt:
1141 1188 1223 1232 nam
1243 1190 1348 1262 quae·

327 1277 410 1350 dam
429 1278 572 1366 locum,
594 1275 765 1376 quaedam
790 1294 930 1376 tempus
958 1279 1151 1375 designant.
1183 1278 1278 1353 Cum
1297 1281 1348 1354 di·

330 1400 381 1472 cis
407 1413 509 1484 tum,
536 1416 676 1499 tempus
703 1397 886 1495 designat3
914 1416 949 1471 at
975 1426 1058 1471 cum
1078 1399 1166 1473 dicis
1186 1415 1275 1487 tun,
1300 1400 1352 1476 lo·

328 1545 412 1593 cum
436 1517 606 1614 designat.
634 1517 687 1591 Ut
701 1530 737 1609 ᾗ*
767 1534 832 1588 tun
854 1545 1052 1617 pugnavere
1074 1535 1189 1590 totum
1210 1519 1349 1594 collecti

327 1666 392 1738 per
412 1639 517 1712 diem.
537 1636 582 1709 Et
602 1666 664 1738 pro
685 1637 788 1712 illuc:
809 1651 833 1682 “
858 1637 905 1709 ite
927 1666 993 1710 oon
1010 1666 1103 1711 arma
1124 1641 1248 1739 ponite
1268 1668 1350 1714 aera

329 1802 336 1816 ·
364 1801 371 1816 ·
399 1801 406 1817 ·
433 1757 551 1831 hastis.
580 1754 625 1828 Et
646 1757 842 1828 coniuncta
863 1756 934 1829 duo
962 1770 985 1801 “
1014 1775 1081 1830 tun
1104 1786 1171 1830 con
1195 1759 1231 1830 in
1251 1786 1350 1832 mare

331 1878 508 1952 fluctuans
531 1877 746 1951 consternari
762 1878 849 1951 fecit
869 1896 936 1952 etc.
958 1878 1038 1951 Nec
1058 1878 1148 1951 duae
1169 1880 1274 1953 simul
1293 1908 1352 1955 vo·

328 1999 418 2071 cales
450 1999 713 2088 aestimentur,
740 2000 833 2071 sicut
861 2001 1026 2099 superius
1055 2001 1283 2100 exposuimus
1310 2001 1349 2075 iu

329 2118 607 2219 pronominibus.
641 2118 685 2190 ln
719 2145 925 2218 quassorum
951 2121 1204 2219 compositione
1235 2121 1353 2196 adver·

328 2239 428 2310 bium
455 2238 660 2311 nominibus
687 2238 932 2336 adiungehant
955 2257 1114 2328 veteres,
1142 2257 1202 2317 ut:
1229 2242 1283 2315 vir
1312 2244 1351 2315 in

328 2359 405 2431 acie
434 2360 571 2432 fortiter
599 2388 662 2460 pro
694 2359 797 2431 domo
825 2359 948 2431 liberis
981 2378 1017 2432 et
1046 2361 1154 2458 capite
1187 2380 1352 2460 pugna13

328 2507 399 2551 non
425 2497 544 2553 autem
571 2481 711 2552 sortiter
730 2495 891 2578 pugnat,
919 2478 980 2551 sed
1000 2479 1052 2549 vir
1075 2478 1223 2554 sortiter.
1253 2480 1350 2554 Sunt

327 2596 488 2669 adverbia
508 2626 600 2697 quae
622 2615 793 2697 putantur
815 2625 889 2670 esse
912 2597 1054 2670 nomina
1073 2599 1267 2687 neutralia,
1287 2599 1350 2672 aed

328 2743 401 2788 non
423 2734 532 2812 sunt3
560 2735 599 2789 ut
620 2718 751 2815 longe,
780 2747 909 2817 prope,
936 2744 1105 2806 necesso,
1133 2719 1258 2806 lacile,
1287 2718 1352 2791 dif-

330 2836 447 2922 licite,
476 2854 515 2908 ut
540 2838 569 2908 si
599 2838 721 2912 dicas:
748 2838 851 2934 longe
881 2854 933 2910 est
960 2865 1024 2910 nos
1053 2837 1091 2908 in
1119 2837 1175 2909 his
1202 2837 1350 2911 ulterius

331 2957 537 3029 commorari
557 2957 657 3030 locis.
678 2956 724 3028 Et
748 2986 857 3057 prope
879 2975 978 3046 erat,
999 2958 1140 3057 iuquit,
1162 2956 1354 3032 Phoebum

330 3104 457 3149 occasu
481 3076 587 3149 celeri
607 3105 745 3151 movere
768 3106 813 3152 se.
840 3077 887 3150 Et
905 3104 1075 3164 neeesse,
1099 3076 1242 3178 inquit,
1272 3075 1352 3150 Gal·

328 3197 380 3267 los
407 3196 486 3268 lieri
509 3196 660 3273 fallaces.
687 3196 735 3270 Et
760 3199 913 3287 iterum,
941 3196 1042 3270 lacile
1072 3214 1125 3269 est
1145 3197 1260 3270 virum
1278 3196 1353 3270 vin·

332 3316 363 3388 ci
388 3372 397 3402 ‚
423 3316 496 3388 viro
524 3317 663 3389 virtutis
694 3319 810 3391 subito
839 3317 1132 3418 superveniente.
1169 3313 1266 3389 Sunt
1296 3313 1354 3389 ad·

330 3437 447 3508 verbia
476 3453 508 3508 et
534 3437 679 3510 nomina
706 3456 742 3511 et
768 3438 900 3525 verba,
927 3454 969 3510 ut
1000 3436 1095 3509 falso.
1128 3433 1229 3507 Dicis
1257 3434 1355 3510 enim

331 3570 354 3599 “
385 3556 468 3627 salso
487 3585 549 3629 vos
579 3615 612 3646 ‚‚.
640 3556 708 3631 Hic
729 3560 879 3633 verbum
901 3575 954 3630 est
974 3557 1108 3655 primae
1137 3553 1356 3652 coniugatio·

333 3675 391 3746 nis
417 3675 501 3749 salso
527 3677 641 3752 falsas.
673 3676 720 3749 Et
752 3679 901 3752 ablativo
928 3704 1010 3750 casu
1039 3688 1063 3719 “
1095 3675 1178 3748 falso
1206 3675 1353 3750 nomine

334 3810 476 3866 vocatur
507 3851 542 3883 „.
569 3793 617 3867 Et
639 3797 844 3869 adverbium
864 3810 888 3841 “
911 3796 996 3871 salso
1016 3794 1171 3893 loqueris
1196 3853 1230 3883 ,‚.
1256 3792 1356 3871 Sunt

415 4047 458 4119 (r)
478 4048 607 4102 Memorat
627 4049 693 4102 haee
713 4061 740 4102 et
758 4047 898 4119 sequentia
917 4045 1048 4114 Virgilius
1067 4058 1159 4101 noster
1176 4067 1202 4120 p·
1222 4047 1268 4104 6⁸.
1288 4048 1335 4120 84.

993 4173 1007 4218 1
1016 4173 1038 4223 0
