3382 5206
344 576 415 657 ᾖ
506 708 572 788 DE
599 708 803 788 PAPYRO
830 708 1149 793 RAVENNATE.

333 846 537 980 Aegyptini·
558 909 774 981 ptolemaicorurn
800 919 948 980 temporum
973 910 1083 982 papyris
1108 923 1277 968 ravennatem
1291 932 1340 987 pa·

330 1012 428 1067 pyrnnr
445 996 532 1056 addo,
555 1015 625 1068 quse
645 1009 707 1051 ante
725 997 774 1051 hos
799 1014 882 1051 annos
896 997 967 1052 curis
992 999 1057 1053 meis
1075 1003 1104 1053 in
1121 1001 1274 1055 vaticanam
1294 1001 1341 1054 bi-

330 1079 490 1138 bliotlrecuru
510 1083 520 1156 (
533 1086 604 1137 unde
616 1084 678 1138 olinr
691 1084 780 1138 nescio
798 1101 852 1154 quo
871 1101 934 1136 mu
947 1085 1115 1157 excesserat)
1130 1097 1252 1140 revocate
1268 1086 1342 1142 tuit.

330 1168 446 1241 ideoque
462 1172 497 1224 V·
522 1172 555 1225 C.
573 1171 702 1226 Caietano
723 1172 840 1225 Marinio
859 1171 989 1226 decessori
1009 1189 1065 1227 nreo
1079 1173 1188 1227 minime
1201 1173 1346 1237 innotuit,

331 1276 391 1312 euni
403 1278 480 1313 suurn
495 1279 654 1332 papyrorunr
668 1260 789 1315 volumen
802 1261 1061 1331 componeret.llane
1076 1280 1206 1334 papyrum
1216 1262 1344 1316 Fulvium

332 1347 457 1401 Ursinurn
470 1349 605 1418 quondam
624 1348 912 1404 habuissedonrinnnr.
932 1348 1010 1404 docet
1032 1367 1073 1403 ine
1086 1351 1220 1418 catalogus
1239 1367 1289 1403 nrs.
1307 1348 1344 1400 li·

326 1432 435 1489 brornnr
452 1436 627 1508 codicemque
637 1437 696 1490 eius
713 1440 740 1489 in
754 1436 879 1490 vaticana
894 1435 1057 1491 bibliotheca
1075 1448 1230 1508 superstes.
1250 1453 1344 1488 manu·

330 1539 384 1592 que
398 1521 484 1594 ipsius
494 1523 661 1596 subscriptus
681 1535 762 1595 atque
772 1523 859 1592 sigilio
877 1525 1060 1579 communitus.
1075 1508 1105 1577 1u'
1116 1542 1148 1580 eo
1161 1524 1199 1578 sic
1210 1524 1323 1577 Ursinus
1334 1540 1342 1573 r

330 1627 370 1662 un
382 1613 482 1682 papiro
498 1615 596 1665 scritto
607 1618 638 1665 in
654 1615 757 1666 lettera
779 1629 892 1665 romanu
905 1649 912 1668 .
926 1611 977 1684 piis
995 1615 1088 1666 antica
1104 1613 1182 1665 della
1196 1612 1344 1684 longobar·-

330 1693 392 1758 du.
415 1698 518 1754 dorreti
537 1719 576 1752 un
592 1703 743 1774 pn'vs'legio
761 1699 796 1753 dr·
816 1720 856 1754 un
879 1705 1067 1773 Imperatore,
1089 1700 1137 1754 cde
1160 1709 1305 1753 sottomette
1328 1701 1343 1751 ι’

330 1790 434 1840 vescovi
461 1789 494 1840 di
515 1790 653 1861 Ilomagna
680 1788 732 1840 att·
748 1791 948 1841 creissacovato
968 1786 1001 1840 di
1024 1788 1286 1857 Ravenna.1ieapse
1311 1798 1343 1842 et

255 1926 259 1935 ,
330 1874 465 1943 ughellius
483 1877 509 1930 in
533 1894 591 1948 epp.
615 1878 680 1930 ilar·
694 1876 831 1947 complura
845 1879 1036 1948 imperatorum
1056 1875 1194 1947 privilegis
1215 1875 1274 1928 eius
1288 1891 1339 1941 qe·

330 1962 401 2016 sacris
419 1940 515 2016 εῶἰι
535 1961 674 2016 ravennati
699 1961 824 2016 ccclesiae
845 1980 992 2027 concessa,
1020 1963 1138 2033 itemque
1170 1979 1339 2016 romanorum

331 2045 488 2100 Pontificum
498 2048 545 2118 qui
556 2049 597 2102 vel
609 2048 756 2120 imperialia
774 2046 904 2101 beneficia
922 2050 1078 2102 confirmant
1086 2048 1126 2102 vel
1138 2059 1243 2116 augent.
1258 2046 1338 2100 Nune

333 2132 386 2186 etsi
411 2133 505 2186 mutila
530 2151 649 2205 papyrus
667 2135 748 2188 titulo
775 2146 802 2187 et
829 2134 1025 2205 subscriptione
1040 2146 1129 2192 caret.
1152 2133 1221 2186 malo
1246 2143 1339 2186 tanuen

330 2239 391 2274 curn
409 2222 504 2275 Ursino
532 2222 566 2275 de
589 2222 719 2294 imperiali
735 2241 816 2294 quarn
834 2222 867 2276 ds
887 2225 1026 2294 pontificio
1046 2204 1185 2295 privilegio
1203 2224 1337 2288 cogitare.

323 2415 331 2432 .
352 2418 360 2434 .
382 2419 390 2436 .
409 2387 430 2432 a
449 2359 543 2433 beati
562 2358 779 2462 Apollinaris
795 2360 985 2435 sacerdotis
1005 2359 1208 2461 antiquit..
1225 2417 1233 2434 .
1250 2354 1348 2433 Con·

322 2476 537 2578 spiraeiones
568 2507 652 2554 vero
682 2496 788 2579 atque
813 2480 1031 2568 seditiones,
1064 2504 1157 2577 quae
1185 2475 1351 2575 aliquan-

325 2598 373 2672 do
396 2600 460 2675 ab.
474 2659 500 2675 ..
514 2628 597 2675 us..
611 2659 618 2674 .
632 2599 784 2673 fuerunt
807 2616 929 2673 contra
949 2615 1091 2671 sanctos
1116 2612 1152 2669 et
1176 2611 1350 2694 martyres

325 2716 432 2809 Dei,
467 2720 497 2792 si
527 2718 566 2792 in
599 2736 714 2795 vestra
748 2719 886 2794 civitate
920 2735 1018 2792 ortae
1051 2715 1188 2791 inerint
1222 2730 1352 2787 contra

327 2868 387 2913 ros
410 2868 700 2941 successoresque
719 2856 875 2929 vestros,
900 2853 1054 2910 noscant
1077 2864 1113 2909 se
1134 2834 1351 2935 compositu·

325 2962 458 3034 rosilli
492 2963 556 3062 qui
584 2962 649 3042 hoc
673 2962 788 3033 facere
820 2958 1102 3062 praesumserint
1134 2955 1215 3029 auri
1242 2955 1351 3027 libras

327 3097 483 3155 centurn.
512 3078 696 3179 Pauperes
716 3104 869 3178 namque
889 3077 928 3150 in
952 3102 1097 3174 corpore
1118 3101 1183 3147 suo
1206 3072 1353 3170 condig-

323 3227 410 3274 nam
434 3200 591 3272 habeant
616 3198 885 3298 correptionem.
916 3194 1159 3282 Sacerdotes,
1187 3191 1349 3280 clerum,

324 3336 461 3410 tonsos,
478 3317 762 3392 sanctimoniales
784 3315 951 3402 seminas,
979 3329 1113 3386 actores
1138 3309 1350 3383 ecclesiasti-

324 3469 405 3530 cos,
426 3440 662 3528 domesticos,
680 3455 743 3512 ant
763 3434 1029 3511 commendatos
1049 3431 1215 3506 ecclesiae
1236 3429 1349 3502 diver-

219 3620 228 3633 ,
323 3587 362 3633 so
383 3587 491 3647 sexu,
515 3556 788 3656 staurophorus,
808 3555 974 3653 cophreas
997 3554 1071 3652 (r),
1092 3567 1277 3635 stratores,
1292 3548 1346 3619 rel

323 3701 492 3756 cunctam
513 3681 681 3754 familiam
705 3696 849 3753 sanctae
879 3676 961 3751 Rav.
988 3674 1183 3761 ecclesiae,
1212 3671 1345 3744 tamin

324 3801 467 3874 civitate
499 3799 671 3872 Ravenna
698 3825 803 3898 quam
829 3796 892 3896 qui
915 3812 950 3866 et
973 3795 1023 3892 (2)
1044 3811 1142 3866 extra
1176 3819 1253 3865 eam
1282 3819 1346 3890 por

318 3918 456 3992 diversa
475 3919 553 3991 loca
576 3917 630 3990 vei
653 3916 825 3990 territoria
851 3912 1071 3999 residentes,
1098 3909 1220 3983 nullus
1243 3936 1347 4007 prae-

368 4102 410 4176 (ι)
423 4101 568 4172 Cossus-ius
580 4100 650 4171 apud
660 4097 789 4165 cangium
799 4108 839 4150 est
852 4098 993 4150 arsenius.
1031 4092 1074 4164 (u)
1087 4093 1125 4144 Bt
1138 4090 1337 4161 superadditur.
