3382 5206
903 414 914 453 Ι

554 556 719 627 ηιπιιιιοᾼ
741 550 873 604 esurus.
1119 529 1197 628 497

608 813 650 858 DE
675 810 823 857 TfflRNA.

291 1050 346 1124 ¹9·
373 1021 470 1099 Haec
490 1024 631 1098 alborea
652 1023 826 1097 exomiost
846 1021 1017 1108 taberna,
1037 1045 1127 1119 quae
1143 1017 1232 1118 apio»

208 1172 260 1220 sas
279 1143 504 1219 breviusculo
524 1134 681 1242 teg'mine
701 1159 790 1217 artat
804 1158 905 1217 setas.
919 1138 1152 1237 Quadrigono
1171 1137 1238 1211 oea·

211 1280 351 1361 gestum
368 1280 490 1338 sutum
509 1279 561 1337 est
580 1264 748 1361 figmento
767 1260 1001 1362 archimium:
1021 1259 1161 1334 unitam
1176 1282 1235 1329 su·

208 1410 316 1483 perna
342 1384 566 1483 amplectitur
593 1383 736 1455 ianuam
762 1408 854 1472 ora,
879 1409 972 1481 quae
998 1378 1124 1453 stricto
1150 1375 1233 1450 assi·
1305 1400 1308 1405 ·

210 1503 306 1580 libus
317 1503 500 1605 polygonis
514 1505 558 1603 (a)
574 1502 662 1576 rotis
674 1501 830 1577 cluditur
843 1501 1032 1602 operculo,
1052 1526 1092 1573 oc
1104 1498 1159 1572 bis
1180 1522 1234 1573 ae·

211 1625 269 1699 nis
280 1623 443 1722 alligatur
454 1624 544 1698 adeo
557 1621 729 1711 restibus,
751 1623 915 1724 fluaque
935 1638 1138 1696 croatorum
1158 1644 1235 1692 cer·

211 1744 352 1819 vicibus
372 1745 513 1818 vehitur
532 1746 678 1820 sarcina.
693 1741 756 1818 His
771 1743 927 1818 inditum
942 1742 1143 1844 depromam
1158 1765 1237 1812 cur·

211 1888 317 1937 ranae
344 1862 507 1940 ductum.
535 1862 720 1963 saginatas
747 1863 899 1965 pecudis
930 1862 1068 1938 dudum
1094 1859 1235 1959 tegebat

213 2011 361 2084 pernas,
387 1984 592 2087 hirtumque
613 2002 722 2061 acuto
741 1986 890 2060 [romine
911 1981 1104 2058 decoriavit
1123 1980 1237 2055 carni·

213 2105 270 2180 fex
296 2106 456 2195 corium,
483 2105 666 2207 densaque
690 2123 834 2181 tensum
854 2123 910 2181 est
929 2106 1057 2208 parieti
1078 2106 1170 2179 inter
1188 2104 1237 2177 vi·

214 2224 336 2314 mina,
363 2253 404 2300 ac
424 2226 527 2325 igneo
548 2226 641 2300 aruit
659 2228 787 2315 sumo,
812 2227 992 2329 obansque
1013 2225 1174 2300 edictum
1193 2222 1240 2296 la·

217 2344 350 2419 curarit
369 2346 483 2446 opifex
502 2347 736 2423 archimium:
755 2346 907 2420 astrictis
929 2346 1095 2420 corialem
1117 2342 1243 2445 pastri-

221 2462 310 2538 cavit
342 2464 512 2562 corregiis
543 2463 730 2562 tegulam,
757 2466 812 2539 bis
837 2466 942 2539 binos
975 2461 1155 2565 plasmavit
1181 2473 1242 2535 an·

217 2580 340 2678 gulos,
362 2579 527 2683 lectoque
546 2582 731 2683 pellicium
750 2584 941 2683 gestamine
960 2583 1110 2685 perfecit
1130 2606 1240 2654 arma-
1319 2602 1322 2607 ’

219 2699 322 2775 rium
346 2698 496 2775 Caetera
507 2729 581 2791 non
594 2702 732 2803 explico
748 2703 881 2778 famine
903 2718 1073 2789 stemate,
1092 2729 1136 2773 ne
1157 2700 1241 2774 doc·

220 2819 325 2893 toreis
352 2821 567 2897 suscitavero
592 2822 776 2898 fastidium
803 2825 934 2900 castris.

635 3093 678 3145 DE
703 3091 831 3140 mill-t.

303 3326 362 3374 ao.
389 3298 486 3376 Haec
512 3304 656 3378 arborea
681 3305 783 3382 lectis
802 3306 968 3406 plasmata
987 3323 1041 3381 est
1059 3304 1178 3380 tabula
1197 3305 1246 3377 fo

226 3419 378 3509 mentis,
405 3449 496 3520 quae
524 3450 566 3497 ex
591 3423 702 3499 altero
725 3423 863 3500 climate
885 3453 1021 3501 ceream
1040 3426 1182 3527 copulat
1207 3425 1249 3499 li·

225 3551 350 3613 turam.
376 3535 524 3615 Defidas
543 3539 710 3642 lignisero
731 3544 933 3619 intercessu
952 3545 1066 3620 nectit
1087 3544 1249 3621 colomel-

224 3658 303 3746 los,
329 3659 369 3732 in
394 3659 475 3760 quis
501 3678 637 3764 compta
663 3662 748 3737 lusit
767 3665 953 3741 caelatura.
983 3666 1092 3741 Atiud
1115 3668 1183 3741 iam
1201 3666 1248 3741 la·
1296 3648 1304 3662 .

232 3793 289 3851 tus
315 3780 504 3856 arboreum
523 3780 722 3858 maiusculo
741 3782 854 3860 ductu
873 3785 976 3886 stipat
996 3787 1105 3861 situm
1119 3824 1135 3877 ‚·
1156 3786 1250 3861 varis

291 3944 329 4009 (t)
346 3948 400 3996 Cod-
415 3949 549 4008 pslltgoms.

917 4036 963 4109 32
