3382 5206
620 712 675 790 IN
684 710 1053 795 TERPBETA'PIO.
1264 582 1334 687 357

310 1146 316 1157 ἱ
365 1078 496 1270 Regi
522 1167 722 1247 Ptolemaeo
743 1189 779 1246 et
797 1171 937 1270 reginae
959 1168 1164 1274 Cleopatrae
1192 1158 1321 1250 sorori
1367 1116 1372 1126 ·

549 1307 620 1382 diis
640 1308 798 1410 parentis
823 1335 906 1383 suae
926 1309 1121 1385 amantibus

325 1456 531 1527 Ptolemaeus
543 1458 701 1528 Glauciae
714 1457 800 1528 filius
811 1459 965 1546 macedo,
979 1463 1038 1553 qui
1051 1461 1217 1534 astartidei
1229 1460 1341 1534 sacelli

488 1576 584 1681 apud
604 1577 806 1680 Memphim
830 1578 868 1653 in
897 1606 1021 1680 magno
1040 1608 1184 1684 serapeo

521 1715 681 1792 adhunc
700 1743 814 1817 usque
833 1715 929 1792 diem
948 1734 1066 1794 custos
1086 1734 1159 1810 est,

755 1851 911 1929 salutem.

329 2229 528 2395 Iniuriam
549 2318 661 2420 patior
683 2316 727 2392 ah
739 2316 870 2417 Argivo
886 2314 1017 2394 [amulo
1029 2315 1185 2395 Demeae
1203 2315 1346 2396 Dexilai

327 2456 415 2530 filiae
434 2513 443 2546 ‚
474 2455 538 2556 qui
567 2454 656 2528 mihi
683 2454 859 2556 stipendia
881 2484 900 2528 a
928 2472 991 2545 te,
1013 2483 1146 2547 oren,
1176 2457 1344 2532 attributa

328 2590 512 2664 subtrahit.
538 2586 681 2662 Etenim
704 2614 815 2691 quum
840 2616 934 2663 anno
963 2614 1053 2665 xxtv.
1075 2604 1110 2663 te
1133 2589 1342 2688 rogavissem

327 2743 368 2800 ut
400 2727 545 2799 fratrem
570 2751 690 2800 meum
718 2722 952 2825 Apollonium
981 2723 1073 2799 mihi
1106 2723 1345 2822 concederes;

329 2875 440 2963 tuque
462 2862 697 2952 concesseris,
727 2860 891 2934 mandato
910 2859 955 2934 ad
985 2858 1123 2935 Dexilai
1146 2860 1256 2935 liliam
1273 2858 1346 2936 De-

328 3025 444 3072 meam
473 2999 598 3088 misso,
624 2997 735 3070 nihilo
767 3013 886 3070 tamen
906 2996 1025 3071 minus
1049 2997 1250 3098 praedictus
1279 2995 1348 3070 Ar·

330 3133 429 3232 givos
448 3132 679 3234 Apollonium
698 3160 717 3207 a
735 3160 791 3207 me
814 3133 975 3208 avulsum
992 3132 1037 3206 ad
1055 3134 1253 3208 ministeria
1270 3162 1346 3235 per·

329 3269 455 3358 trahit,
475 3269 692 3371 insuperque
712 3267 887 3370 stipendia
905 3269 1126 3371 negat‚quia
1145 3296 1202 3344 me
1223 3269 1347 3344 defen·

328 3430 404 3475 sore
424 3402 522 3475 omni
537 3401 721 3502 spoliatum
747 3402 861 3490 videt,
887 3417 1033 3502 propter
1052 3428 1174 3476 eorum
1193 3401 1256 3502 qui
1274 3401 1344 3474 hoc

329 3537 367 3608 in
387 3535 464 3609 loco
492 3554 576 3610 sunt
604 3536 869 3637 improbitatem.
889 3531 1103 3610 Sacerdotes
1123 3536 1220 3610 enim
1238 3550 1344 3635 atque
