3382 5206
463 567 692 641 cnannarrca
717 592 761 638 rr
787 590 950 639 nsrrrct.
1135 575 1199 644 ⁵63

196 692 425 760 celeumaticus
455 687 652 780 profertur?
688 692 734 755 M.
770 689 938 781 indirupta
956 664 1001 759 ⁸et
1032 694 1219 763 inconvulsa

194 797 356 865 firmitatis
379 821 515 863 censura
539 820 667 884 semper
691 799 830 861 acuitur.

560 1008 608 1072 De
633 1006 846 1096 dispondaeo.

1148 1110 1165 1162 ⁴

238 1236 269 1288 Δ.
295 1224 384 1305 Quae
407 1240 482 1285 sunt
508 1223 637 1285 nornina
662 1218 702 1282 ad
728 1217 964 1307 dispondaeum
990 1221 1051 1287 rite
1079 1243 1216 1309 congru·

193 1325 310 1396 entia?
336 1330 381 1392 Μ.
407 1328 622 1408 Servatures,
647 1343 899 1416 praeceptores,
924 1325 1123 1409 bellatores,
1148 1350 1218 1392 ora·

192 1452 299 1517 tores,
331 1432 526 1522 pastorales,
562 1431 766 1513 aeternales,
797 1431 1011 1527 inmortales,
1044 1430 1217 1513 infelices,
1307 1416 1315 1429 ⁰

190 1560 399 1623 scrutatores,
424 1541 613 1621 dictatores,
637 1559 852 1606 mer-ratores,
878 1542 1073 1629 piscatores,
1099 1564 1218 1629 regna·

190 1663 299 1728 tores,
330 1665 523 1712 curatores,
560 1644 757 1723 luctatores,
791 1646 988 1711 rimatores»
1022 1642 1214 1711 auditores,

191 1754 391 1817 nutritores,
418 1769 614 1832 venatores,
639 1749 842 1837 vespellones
864 1748 899 1813 id
922 1765 969 1815 est
1003 1745 1122 1816 fossarii
1154 1751 1212 1837 qui

191 1880 326 1945 corpora
360 1854 530 1933 humant,
565 1852 653 1920 unde
683 1855 816 1920 Orosius
843 1889 876 1900 -·
900 1878 958 1942 pet·
991 1851 1216 1943 vespellones,

191 1963 298 2052 inquit
326 2010 336 2044 ,
372 1964 406 2026 in
438 1961 589 2027 Tiberim
622 1978 762 2026 tractum
798 1976 855 2025 est.
880 1993 920 2007 -
942 1959 1053 2026 Verba
1085 1983 1216 2050 quoque

193 2083 258 2131 tarn
282 2066 448 2154 praeteriti
473 2089 570 2153 quarn
594 2064 694 2130 satuti
719 2064 872 2152 temporis
896 2063 948 2128 his
973 2063 1091 2154 regulis
1110 2067 1216 2154 opitu·

191 2170 302 2235 lentur
317 2210 326 2237 2
349 2190 384 2235 ut
409 2170 654 2237 mulcaverunt,
677 2168 902 2236 sulcaverunt,
926 2168 1153 2258 stipaverunt,
1167 2158 1231 2235 su?

190 2273 372 2341 daverunts
397 2273 604 2341 inlexerant,
639 2293 860 2362 perrexerunt.
885 2277 969 2340 Item
1001 2270 1105 2341 futuri
1133 2300 1215 2342 con·

190 2379 412 2468 quassabunts
437 2380 673 2460 utnectabunt,
697 2377 958 2446 exanthlabunts
983 2379 1211 2447 resultabunt·

187 2482 373 2573 etreliqua.
397 2484 480 2551 Sunt
495 2483 701 2550 itidentidem
729 2487 861 2549 nourina
889 2484 1048 2551 verbialia
1071 2487 1106 2551 in
1128 2487 1213 2553 trix·

189 2588 368 2656 desinentia
391 2587 566 2655 feminina,
588 2590 669 2653 sicut
688 2587 864 2653 masculina
883 2592 916 2654 in
942 2607 1013 2655 dur·
1038 2592 1214 2658 terminan-

189 2713 261 2770 tur3
287 2693 342 2761 sed
367 2692 522 2760 feminina
551 2695 750 2783 dispondaeo
779 2695 1028 2783 nmncipantur,
1058 2694 1213 2762 masculi·

187 2825 227 2864 na
261 2823 337 2864 vero
370 2801 579 2890 correptione
609 2798 740 2866 ultimae
768 2799 912 2891 syllabae
946 2802 1070 2889 epitriti
1102 2804 1211 2891 quarti

185 2905 393 2970 subiectionis
418 2908 529 2999 iugum
566 2899 650 2971 lerre
675 2932 738 2970 non
763 2921 944 2981 reeusaut;
975 2922 1009 2971 ut
1042 2905 1237 2996 indagator,

190 3008 390 3100 indagatrix,
413 3009 626 3077 conlaudatur
649 3009 897 3091 coutantur-iv,
922 3007 1124 3077 declamator
1150 3013 1212 3078 de·

185 3113 373 3182 clamatrixs
394 3118 585 3208 suffragator
601 3117 804 3209 suffragatrix
820 3154 830 3184 s
848 3118 1005 3185 exaltator
1021 3120 1211 3190 exaltatrix·

182 3221 429 3287 ‘commendator
452 3220 727 3289 commendatrix,
751 3241 989 3290 commentator
1015 3243 1210 3291 commenta·

184 3327 274 3390 trix,
306 3323 396 3415 quod
425 3326 531 3392 oritur
563 3350 581 3390 a
613 3327 713 3393 verbu
745 3349 949 3396 commentor
979 3331 1211 3395 commentaris

183 3449 437 3509 commentatum
457 3430 547 3498 utrde
569 3450 601 3498 ct
622 3448 843 3499 commentum
867 3450 898 3500 ct
921 3434 1206 3501 commentarium.

181 3538 449 3620 lnllamnratrix,
478 3536 659 3602 insultatrix
683 3587 693 3618 ,
723 3536 939 3626 dispensatrix
963 3576 971 3605 s
1007 3539 1205 3604 assentatrix.

183 3644 277 3709 Unde
297 3646 438 3729 Prosper
457 3665 533 3706 cam
554 3640 593 3705 de
617 3643 753 3709 crimine
776 3641 970 3707 adulationis
992 3641 1207 3731 loqueretur,

178 3748 345 3812 subiunxit
362 3747 471 3812 dicens
495 3744 660 3836 --lingua
688 3748 875 3811 assentatrix
904 3747 1019 3812 vitium
1038 3752 1207 3835 peccantis

179 3874 319 3923 acervat.
344 3894 378 3906 -·
401 3858 516 3922 Oritur
544 3861 641 3921 etiam
669 3882 685 3917 a
717 3859 963 3946 participiorum
994 3858 1202 3946 significatio·

179 3963 275 4028 nibns
303 3963 459 4050 praedicti
490 3961 579 4050 pedis
611 3961 723 4050 regola
745 4014 754 4042 ,
780 3981 812 4026 nt
846 3978 1125 4052 contorquentes,
1153 3965 1208 4055 in·¹

110 4099 114 4106 ¹
177 4070 371 4158 pingentes,
400 4067 636 4157 suffragantes,
664 4067 863 4159 allegantes,
893 4067 1130 4152 retrudentes,
1160 4072 1206 4136 ie·

871 4190 948 4257 36*
