<?xml version="1.0" encoding="UTF-8"?>
<!DOCTYPE html PUBLIC "-//W3C//DTD XHTML 1.0 Transitional//EN"
    "http://www.w3.org/TR/xhtml1/DTD/xhtml1-transitional.dtd">
<html xmlns="http://www.w3.org/1999/xhtml" xml:lang="en" lang="en">
 <head>
  <title>
</title>
<meta http-equiv="Content-Type" content="text/html;charset=utf-8" />
  <meta name='ocr-system' content='tesseract 3.04.00' />
  <meta name='ocr-capabilities' content='ocr_page ocr_carea ocr_par ocr_line ocrx_word'/>
</head>
<body>
  <div class='ocr_page' id='page_1' title='image "./classicorumauct00vatigoog_0147.png"; bbox 0 0 3382 5206; ppageno 0'>
   <div class='ocr_carea' id='block_1_1' title="bbox 672 600 1313 682">
    <p class='ocr_par' dir='ltr' id='par_1_1' title="bbox 672 600 1313 682">
     <span class='ocr_line' id='line_1_1' title="bbox 672 600 1313 682; baseline 0.002 -30"><span class='ocrx_word' id='word_1_1' title='bbox 672 606 715 653; x_wconf 81' lang='lat' dir='ltr'><strong>ur</strong></span> <span class='ocrx_word' id='word_1_2' title='bbox 741 600 997 656; x_wconf 75' lang='lat' dir='ltr'><strong>mamosmonr.</strong></span> <span class='ocrx_word' id='word_1_3' title='bbox 1266 604 1313 682; x_wconf 79' lang='lat' dir='ltr'><strong>qr</strong></span> 
     </span>
    </p>
   </div>
   <div class='ocr_carea' id='block_1_2' title="bbox 231 714 1345 4179">
    <p class='ocr_par' dir='ltr' id='par_1_2' title="bbox 325 714 1345 1299">
     <span class='ocr_line' id='line_1_2' title="bbox 329 714 1345 819; baseline 0.001 -29"><span class='ocrx_word' id='word_1_4' title='bbox 329 774 354 807; x_wconf 86' lang='lat'><strong>‚‚</strong></span> <span class='ocrx_word' id='word_1_5' title='bbox 382 717 455 816; x_wconf 84' lang='lat' dir='ltr'><strong>gite</strong></span> <span class='ocrx_word' id='word_1_6' title='bbox 475 715 519 792; x_wconf 87' lang='lat' dir='ltr'><strong>ad</strong></span> <span class='ocrx_word' id='word_1_7' title='bbox 540 714 796 819; x_wconf 89' lang='lat' dir='ltr'><strong>proeliandum</strong></span> <span class='ocrx_word' id='word_1_8' title='bbox 810 774 835 815; x_wconf 78' lang='lat'><strong>,‚</strong></span> <span class='ocrx_word' id='word_1_9' title='bbox 848 716 885 789; x_wconf 87' lang='lat' dir='ltr'><strong>id</strong></span> <span class='ocrx_word' id='word_1_10' title='bbox 899 732 954 790; x_wconf 88' lang='lat' dir='ltr'><strong>est</strong></span> <span class='ocrx_word' id='word_1_11' title='bbox 966 741 1069 791; x_wconf 90' lang='lat' dir='ltr'><strong>nunc</strong></span> <span class='ocrx_word' id='word_1_12' title='bbox 1081 716 1231 818; x_wconf 78' lang='lat' dir='ltr'><strong>pergite.</strong></span> <span class='ocrx_word' id='word_1_13' title='bbox 1245 715 1345 818; x_wconf 84' lang='lat' dir='ltr'><strong>Aput</strong></span> 
     </span>
     <span class='ocr_line' id='line_1_3' title="bbox 326 836 1344 940; baseline -0.001 -28"><span class='ocrx_word' id='word_1_14' title='bbox 326 855 449 914; x_wconf 88' lang='lat' dir='ltr'><strong>autem</strong></span> <span class='ocrx_word' id='word_1_15' title='bbox 467 866 533 940; x_wconf 90' lang='lat' dir='ltr'><strong>per</strong></span> <span class='ocrx_word' id='word_1_16' title='bbox 546 837 599 911; x_wconf 87' lang='lat' dir='ltr'><strong>·T·</strong></span> <span class='ocrx_word' id='word_1_17' title='bbox 611 865 754 940; x_wconf 83' lang='lat' dir='ltr'><strong>semper</strong></span> <span class='ocrx_word' id='word_1_18' title='bbox 774 837 885 911; x_wconf 78' lang='lat' dir='ltr'><strong>scribi</strong></span> <span class='ocrx_word' id='word_1_19' title='bbox 906 836 1015 911; x_wconf 83' lang='lat' dir='ltr'><strong>debet</strong></span> <span class='ocrx_word' id='word_1_20' title='bbox 1038 866 1047 913; x_wconf 79' lang='lat' dir='ltr'><strong>t</strong></span> <span class='ocrx_word' id='word_1_21' title='bbox 1067 837 1131 910; x_wconf 87' lang='lat' dir='ltr'><strong>sed</strong></span> <span class='ocrx_word' id='word_1_22' title='bbox 1151 837 1237 938; x_wconf 83' lang='lat' dir='ltr'><strong>quia</strong></span> <span class='ocrx_word' id='word_1_23' title='bbox 1258 855 1344 937; x_wconf 86' lang='lat' dir='ltr'><strong>aput</strong></span> 
     </span>
     <span class='ocr_line' id='line_1_4' title="bbox 327 956 1344 1058; baseline -0.001 -25"><span class='ocrx_word' id='word_1_24' title='bbox 327 987 463 1034; x_wconf 87' lang='lat' dir='ltr'><strong>nomen</strong></span> <span class='ocrx_word' id='word_1_25' title='bbox 485 958 658 1034; x_wconf 79' lang='lat' dir='ltr'>scribitur</span> <span class='ocrx_word' id='word_1_26' title='bbox 670 958 836 1033; x_wconf 76' lang='lat' dir='ltr'>neutrale</span> <span class='ocrx_word' id='word_1_27' title='bbox 856 957 947 1055; x_wconf 84' lang='lat' dir='ltr'><strong>ligni</strong></span> <span class='ocrx_word' id='word_1_28' title='bbox 967 957 1108 1032; x_wconf 83' lang='lat' dir='ltr'><strong>scilicet</strong></span> <span class='ocrx_word' id='word_1_29' title='bbox 1127 956 1224 1030; x_wconf 83' lang='lat' dir='ltr'><strong>illiue</strong></span> <span class='ocrx_word' id='word_1_30' title='bbox 1241 1015 1250 1045; x_wconf 87' lang='lat'><strong><em>,</em></strong></span> <span class='ocrx_word' id='word_1_31' title='bbox 1269 983 1344 1058; x_wconf 90' lang='lat' dir='ltr'><strong>quo</strong></span> 
     </span>
     <span class='ocr_line' id='line_1_5' title="bbox 325 1076 1343 1182; baseline -0.003 -28"><span class='ocrx_word' id='word_1_32' title='bbox 325 1080 517 1158; x_wconf 86' lang='lat' dir='ltr'><strong>tundenda</strong></span> <span class='ocrx_word' id='word_1_33' title='bbox 530 1108 697 1182; x_wconf 86' lang='lat' dir='ltr'><strong>quaeque</strong></span> <span class='ocrx_word' id='word_1_34' title='bbox 719 1097 755 1154; x_wconf 84' lang='lat' dir='ltr'><strong>et</strong></span> <span class='ocrx_word' id='word_1_35' title='bbox 775 1097 894 1154; x_wconf 90' lang='lat' dir='ltr'><strong>terrae</strong></span> <span class='ocrx_word' id='word_1_36' title='bbox 909 1076 1119 1152; x_wconf 89' lang='lat' dir='ltr'><strong>iniectanda</strong></span> <span class='ocrx_word' id='word_1_37' title='bbox 1131 1077 1318 1151; x_wconf 85' lang='lat' dir='ltr'><strong>feriuntur</strong></span> <span class='ocrx_word' id='word_1_38' title='bbox 1334 1135 1343 1167; x_wconf 88' lang='lat'>,</span> 
     </span>
     <span class='ocr_line' id='line_1_6' title="bbox 327 1184 1097 1299; baseline -0.004 -27"><span class='ocrx_word' id='word_1_39' title='bbox 327 1199 468 1274; x_wconf 86' lang='lat' dir='ltr'><strong>idcirco</strong></span> <span class='ocrx_word' id='word_1_40' title='bbox 488 1184 584 1299; x_wconf 81' lang='lat' dir='ltr'><strong>apud</strong></span> <span class='ocrx_word' id='word_1_41' title='bbox 603 1225 668 1299; x_wconf 93' lang='lat' dir='ltr'><strong>per</strong></span> <span class='ocrx_word' id='word_1_42' title='bbox 681 1196 736 1270; x_wconf 87' lang='lat' dir='ltr'><strong>·D·</strong></span> <span class='ocrx_word' id='word_1_43' title='bbox 748 1198 909 1271; x_wconf 88' lang='lat' dir='ltr'><strong>scribere</strong></span> <span class='ocrx_word' id='word_1_44' title='bbox 931 1195 1097 1270; x_wconf 90' lang='lat' dir='ltr'><strong>solemus.</strong></span> 
     </span>
    </p>

    <p class='ocr_par' dir='ltr' id='par_1_3' title="bbox 231 1315 1345 4179">
     <span class='ocr_line' id='line_1_7' title="bbox 399 1315 1341 1417; baseline -0.004 -24"><span class='ocrx_word' id='word_1_45' title='bbox 399 1324 434 1417; x_wconf 74' lang='grc'><strong>4.</strong></span> <span class='ocrx_word' id='word_1_46' title='bbox 456 1319 560 1393; x_wconf 88' lang='lat' dir='ltr'><strong>Inter</strong></span> <span class='ocrx_word' id='word_1_47' title='bbox 581 1318 632 1394; x_wconf 88' lang='lat' dir='ltr'><strong>cis</strong></span> <span class='ocrx_word' id='word_1_48' title='bbox 653 1333 697 1416; x_wconf 28' lang='lat' dir='ltr'><strong>et,</strong></span> <span class='ocrx_word' id='word_1_49' title='bbox 711 1318 802 1392; x_wconf 89' lang='lat' dir='ltr'><strong>citra</strong></span> <span class='ocrx_word' id='word_1_50' title='bbox 821 1318 891 1392; x_wconf 92' lang='lat' dir='ltr'><strong>hoc</strong></span> <span class='ocrx_word' id='word_1_51' title='bbox 911 1317 1066 1392; x_wconf 86' lang='lat' dir='ltr'><strong>interest</strong></span> <span class='ocrx_word' id='word_1_52' title='bbox 1082 1373 1091 1405; x_wconf 86' lang='grc'><em>,</em></span> <span class='ocrx_word' id='word_1_53' title='bbox 1105 1315 1204 1416; x_wconf 88' lang='lat' dir='ltr'><strong>quod</strong></span> <span class='ocrx_word' id='word_1_54' title='bbox 1225 1315 1276 1389; x_wconf 88' lang='lat' dir='ltr'><strong>cis</strong></span> <span class='ocrx_word' id='word_1_55' title='bbox 1297 1316 1341 1389; x_wconf 87' lang='lat' dir='ltr'><strong>ad</strong></span> 
     </span>
     <span class='ocr_line' id='line_1_8' title="bbox 326 1434 1345 1539; baseline -0.002 -29"><span class='ocrx_word' id='word_1_56' title='bbox 326 1438 600 1538; x_wconf 80' lang='lat' dir='ltr'><strong>proximiorem,</strong></span> <span class='ocrx_word' id='word_1_57' title='bbox 613 1438 827 1539; x_wconf 87' lang='lat' dir='ltr'><strong>interposito</strong></span> <span class='ocrx_word' id='word_1_58' title='bbox 840 1434 1025 1510; x_wconf 83' lang='lat' dir='ltr'><strong>dumtaxat</strong></span> <span class='ocrx_word' id='word_1_59' title='bbox 1039 1453 1165 1509; x_wconf 90' lang='lat' dir='ltr'><strong>monte</strong></span> <span class='ocrx_word' id='word_1_60' title='bbox 1179 1452 1216 1510; x_wconf 90' lang='lat' dir='ltr'><strong>ct</strong></span> <span class='ocrx_word' id='word_1_61' title='bbox 1228 1436 1345 1510; x_wconf 88' lang='lat' dir='ltr'><strong>flumi-</strong></span> 
     </span>
     <span class='ocr_line' id='line_1_9' title="bbox 328 1554 1342 1657; baseline -0.003 -24"><span class='ocrx_word' id='word_1_62' title='bbox 328 1560 592 1656; x_wconf 83' lang='lat' dir='ltr'><strong>ue3citravero</strong></span> <span class='ocrx_word' id='word_1_63' title='bbox 602 1559 646 1633; x_wconf 90' lang='lat' dir='ltr'><strong>ad</strong></span> <span class='ocrx_word' id='word_1_64' title='bbox 657 1558 857 1657; x_wconf 85' lang='lat' dir='ltr'><strong>longiorem</strong></span> <span class='ocrx_word' id='word_1_65' title='bbox 868 1557 1031 1657; x_wconf 87' lang='lat' dir='ltr'><strong>pertinet</strong></span> <span class='ocrx_word' id='word_1_66' title='bbox 1041 1554 1294 1645; x_wconf 83' lang='lat' dir='ltr'><strong>locum‚unde</strong></span> <span class='ocrx_word' id='word_1_67' title='bbox 1306 1573 1342 1630; x_wconf 90' lang='lat' dir='ltr'><strong>ct</strong></span> 
     </span>
     <span class='ocr_line' id='line_1_10' title="bbox 328 1675 1343 1777; baseline -0.005 -22"><span class='ocrx_word' id='word_1_68' title='bbox 328 1680 499 1755; x_wconf 82' lang='lat' dir='ltr'><strong>citeriora</strong></span> <span class='ocrx_word' id='word_1_69' title='bbox 512 1679 718 1777; x_wconf 83' lang='lat' dir='ltr'><strong>etlongiora</strong></span> <span class='ocrx_word' id='word_1_70' title='bbox 730 1678 919 1752; x_wconf 88' lang='lat' dir='ltr'><strong>dicuntur.</strong></span> <span class='ocrx_word' id='word_1_71' title='bbox 927 1675 1138 1751; x_wconf 85' lang='lat' dir='ltr'><strong>Transvero</strong></span> <span class='ocrx_word' id='word_1_72' title='bbox 1146 1677 1190 1751; x_wconf 86' lang='lat' dir='ltr'><strong>ad</strong></span> <span class='ocrx_word' id='word_1_73' title='bbox 1203 1694 1343 1752; x_wconf 92' lang='lat' dir='ltr'><strong>utrum·</strong></span> 
     </span>
     <span class='ocr_line' id='line_1_11' title="bbox 327 1794 1341 1900; baseline -0.003 -27"><span class='ocrx_word' id='word_1_74' title='bbox 327 1828 399 1900; x_wconf 91' lang='lat' dir='ltr'><strong>que</strong></span> <span class='ocrx_word' id='word_1_75' title='bbox 412 1798 540 1873; x_wconf 82' lang='lat' dir='ltr'><strong>referri</strong></span> <span class='ocrx_word' id='word_1_76' title='bbox 552 1797 781 1898; x_wconf 88' lang='lat' dir='ltr'><strong>potest‚licct</strong></span> <span class='ocrx_word' id='word_1_77' title='bbox 793 1794 1015 1870; x_wconf 84' lang='lat' dir='ltr'><strong>motabiliter</strong></span> <span class='ocrx_word' id='word_1_78' title='bbox 1025 1796 1112 1884; x_wconf 88' lang='lat' dir='ltr'><strong>‚hoc</strong></span> <span class='ocrx_word' id='word_1_79' title='bbox 1125 1795 1231 1870; x_wconf 89' lang='lat' dir='ltr'><strong>estin</strong></span> <span class='ocrx_word' id='word_1_80' title='bbox 1245 1813 1341 1870; x_wconf 90' lang='lat' dir='ltr'><strong>trau·</strong></span> 
     </span>
     <span class='ocr_line' id='line_1_12' title="bbox 327 1913 1342 2017; baseline -0.004 -26"><span class='ocrx_word' id='word_1_81' title='bbox 327 1919 400 1992; x_wconf 88' lang='lat' dir='ltr'><strong>situ</strong></span> <span class='ocrx_word' id='word_1_82' title='bbox 413 1933 558 1990; x_wconf 88' lang='lat' dir='ltr'><strong>tantum</strong></span> <span class='ocrx_word' id='word_1_83' title='bbox 570 1915 622 1990; x_wconf 91' lang='lat' dir='ltr'><strong>sic</strong></span> <span class='ocrx_word' id='word_1_84' title='bbox 635 1915 845 2015; x_wconf 87' lang='lat' dir='ltr'><strong>accipiatur.</strong></span> <span class='ocrx_word' id='word_1_85' title='bbox 864 1913 959 1992; x_wconf 88' lang='lat' dir='ltr'><strong>Nam</strong></span> <span class='ocrx_word' id='word_1_86' title='bbox 972 1915 1196 2017; x_wconf 87' lang='lat' dir='ltr'><strong>quicumque</strong></span> <span class='ocrx_word' id='word_1_87' title='bbox 1209 1916 1342 1990; x_wconf 87' lang='lat' dir='ltr'><strong>scribe-</strong></span> 
     </span>
     <span class='ocr_line' id='line_1_13' title="bbox 231 2035 1343 2137; baseline 0 -27"><span class='ocrx_word' id='word_1_88' title='bbox 231 2075 234 2080; x_wconf 94' lang='lat'>·</span> <span class='ocrx_word' id='word_1_89' title='bbox 327 2066 367 2112; x_wconf 90' lang='lat' dir='ltr'><strong>re</strong></span> <span class='ocrx_word' id='word_1_90' title='bbox 378 2055 412 2112; x_wconf 85' lang='lat' dir='ltr'><strong>et</strong></span> <span class='ocrx_word' id='word_1_91' title='bbox 422 2038 531 2111; x_wconf 88' lang='lat' dir='ltr'><strong>etiarn</strong></span> <span class='ocrx_word' id='word_1_92' title='bbox 540 2035 662 2111; x_wconf 87' lang='lat' dir='ltr'><strong>dicere</strong></span> <span class='ocrx_word' id='word_1_93' title='bbox 675 2037 813 2111; x_wconf 83' lang='lat' dir='ltr'><strong>audent</strong></span> <span class='ocrx_word' id='word_1_94' title='bbox 824 2036 961 2137; x_wconf 88' lang='lat' dir='ltr'><strong>aliquos</strong></span> <span class='ocrx_word' id='word_1_95' title='bbox 971 2037 1149 2110; x_wconf 82' lang='lat' dir='ltr'><strong>habitasse</strong></span> <span class='ocrx_word' id='word_1_96' title='bbox 1159 2053 1259 2111; x_wconf 92' lang='lat' dir='ltr'><strong>trans</strong></span> <span class='ocrx_word' id='word_1_97' title='bbox 1272 2065 1343 2110; x_wconf 88' lang='lat' dir='ltr'><strong>ma·</strong></span> 
     </span>
     <span class='ocr_line' id='line_1_14' title="bbox 327 2158 1341 2259; baseline 0 -29"><span class='ocrx_word' id='word_1_98' title='bbox 327 2188 389 2249; x_wconf 89' lang='lat' dir='ltr'><strong>re,</strong></span> <span class='ocrx_word' id='word_1_99' title='bbox 406 2187 482 2232; x_wconf 90' lang='lat' dir='ltr'><strong>nou</strong></span> <span class='ocrx_word' id='word_1_100' title='bbox 500 2159 649 2233; x_wconf 85' lang='lat' dir='ltr'><strong>incaute</strong></span> <span class='ocrx_word' id='word_1_101' title='bbox 667 2174 811 2232; x_wconf 88' lang='lat' dir='ltr'><strong>tantum</strong></span> <span class='ocrx_word' id='word_1_102' title='bbox 827 2158 889 2232; x_wconf 85' lang='lat' dir='ltr'><strong>sed</strong></span> <span class='ocrx_word' id='word_1_103' title='bbox 901 2159 1055 2258; x_wconf 80' lang='lat' dir='ltr'><strong>pessime</strong></span> <span class='ocrx_word' id='word_1_104' title='bbox 1068 2187 1109 2233; x_wconf 89' lang='lat' dir='ltr'><strong>ac</strong></span> <span class='ocrx_word' id='word_1_105' title='bbox 1121 2159 1341 2259; x_wconf 85' lang='lat' dir='ltr'><strong>perversissi-</strong></span> 
     </span>
     <span class='ocr_line' id='line_1_15' title="bbox 325 2276 1340 2368; baseline -0.001 -17"><span class='ocrx_word' id='word_1_106' title='bbox 325 2305 383 2353; x_wconf 90' lang='lat' dir='ltr'><strong>me</strong></span> <span class='ocrx_word' id='word_1_107' title='bbox 396 2278 537 2353; x_wconf 89' lang='lat' dir='ltr'><strong>dicunt.</strong></span> <span class='ocrx_word' id='word_1_108' title='bbox 557 2276 614 2351; x_wconf 89' lang='lat' dir='ltr'><strong>lta</strong></span> <span class='ocrx_word' id='word_1_109' title='bbox 634 2278 733 2351; x_wconf 90' lang='lat' dir='ltr'><strong>enim</strong></span> <span class='ocrx_word' id='word_1_110' title='bbox 746 2277 859 2352; x_wconf 89' lang='lat' dir='ltr'><strong>ordiri</strong></span> <span class='ocrx_word' id='word_1_111' title='bbox 879 2277 1017 2351; x_wconf 88' lang='lat' dir='ltr'><strong>debent</strong></span> <span class='ocrx_word' id='word_1_112' title='bbox 1037 2279 1278 2368; x_wconf 87' lang='lat' dir='ltr'><strong>sententiam,</strong></span> <span class='ocrx_word' id='word_1_113' title='bbox 1298 2296 1340 2352; x_wconf 92' lang='lat' dir='ltr'><strong>ut</strong></span> 
     </span>
     <span class='ocr_line' id='line_1_16' title="bbox 326 2397 1340 2494; baseline -0.002 -23"><span class='ocrx_word' id='word_1_114' title='bbox 326 2398 472 2473; x_wconf 89' lang='lat' dir='ltr'><strong>dicatur</strong></span> <span class='ocrx_word' id='word_1_115' title='bbox 485 2417 586 2473; x_wconf 86' lang='lat' dir='ltr'><strong>trans</strong></span> <span class='ocrx_word' id='word_1_116' title='bbox 600 2426 697 2473; x_wconf 85' lang='lat' dir='ltr'><strong>mare</strong></span> <span class='ocrx_word' id='word_1_117' title='bbox 713 2397 851 2472; x_wconf 86' lang='lat' dir='ltr'><strong>vadunt</strong></span> <span class='ocrx_word' id='word_1_118' title='bbox 865 2417 902 2473; x_wconf 91' lang='lat' dir='ltr'><strong>et</strong></span> <span class='ocrx_word' id='word_1_119' title='bbox 912 2399 1090 2494; x_wconf 79' lang='lat' dir='ltr'><strong>veniunt3</strong></span> <span class='ocrx_word' id='word_1_120' title='bbox 1108 2398 1270 2472; x_wconf 86' lang='lat' dir='ltr'><strong>habitant</strong></span> <span class='ocrx_word' id='word_1_121' title='bbox 1284 2425 1340 2470; x_wconf 90' lang='lat' dir='ltr'><strong>vc·</strong></span> 
     </span>
     <span class='ocr_line' id='line_1_17' title="bbox 326 2512 1340 2618; baseline 0 -30"><span class='ocrx_word' id='word_1_122' title='bbox 326 2544 368 2591; x_wconf 91' lang='lat' dir='ltr'><strong>ro</strong></span> <span class='ocrx_word' id='word_1_123' title='bbox 390 2515 558 2592; x_wconf 84' lang='lat' dir='ltr'><strong>ciamare</strong></span> <span class='ocrx_word' id='word_1_124' title='bbox 581 2535 617 2591; x_wconf 90' lang='lat' dir='ltr'><strong>et</strong></span> <span class='ocrx_word' id='word_1_125' title='bbox 638 2519 739 2594; x_wconf 90' lang='lat' dir='ltr'><strong>citra.</strong></span> <span class='ocrx_word' id='word_1_126' title='bbox 758 2518 803 2591; x_wconf 89' lang='lat' dir='ltr'><strong>ln</strong></span> <span class='ocrx_word' id='word_1_127' title='bbox 832 2518 927 2591; x_wconf 90' lang='lat' dir='ltr'><strong>ultra</strong></span> <span class='ocrx_word' id='word_1_128' title='bbox 947 2535 984 2591; x_wconf 89' lang='lat' dir='ltr'><strong>et</strong></span> <span class='ocrx_word' id='word_1_129' title='bbox 1005 2518 1096 2591; x_wconf 83' lang='lat' dir='ltr'><strong>citra</strong></span> <span class='ocrx_word' id='word_1_130' title='bbox 1124 2512 1200 2591; x_wconf 89' lang='lat' dir='ltr'><strong>uon</strong></span> <span class='ocrx_word' id='word_1_131' title='bbox 1225 2543 1340 2618; x_wconf 87' lang='lat' dir='ltr'><strong>pauca</strong></span> 
     </span>
     <span class='ocr_line' id='line_1_18' title="bbox 326 2635 1339 2714; baseline -0.002 -4"><span class='ocrx_word' id='word_1_132' title='bbox 326 2637 500 2711; x_wconf 84' lang='lat' dir='ltr'><strong>distantia</strong></span> <span class='ocrx_word' id='word_1_133' title='bbox 521 2656 598 2714; x_wconf 87' lang='lat' dir='ltr'><strong>est:</strong></span> <span class='ocrx_word' id='word_1_134' title='bbox 617 2666 703 2713; x_wconf 90' lang='lat' dir='ltr'><strong>nam</strong></span> <span class='ocrx_word' id='word_1_135' title='bbox 723 2639 815 2713; x_wconf 89' lang='lat' dir='ltr'><strong>citra</strong></span> <span class='ocrx_word' id='word_1_136' title='bbox 836 2640 945 2712; x_wconf 88' lang='lat' dir='ltr'><strong>etiarn</strong></span> <span class='ocrx_word' id='word_1_137' title='bbox 964 2637 1099 2712; x_wconf 89' lang='lat' dir='ltr'><strong>montis</strong></span> <span class='ocrx_word' id='word_1_138' title='bbox 1121 2654 1157 2710; x_wconf 91' lang='lat' dir='ltr'><strong>et</strong></span> <span class='ocrx_word' id='word_1_139' title='bbox 1177 2635 1339 2711; x_wconf 87' lang='lat' dir='ltr'><strong>lluminis</strong></span> 
     </span>
     <span class='ocr_line' id='line_1_19' title="bbox 327 2757 1340 2862; baseline 0 -32"><span class='ocrx_word' id='word_1_140' title='bbox 327 2758 525 2835; x_wconf 88' lang='lat' dir='ltr'><strong>interiectu</strong></span> <span class='ocrx_word' id='word_1_141' title='bbox 545 2759 620 2834; x_wconf 82' lang='lat' dir='ltr'><strong>dici</strong></span> <span class='ocrx_word' id='word_1_142' title='bbox 640 2777 784 2862; x_wconf 83' lang='lat' dir='ltr'><strong>potest3</strong></span> <span class='ocrx_word' id='word_1_143' title='bbox 804 2761 899 2832; x_wconf 89' lang='lat' dir='ltr'><strong>ultra</strong></span> <span class='ocrx_word' id='word_1_144' title='bbox 911 2765 995 2832; x_wconf 83' lang='lat' dir='ltr'><strong>raro</strong></span> <span class='ocrx_word' id='word_1_145' title='bbox 1009 2758 1053 2831; x_wconf 88' lang='lat' dir='ltr'><strong>ad</strong></span> <span class='ocrx_word' id='word_1_146' title='bbox 1065 2758 1190 2831; x_wconf 90' lang='lat' dir='ltr'><strong>ultima</strong></span> <span class='ocrx_word' id='word_1_147' title='bbox 1210 2757 1265 2830; x_wconf 89' lang='lat' dir='ltr'><strong>vel</strong></span> <span class='ocrx_word' id='word_1_148' title='bbox 1285 2785 1340 2830; x_wconf 91' lang='lat' dir='ltr'><strong>re·</strong></span> 
     </span>
     <span class='ocr_line' id='line_1_20' title="bbox 327 2875 1339 2979; baseline -0.001 -32"><span class='ocrx_word' id='word_1_149' title='bbox 327 2875 524 2951; x_wconf 89' lang='lat' dir='ltr'><strong>motissima</strong></span> <span class='ocrx_word' id='word_1_150' title='bbox 542 2877 622 2950; x_wconf 91' lang='lat' dir='ltr'><strong>loca</strong></span> <span class='ocrx_word' id='word_1_151' title='bbox 650 2894 686 2951; x_wconf 87' lang='lat' dir='ltr'><strong>et</strong></span> <span class='ocrx_word' id='word_1_152' title='bbox 707 2878 849 2952; x_wconf 87' lang='lat' dir='ltr'><strong>deserta</strong></span> <span class='ocrx_word' id='word_1_153' title='bbox 875 2904 1016 2979; x_wconf 86' lang='lat' dir='ltr'><strong>semper</strong></span> <span class='ocrx_word' id='word_1_154' title='bbox 1035 2878 1211 2950; x_wconf 77' lang='lat' dir='ltr'><strong>refertur.</strong></span> <span class='ocrx_word' id='word_1_155' title='bbox 1236 2875 1339 2950; x_wconf 87' lang='lat' dir='ltr'><strong>Inter</strong></span> 
     </span>
     <span class='ocr_line' id='line_1_21' title="bbox 325 2997 1340 3100; baseline 0.002 -30"><span class='ocrx_word' id='word_1_156' title='bbox 325 2997 460 3098; x_wconf 85' lang='lat' dir='ltr'><strong>absque</strong></span> <span class='ocrx_word' id='word_1_157' title='bbox 490 3017 526 3072; x_wconf 90' lang='lat' dir='ltr'><strong>et</strong></span> <span class='ocrx_word' id='word_1_158' title='bbox 551 2998 630 3073; x_wconf 90' lang='lat' dir='ltr'><strong>sine</strong></span> <span class='ocrx_word' id='word_1_159' title='bbox 658 3000 751 3074; x_wconf 90' lang='lat' dir='ltr'><strong>hanc</strong></span> <span class='ocrx_word' id='word_1_160' title='bbox 778 3018 919 3074; x_wconf 86' lang='lat' dir='ltr'><strong>veteres</strong></span> <span class='ocrx_word' id='word_1_161' title='bbox 946 3000 1132 3100; x_wconf 90' lang='lat' dir='ltr'><strong>ponebant</strong></span> <span class='ocrx_word' id='word_1_162' title='bbox 1153 2998 1340 3072; x_wconf 84' lang='lat' dir='ltr'><strong>discretio·</strong></span> 
     </span>
     <span class='ocr_line' id='line_1_22' title="bbox 327 3117 1340 3219; baseline 0.002 -31"><span class='ocrx_word' id='word_1_163' title='bbox 327 3143 437 3205; x_wconf 91' lang='lat' dir='ltr'><strong>nem,</strong></span> <span class='ocrx_word' id='word_1_164' title='bbox 457 3117 556 3218; x_wconf 85' lang='lat' dir='ltr'><strong>quod</strong></span> <span class='ocrx_word' id='word_1_165' title='bbox 578 3119 656 3193; x_wconf 90' lang='lat' dir='ltr'><strong>siue</strong></span> <span class='ocrx_word' id='word_1_166' title='bbox 683 3146 823 3219; x_wconf 88' lang='lat' dir='ltr'><strong>semper</strong></span> <span class='ocrx_word' id='word_1_167' title='bbox 848 3120 887 3190; x_wconf 88' lang='lat' dir='ltr'><strong>in</strong></span> <span class='ocrx_word' id='word_1_168' title='bbox 914 3119 1048 3191; x_wconf 90' lang='lat' dir='ltr'><strong>bonam</strong></span> <span class='ocrx_word' id='word_1_169' title='bbox 1074 3119 1239 3193; x_wconf 86' lang='lat' dir='ltr'><strong>serebant</strong></span> <span class='ocrx_word' id='word_1_170' title='bbox 1263 3146 1340 3217; x_wconf 86' lang='lat' dir='ltr'><strong>par·</strong></span> 
     </span>
     <span class='ocr_line' id='line_1_23' title="bbox 328 3236 1338 3337; baseline 0.003 -31"><span class='ocrx_word' id='word_1_171' title='bbox 328 3252 401 3307; x_wconf 89' lang='lat' dir='ltr'><strong>tem</strong></span> <span class='ocrx_word' id='word_1_172' title='bbox 423 3292 433 3324; x_wconf 93' lang='lat'>,</span> <span class='ocrx_word' id='word_1_173' title='bbox 454 3237 589 3337; x_wconf 88' lang='lat' dir='ltr'><strong>absque</strong></span> <span class='ocrx_word' id='word_1_174' title='bbox 610 3255 733 3310; x_wconf 89' lang='lat' dir='ltr'><strong>autem</strong></span> <span class='ocrx_word' id='word_1_175' title='bbox 752 3238 791 3308; x_wconf 92' lang='lat' dir='ltr'><strong>in</strong></span> <span class='ocrx_word' id='word_1_176' title='bbox 812 3236 939 3309; x_wconf 86' lang='lat' dir='ltr'><strong>malam</strong></span> <span class='ocrx_word' id='word_1_177' title='bbox 960 3294 969 3325; x_wconf 89' lang='lat'>‚</span> <span class='ocrx_word' id='word_1_178' title='bbox 989 3252 1031 3309; x_wconf 90' lang='lat' dir='ltr'><strong>ut</strong></span> <span class='ocrx_word' id='word_1_179' title='bbox 1051 3236 1130 3309; x_wconf 89' lang='lat' dir='ltr'><strong>sine</strong></span> <span class='ocrx_word' id='word_1_180' title='bbox 1155 3253 1305 3335; x_wconf 87' lang='lat' dir='ltr'><strong>peccato</strong></span> <span class='ocrx_word' id='word_1_181' title='bbox 1328 3293 1338 3325; x_wconf 89' lang='lat'><strong>‚</strong></span> 
     </span>
     <span class='ocr_line' id='line_1_24' title="bbox 326 3357 1339 3459; baseline 0.001 -30"><span class='ocrx_word' id='word_1_182' title='bbox 326 3358 462 3459; x_wconf 84' lang='lat' dir='ltr'><strong>absque</strong></span> <span class='ocrx_word' id='word_1_183' title='bbox 484 3359 678 3458; x_wconf 89' lang='lat' dir='ltr'><strong>sapientia.</strong></span> <span class='ocrx_word' id='word_1_184' title='bbox 699 3357 772 3433; x_wconf 89' lang='lat' dir='ltr'><strong>Sed</strong></span> <span class='ocrx_word' id='word_1_185' title='bbox 793 3359 862 3431; x_wconf 88' lang='lat' dir='ltr'><strong>lroc</strong></span> <span class='ocrx_word' id='word_1_186' title='bbox 883 3360 1195 3432; x_wconf 84' lang='lat' dir='ltr'><strong>observamentum</strong></span> <span class='ocrx_word' id='word_1_187' title='bbox 1215 3357 1339 3433; x_wconf 87' lang='lat' dir='ltr'><strong>utrim·</strong></span> 
     </span>
     <span class='ocr_line' id='line_1_25' title="bbox 326 3477 1339 3577; baseline -0.002 -26"><span class='ocrx_word' id='word_1_188' title='bbox 326 3504 397 3577; x_wconf 92' lang='lat' dir='ltr'><strong>que</strong></span> <span class='ocrx_word' id='word_1_189' title='bbox 424 3480 617 3553; x_wconf 77' lang='lat' dir='ltr'><strong>confusum</strong></span> <span class='ocrx_word' id='word_1_190' title='bbox 644 3496 719 3553; x_wconf 88' lang='lat' dir='ltr'><strong>est.</strong></span> <span class='ocrx_word' id='word_1_191' title='bbox 744 3477 832 3552; x_wconf 88' lang='lat' dir='ltr'><strong>Non</strong></span> <span class='ocrx_word' id='word_1_192' title='bbox 856 3495 978 3552; x_wconf 88' lang='lat' dir='ltr'><strong>autem</strong></span> <span class='ocrx_word' id='word_1_193' title='bbox 1003 3477 1089 3551; x_wconf 91' lang='lat' dir='ltr'><strong>satis</strong></span> <span class='ocrx_word' id='word_1_194' title='bbox 1117 3495 1258 3552; x_wconf 91' lang='lat' dir='ltr'><strong>certum</strong></span> <span class='ocrx_word' id='word_1_195' title='bbox 1284 3493 1339 3550; x_wconf 88' lang='lat' dir='ltr'><strong>est</strong></span> 
     </span>
     <span class='ocr_line' id='line_1_26' title="bbox 325 3597 1340 3699; baseline -0.001 -27"><span class='ocrx_word' id='word_1_196' title='bbox 325 3615 537 3672; x_wconf 87' lang='lat' dir='ltr'><strong>utrumnam</strong></span> <span class='ocrx_word' id='word_1_197' title='bbox 564 3613 759 3699; x_wconf 89' lang='lat' dir='ltr'><strong>utrumque</strong></span> <span class='ocrx_word' id='word_1_198' title='bbox 785 3616 943 3699; x_wconf 89' lang='lat' dir='ltr'><strong>utroque</strong></span> <span class='ocrx_word' id='word_1_199' title='bbox 964 3598 1038 3672; x_wconf 86' lang='lat' dir='ltr'><strong>dici</strong></span> <span class='ocrx_word' id='word_1_200' title='bbox 1062 3597 1175 3698; x_wconf 88' lang='lat' dir='ltr'><strong>possit</strong></span> <span class='ocrx_word' id='word_1_201' title='bbox 1198 3597 1340 3687; x_wconf 81' lang='lat' dir='ltr'><strong>modo,</strong></span> 
     </span>
     <span class='ocr_line' id='line_1_27' title="bbox 326 3716 1341 3819; baseline 0.002 -30"><span class='ocrx_word' id='word_1_202' title='bbox 326 3745 372 3789; x_wconf 89' lang='lat' dir='ltr'><strong>an</strong></span> <span class='ocrx_word' id='word_1_203' title='bbox 392 3716 511 3816; x_wconf 89' lang='lat' dir='ltr'><strong>potius</strong></span> <span class='ocrx_word' id='word_1_204' title='bbox 532 3717 753 3817; x_wconf 88' lang='lat' dir='ltr'><strong>scriptorum</strong></span> <span class='ocrx_word' id='word_1_205' title='bbox 773 3745 895 3790; x_wconf 88' lang='lat' dir='ltr'><strong>errore</strong></span> <span class='ocrx_word' id='word_1_206' title='bbox 922 3717 1009 3789; x_wconf 86' lang='lat' dir='ltr'><strong>ordo</strong></span> <span class='ocrx_word' id='word_1_207' title='bbox 1034 3718 1199 3819; x_wconf 92' lang='lat' dir='ltr'><strong>ratioque</strong></span> <span class='ocrx_word' id='word_1_208' title='bbox 1226 3717 1341 3791; x_wconf 88' lang='lat' dir='ltr'><strong>dicto-</strong></span> 
     </span>
     <span class='ocr_line' id='line_1_28' title="bbox 325 3835 1338 3911; baseline 0.003 -3"><span class='ocrx_word' id='word_1_209' title='bbox 325 3865 406 3911; x_wconf 90' lang='lat' dir='ltr'><strong>rum</strong></span> <span class='ocrx_word' id='word_1_210' title='bbox 432 3835 622 3909; x_wconf 82' lang='lat' dir='ltr'><strong>commixta</strong></span> <span class='ocrx_word' id='word_1_211' title='bbox 648 3836 731 3909; x_wconf 87' lang='lat' dir='ltr'><strong>sint.</strong></span> <span class='ocrx_word' id='word_1_212' title='bbox 752 3835 832 3911; x_wconf 90' lang='lat' dir='ltr'><strong>Hoc</strong></span> <span class='ocrx_word' id='word_1_213' title='bbox 859 3865 943 3909; x_wconf 88' lang='lat' dir='ltr'><strong>sane</strong></span> <span class='ocrx_word' id='word_1_214' title='bbox 969 3837 1138 3910; x_wconf 90' lang='lat' dir='ltr'><strong>omnibus</strong></span> <span class='ocrx_word' id='word_1_215' title='bbox 1166 3853 1265 3911; x_wconf 87' lang='lat' dir='ltr'><strong>recte</strong></span> <span class='ocrx_word' id='word_1_216' title='bbox 1291 3837 1338 3911; x_wconf 90' lang='lat' dir='ltr'><strong>le-</strong></span> 
     </span>
     <span class='ocr_line' id='line_1_29' title="bbox 327 3954 1343 4058; baseline -0.002 -29"><span class='ocrx_word' id='word_1_217' title='bbox 327 3957 497 4054; x_wconf 81' lang='lat' dir='ltr'><strong>gentibus</strong></span> <span class='ocrx_word' id='word_1_218' title='bbox 517 3955 624 4029; x_wconf 88' lang='lat' dir='ltr'><strong>datur</strong></span> <span class='ocrx_word' id='word_1_219' title='bbox 643 3955 824 4053; x_wconf 84' lang='lat' dir='ltr'><strong>intellegi,</strong></span> <span class='ocrx_word' id='word_1_220' title='bbox 838 3957 936 4058; x_wconf 88' lang='lat' dir='ltr'><strong>quod</strong></span> <span class='ocrx_word' id='word_1_221' title='bbox 949 3954 1343 4031; x_wconf 87' lang='lat' dir='ltr'><strong>·sine·&#39;incommutabi··</strong></span> 
     </span>
     <span class='ocr_line' id='line_1_30' title="bbox 326 4075 1338 4179; baseline 0 -31"><span class='ocrx_word' id='word_1_222' title='bbox 326 4077 352 4148; x_wconf 92' lang='lat' dir='ltr'><strong>li</strong></span> <span class='ocrx_word' id='word_1_223' title='bbox 362 4076 501 4151; x_wconf 83' lang='lat' dir='ltr'><strong>ratione</strong></span> <span class='ocrx_word' id='word_1_224' title='bbox 521 4075 564 4148; x_wconf 82' lang='lat' dir='ltr'><strong>at]</strong></span> <span class='ocrx_word' id='word_1_225' title='bbox 586 4075 623 4149; x_wconf 88' lang='lat' dir='ltr'><strong>id</strong></span> <span class='ocrx_word' id='word_1_226' title='bbox 644 4077 821 4150; x_wconf 85' lang='lat' dir='ltr'><strong>reseratur</strong></span> <span class='ocrx_word' id='word_1_227' title='bbox 841 4077 939 4179; x_wconf 86' lang='lat' dir='ltr'><strong>quod</strong></span> <span class='ocrx_word' id='word_1_228' title='bbox 962 4079 1131 4177; x_wconf 88' lang='lat' dir='ltr'><strong>cuiquam</strong></span> <span class='ocrx_word' id='word_1_229' title='bbox 1150 4077 1204 4150; x_wconf 91' lang='lat' dir='ltr'><strong>rei</strong></span> <span class='ocrx_word' id='word_1_230' title='bbox 1225 4076 1338 4151; x_wconf 91' lang='lat' dir='ltr'><strong>omni-</strong></span> 
     </span>
    </p>
   </div>
   <div class='ocr_carea' id='block_1_3' title="bbox 0 0 1696 5206">
    <p class='ocr_par' dir='ltr' id='par_1_4' title="bbox 0 0 1696 5206">
     <span class='ocr_line' id='line_1_31' title="bbox 0 0 1696 5206; baseline 0 0"><span class='ocrx_word' id='word_1_231' title='bbox 0 0 1696 5206; x_wconf 95' lang='lat' dir='ltr'><strong> </strong></span> 
     </span>
    </p>
   </div>
  </div>
 </body>
</html>
