3382 5206
349 486 432 596 '144
735 521 877 569 meleone
904 523 933 569 x.

326 664 406 709 rum
433 636 576 734 legerito
602 635 732 732 legerat
755 666 765 730 ;
790 635 989 732 legeramus
1015 633 1225 732 legeritote,
1252 633 1342 732 lege·

327 775 408 829 rant
427 757 479 829 vel
500 756 693 853 legerunto.
717 754 943 855 Optativnm,
964 753 1101 827 utinam
1121 754 1311 851 legererem
1332 813 1340 842 ‚

240 889 243 893 ’
326 905 405 964 res,
434 893 486 947 ret
508 907 518 971 3
545 876 811 973 legereremus,
838 876 949 963 retis,
977 891 1065 948 rent.
1094 871 1340 969 Legississem,
1422 969 1425 978 1

328 1023 403 1083 ses,
424 1011 504 1089 set3
525 994 794 1090 legississemus,
816 993 917 1080 setis,
939 1008 1025 1066 sent.
1047 991 1228 1064 Futurum
1252 992 1341 1089 lege·

327 1132 426 1201 ram,
453 1113 612 1210 legeras,
638 1112 781 1208 legerat.
809 1110 870 1183 Sic
890 1111 957 1183 rite
980 1139 1042 1210 per
1060 1112 1157 1182 hunc
1178 1111 1340 1184 ordinem

326 1231 550 1307 declinatur:
577 1249 612 1303 et
633 1232 669 1303 in
690 1230 824 1329 passivo
844 1231 951 1302 habet
971 1246 1127 1326 tempore
1148 1229 1340 1328 praeterito

327 1356 482 1452 legestus
512 1380 600 1425 snm
626 1351 851 1425 Minuuntur
879 1350 968 1439 alia,
994 1367 1035 1423 ut
1061 1378 1183 1439 semo,
1210 1351 1339 1439 semis,

327 1476 454 1568 semit3
482 1490 516 1545 et
535 1473 600 1544 huc
621 1501 684 1573 pro
704 1472 849 1544 semino.
876 1469 923 1543 Et
943 1471 1130 1570 praeterito
1157 1470 1260 1543 semsi
1278 1497 1339 1569 pro

327 1595 522 1681 seminavi,
544 1611 579 1665 et
599 1612 751 1692 semptus
772 1621 861 1667 snm.
890 1591 985 1664 Sunt
1006 1592 1072 1665 alia
1092 1593 1265 1691 quaedam
1283 1593 1341 1666 de-

326 1717 510 1790 clinatione
530 1713 763 1803 difficillima,
791 1731 831 1787 ut
859 1714 904 1785 fio
925 1713 966 1784 fis
986 1713 1048 1801 fit,
1075 1713 1156 1786 licet
1181 1714 1337 1788 secunda

324 1863 474 1935 persona
494 1832 610 1904 multis
637 1860 710 1904 non
737 1833 879 1931 placeat.
907 1832 1160 1931 Imperfectum
1187 1833 1336 1928 fiebam3

327 1961 523 2057 perlectum
551 1955 605 2027 sui
627 1984 637 2048 3
662 1954 847 2054 plusquam
873 1957 957 2054 pers.
985 1956 1150 2047 lueram3
1176 1954 1338 2028 futurum

327 2076 438 2161 fiam,
466 2074 553 2160 fies,
581 2073 651 2148 fiet.
680 2072 931 2171 lmperativum
955 2073 1036 2145 fiam
1063 2073 1198 2149 fiamus.
1225 2075 1340 2148 Futu-

327 2220 407 2266 rum
434 2195 494 2265 fito
522 2196 590 2266 fiat.
618 2191 801 2291 Optativus
827 2193 951 2265 modus
982 2210 1044 2266 aut
1069 2193 1268 2267 declinatur
1292 2197 1341 2268 s·

324 2338 425 2399 rem,
446 2339 523 2398 res,
544 2328 621 2405 ret3
641 2327 725 2400 aut,
747 2328 786 2383 ut
805 2310 990 2400 nonnulli,
1012 2312 1141 2386 fierem.
1169 2311 1216 2387 Et
1234 2313 1338 2386 habet

324 2412 497 2530 passivum
522 2431 672 2503 verbum
699 2432 786 2519 fior,
814 2431 911 2520 firis,
938 2432 1023 2505 fitur
1048 2449 1084 2504 et
1112 2449 1253 2529 cetera3
1280 2434 1341 2506 fie-

323 2552 410 2639 bar,
439 2553 520 2625 fit-us
540 2578 646 2638 sum,
668 2551 741 2626 fiar.
763 2550 849 2650 lmp.
871 2552 962 2624 fiere.
984 2551 1117 2625 lnsmit.
1141 2553 1226 2628 fieri.
1254 2553 1338 2628 Fut.

324 2702 396 2748 esse
416 2673 471 2747 vel
490 2674 607 2749 luisse.
626 2672 797 2774 Particip.
818 2675 899 2746 fitus
920 2674 1069 2749 fiendus.
1091 2672 1162 2747 Sed
1184 2678 1248 2749 hoc
1269 2704 1343 2749 ver-

324 2796 411 2868 bum
436 2794 556 2867 multis
577 2794 799 2890 incognitum
828 2812 888 2867 est.
916 2792 979 2865 Est
1006 2812 1040 2866 et
1067 2796 1164 2868 aliud
1191 2799 1340 2870 verbum

323 2910 492 2997 difficile,
521 2927 561 2983 ut
588 2936 692 2999 sum,
720 2911 815 3011 quod
843 2911 1070 3011 praeteritum
1091 2912 1342 3012 imperfectum

218 3070 221 3076 ·
323 3058 395 3104 non
417 3032 540 3120 habet,
560 3060 629 3104 uec
647 3059 831 3129 praesens,
853 3033 923 3104 nisi
941 3032 1341 3133 plusquamperfectum

326 3179 453 3239 eram,
480 3179 589 3239 eras,
618 3169 719 3246 erat3
748 3170 781 3224 et
807 3155 870 3226 lut.
899 3182 991 3242 ero,
1020 3155 1116 3243 eris,
1145 3156 1222 3229 erit.
1250 3155 1338 3257 lmp.

325 3291 467 3372 tempus
502 3275 565 3347 lut.
599 3273 666 3346 sim
694 3330 704 3361 ,
732 3274 779 3346 sis
803 3331 812 3362 ,
840 3274 893 3348 sit.
922 3273 1183 3349 Coniunctivus
1214 3279 1340 3352 modus

323 3421 406 3466 cum
431 3393 496 3465 sim
526 3392 572 3465 sis
593 3394 648 3467 sit.
676 3389 867 3492 Plusquam·
892 3396 976 3493 pers.
1006 3423 1088 3470 eum
1109 3423 1228 3470 essem
1256 3397 1340 3474 Fut.

324 3540 409 3588 cum
441 3540 509 3586 ero,
543 3512 647 3585 lnfiu.
677 3540 751 3585 esse
782 3514 835 3585 vel
866 3513 980 3588 luisse.
1016 3514 1073 3586 Ob
1104 3515 1211 3590 huius
1240 3519 1338 3591 verbi

319 3632 525 3707 brevitatem
551 3633 773 3732 praedictum
799 3635 942 3706 verbum
970 3635 1015 3735 sm
1042 3664 1139 3709 nunc
1167 3639 1267 3736 quasi
1288 3642 1340 3713 ul-

318 3751 449 3824 teriore
474 3752 579 3824 modo
605 3750 839 3848 adiungitur,
867 3769 906 3823 ut
932 3753 1028 3851 quud
1056 3754 1092 3824 in
1119 3755 1185 3826 alio
1212 3757 1336 3846 deest,

321 3869 360 3942 in
386 3868 450 3941 alio
481 3869 694 3970 suppleatur.
723 3868 884 3968 Explicit.
