3382 5206
749 569 792 614 or
812 568 922 618 mmo.
1270 549 1321 645 45

328 704 414 751 nem
432 702 577 764 veram,
602 690 642 748 ut
662 699 704 747 ex
725 672 790 746 hiis
809 675 920 748 verbis
939 702 1027 776 quae
1047 678 1262 754 inchoativae
1282 683 1349 756 lor·

329 823 406 868 mae
425 812 507 870 sunt
529 852 539 884 ‚
560 794 743 895 praeterita
763 810 918 893 tempora
937 795 1034 868 nasci
1053 797 1184 871 soleant
1204 855 1214 887 ‚
1241 815 1282 873 ut
1299 817 1347 874 ta·

329 942 430 989 cerco
449 915 552 990 tacui.
573 912 742 1014 Alioquin
764 914 849 987 baec
868 915 970 987 rerba
990 917 1163 991 secundae
1189 919 1349 1018 coniuga-

328 1033 435 1106 tionis
459 1090 468 1122 ,
493 1032 537 1105 de
557 1059 625 1132 qua
645 1030 775 1105 dicturi
795 1058 914 1106 sumus
936 1089 946 1122 ,
966 1035 1193 1131 praeteritum
1212 1053 1349 1137 tempus
1437 1040 1440 1045 ’

330 1152 534 1239 habebunt,
555 1167 597 1223 ut
622 1167 719 1223 taceo
748 1176 887 1223 marceo
911 1177 1028 1224 sarceo
1056 1153 1171 1226 ferveo
1198 1153 1295 1229 caleo
1315 1173 1351 1229 et

329 1288 471 1360 cetera,
491 1298 580 1371 quae
605 1268 727 1370 procul
746 1269 856 1343 darbia
880 1271 1106 1369 praeteritum
1129 1289 1265 1373 tempus
1292 1276 1351 1349 ha·

329 1393 411 1465 bere
431 1421 571 1466 necesse
592 1408 653 1465 est.
673 1390 873 1464 Inchoativa
894 1418 976 1489 ergo
989 1394 1092 1465 verba
1110 1394 1195 1468 haec
1216 1395 1349 1469 rite'di·
1404 1480 1410 1491 ,

330 1510 441 1584 canda
459 1526 543 1585 sunt
566 1566 576 1599 ,
600 1537 689 1610 qupe
710 1535 792 1583 cum
811 1509 979 1583 declinari
1001 1513 1172 1610 praesenti
1192 1529 1347 1613 tempore

331 1628 509 1728 coeperint
532 1685 541 1718 ‚
562 1628 745 1728 praeterito
770 1644 886 1701 tamen
911 1644 1067 1728 tempore
1095 1629 1244 1715 deficere
1272 1660 1350 1706 nos·

334 1766 471 1825 cuntur.

414 1895 470 1944 rr.
490 1865 546 1940 De
567 1867 620 1940 his
638 1867 759 1940 formis
778 1867 1254 1966 verboruminterRegulum
1273 1898 1351 1970 cap-

331 1988 499 2088 padocem
531 1991 576 2089 (a)
606 2005 640 2061 et
671 1984 859 2073 Sedulium
886 2015 1070 2063 romanum
1102 2017 1175 2063 non
1206 1991 1350 2066 minima

332 2108 486 2208 quaestio
505 2107 621 2180 hahita
641 2123 692 2180 est
712 2163 721 2195 ,
742 2133 831 2206 quae
850 2135 961 2208 usque
986 2108 1030 2181 ad
1056 2109 1248 2206 gladiorum
1272 2139 1352 2210 paea

330 2256 376 2303 ne
396 2229 605 2303 conflictum
623 2228 805 2327 pervenit:
826 2228 1030 2327 quindecim
1058 2257 1207 2332 namque
1235 2233 1348 2307 nocti·

330 2351 417 2438 bus,
436 2348 580 2422 totidem
599 2348 770 2448 simulque
790 2347 933 2438 diebus,
952 2350 1128 2423 insomnes
1149 2368 1183 2425 et
1202 2352 1346 2454 indapcs

333 2497 580 2570 pennensem,
608 2468 717 2540 tribus
736 2467 875 2541 milibus
897 2469 1073 2570 utrimque
1099 2472 1255 2571 sumptis.
1281 2473 1349 2548 Re·

334 2588 433 2685 gulus
455 2588 549 2660 enim
568 2588 629 2659 has
655 2589 780 2660 formas
803 2587 988 2660 verborum
1010 2588 1085 2661 aliis
1115 2591 1314 2666 nominibus
1338 2652 1349 2684 3

333 2709 405 2781 aliis
419 2736 558 2809 quoque
573 2707 824 2794 intellectibus,
844 2707 917 2780 aliis
933 2707 1037 2780 etiam
1051 2736 1156 2810 quam
1168 2739 1231 2784 nos
1244 2713 1293 2813 (b)
1312 2715 1348 2786 in

335 2857 399 2902 usu
420 2830 586 2901 habemus
610 2826 779 2900 vocitabat
803 2826 993 2899 rationibus
1020 2827 1147 2902 debere
1172 2831 1327 2930 intellegi
1339 2865 1351 2908 :-

167 2965 171 2972 “
293 3025 295 3029 ,
336 2948 498 3021 Formam
518 2976 667 3048 namque
687 2947 973 3046 frequentativam
993 2948 1154 3021 omnibus
1165 2951 1269 3025 simul
1278 2981 1351 3027 ver·

334 3068 386 3139 bis
407 3066 572 3139 accedere
599 3094 696 3165 posse
725 3065 926 3138 adfirmabat
950 3095 961 3160 3
988 3093 1055 3137 nec
1082 3094 1154 3140 non
1175 3071 1280 3144 etiam
1299 3073 1350 3148 in·

336 3187 529 3260 choativam
549 3186 710 3259 omnibus
730 3184 1030 3282 coniugationibus
1050 3190 1262 3286 temporibus
1281 3222 1354 3267 ver-

337 3307 389 3380 bis
409 3306 600 3379 ministrare
621 3305 777 3394 dicebat,
791 3324 833 3378 ut
851 3304 984 3378 calesco
1005 3305 1156 3382 calescui
1168 3367 1178 3399 ‚
1191 3329 1225 3383 ct
1245 3313 1281 3386 in
1304 3344 1354 3389 se-

338 3425 455 3500 cunda
475 3454 620 3525 persona
641 3425 776 3499 caluisti
797 3456 809 3523 3
829 3443 865 3498 et
878 3425 945 3498 'tali
964 3425 1068 3499 modo
1090 3428 1126 3500 in
1146 3430 1270 3529 plurali
1290 3464 1355 3509 nu-

339 3573 435 3618 mero
448 3545 675 3619 calescuimus
689 3543 1008 3620 caluistis.Dicebat
1019 3547 1114 3620 enim
1132 3556 1354 3653 unumquod·
1407 3539 1410 3542 ⁴

339 3693 408 3765 que
428 3665 573 3737 verbum
592 3664 680 3737 duas
698 3665 825 3736 babere
850 3665 977 3736 formas
1002 3665 1273 3765 frequentativas
1300 3676 1353 3748 vel

343 3804 412 3859 tres
429 3801 493 3874 ,ut
505 3783 581 3882 lego
593 3784 686 3857 lecto
698 3840 707 3873 ,
720 3782 824 3881 legito
843 3782 963 3856 lectito
977 3813 988 3880 3
1000 3800 1034 3856 et
1054 3786 1115 3859 has
1135 3803 1203 3862 tres
1223 3792 1352 3891 primae

344 3903 598 3999 coniugationis
619 3929 689 3975 esse
710 3901 865 3976 docebat.
875 3901 1039 3976 Formam
1053 3934 1195 4008 quoquo
1217 3911 1355 3988 inchoa.

422 4053 460 4119 (a)
478 4040 540 4104 titul·¹
551 4057 716 4114 cappadocum·
749 4051 790 4119 (b)
808 4055 865 4104 cod.
882 4071 920 4099 taos
937 4070 1018 4116 quant.
1063 4087 1067 4096 .
