3382 5206
579 513 646 581 iro
847 539 873 584 a.
898 496 1077 595 treantes
1102 531 1277 592 rauracus

554 634 789 725 gnbernscnls·
800 638 958 722 tenentis,
977 654 1069 709 tunc,
1083 642 1240 710 existente
1254 640 1473 734 'olympiade
1488 655 1591 711 octo-

555 741 676 832 gisima
702 759 848 834 quarta,
874 769 976 838 osque
999 745 1034 814 in
1055 764 1177 823 anuum
1201 746 1288 817 ·XV·
1309 746 1444 832 Tiberii
1467 771 1589 817 caesa·

555 849 623 932 sis,
644 871 710 939 quo
728 850 911 939 redemptio
933 853 1081 940 gentium
1102 852 1491 941 praestolatasdteniase
1510 872 1586 921 tra-

557 952 665 1039 ditur,
681 953 802 1023 solares
821 973 1037 1046 supputantur
1052 959 1129 1025 anni
1152 958 1455 1045 coccum,
1473 960 1510 1028 id
1530 979 1582 1029 est

555 1058 644 1128 iuxts
660 1058 811 1141 lunarem
826 1063 1051 1131 Hebraeorum
1074 1062 1345 1155 colculstionem,
1365 1065 1579 1137 ·CCCGXC·

555 1163 691 1258 adlectis
722 1166 959 1259 quadrantibus
986 1186 1018 1234 et
1044 1168 1310 1249 embolismorum
1333 1170 1578 1256 incrementis,

557 1286 594 1336 ut
608 1271 711 1339 lulius
727 1272 907 1342 'Africanus
929 1291 1113 1364 temporum
1129 1258 1269 1365 script'or
1287 1275 1461 1369 digessisse
1478 1301 1578 1345 mon-

455 1411 461 1421 ·
556 1393 688 1464 stratur.

601 1482 760 1578 Syrorum
773 1506 904 1577 quoque
917 1481 1208 1578 princeps,quern
1219 1483 1328 1567 lurida
1342 1484 1457 1578 leprae
1476 1511 1576 1578 spur·

556 1582 639 1661 citis
656 1585 864 1679 membratim
889 1592 995 1681 potius
1017 1609 1118 1682 quarn
1142 1591 1363 1687 particulatim
1383 1593 1574 1687 elephanti·

556 1690 689 1762 notabo
713 1710 919 1780 contexerat,
933 1719 1041 1775 nonne
1054 1684 1288 1789 peregrinantis
1302 1695 1498 1767 vernaculae
1518 1700 1572 1768 ln·

555 1801 729 1876 citsmento
752 1798 1004 1871 celeberrimum
1023 1802 1189 1896 adgressus
1214 1803 1408 1894 prophetans
1428 1807 1571 1895 septenis
1609 1843 1617 1861 =

465 1984 475 1997 γ
554 1909 679 1986 vicibus
693 1908 884 1979 horrentem
901 1898 1047 2002 corporis
1060 1929 1216 1994 staturam
1230 1910 1377 1987 Iordanis
1399 1911 1494 1980 alveo
1508 1911 1571 1979 sd·

461 2095 464 2102 Ι
552 2013 645 2084 clinis
669 2031 702 2084 et
724 2039 861 2087 oernuus
884 2014 1078 2086 incurvans}
1101 2021 1321 2109 regenerantis
1349 2020 1474 2109 gratiae
1494 2017 1572 2088 'foar-

534 2110 662 2207 'mam,
685 2140 718 2192 et
743 2123 904 2193 secundae
922 2125 1100 2193 activitatis
1124 2125 1404 2215 praerogativam,
1421 2148 1511 2216 quse
1532 2150 1571 2195 er

551 2246 646 2297 utero
668 2245 799 2297 sanctu
823 2221 975 2300 ecclesiae
1001 2223 1147 2297 fecundis
1168 2230 1345 2298 visceribus
1368 2253 1429 2320 per
1455 2228 1569 2322 bapti·

549 2334 611 2400 auri
638 2330 1053 2402 sacramentum'bdeiibus
1085 2333 1279 2417 confertur,
1309 2333 1568 2416 manifestissima

430 2518 433 2524 ¹
552 2436 755 2512 declaravit?
777 2441 883 2531 igitar
903 2432 1122 2531 septiformem
1144 2463 1241 2530 snpra
1265 2459 1466 2515 memoratae
1491 2466 1571 2534 sup-

551 2550 727 2639 putationia
748 2546 912 2615 calculum
930 2538 1039 2615 nonne
1064 2564 1171 2616 sertus
1192 2547 1403 2639 heptateuchi
1426 2549 1569 2619 voloci-

550 2658 600 2721 nis
624 2671 727 2722 textus
745 2652 961 2723 celeberrimo
981 2653 1223 2744 triumphorum
1236 2654 1445 2744 spectaculo,
1467 2673 1500 2724 et
1519 2658 1568 2746 irs·

551 2763 692 2851 expertis
708 2760 869 2851 usquead
891 2761 928 2829 id
949 2777 1074 2851 ternpus
1099 2785 1209 2828 rerunt
1229 2760 1430 2829 successibus
1441 2748 1569 2831 'decla'-

552 2862 638 2945 rat?
670 2866 802 2958 quando
830 2850 931 2958 gebus
965 2864 1106 2935 electum
1145 2884 1178 2933 et
1208 2863 1317 2956 regale
1348 2865 1571 2937 sacerdotium

550 2969 756 3063 populusque
781 2971 1027 3064 adquisitionis,
1051 2986 1160 3060 utpote
1183 2972 1282 3059 stirpe
1301 2970 1569 3061 patriarcharum

550 3077 758 3173 progenitus,
779 3099 856 3147 cum
874 3074 1000 3168 ingenti
1025 3091 1229 3154 catervarum
1251 3073 1414 3169 phalange
1432 3074 1570 3143 celebre

550 3181 785 3270 municipium,
803 3195 834 3248 et
850 3180 975 3269 superis
988 3179 1126 3252 invisum
1144 3175 1369 3248 hebdomadae
1384 3181 1480 3246 unius
1495 3205 1571 3246 cur·

547 3281 653 3363 riculo
677 3282 871 3368 lustratum,
890 3282 1080 3351 sonantibus
1103 3301 1225 3372 septem
1243 3282 1446 3357 sacerdotum
1467 3284 1572 3376 salpi·

549 3391 663 3457 cibas,
680 3387 715 3456 id
731 3407 777 3457 est
795 3407 919 3479 septem
931 3389 1060 3462 bucinis
1073 3425 1083 3456 2
1098 3387 1302 3457 iubcleorurn
1325 3391 1455 3457 conciso
1474 3390 1570 3459 clan-

546 3519 624 3588 gore
638 3520 697 3585 per
718 3494 850 3564 classica
865 3495 1121 3585 crepitantibus,
1133 3494 1305 3563 solotenus
1321 3492 1467 3564 dirutum
1490 3497 1569 3567 firn-

548 3598 634 3669 ditus
650 3602 776 3668 evertit.
800 3601 890 3685 Quae
906 3623 1015 3667 rerum
1029 3599 1133 3689 figura
1152 3597 1359 3683 futurarum,
1379 3601 1465 3667 iusta
1486 3627 1571 3672 ana·

544 3729 676 3799 gogen,
692 3707 832 3797 percotis
853 3722 977 3796 septem
998 3703 1201 3774 saeculorum
1217 3685 1462 3790 voluminibus,
1486 3709 1568 3777 bor-

545 3812 686 3881 rendum
698 3812 815 3881 ruituri
829 3810 943 3879 mundi
961 3811 1136 3878 terminum
1147 3860 1158 3894 ,
1169 3825 1202 3877 et
1217 3807 1364 3877 ultimam
1377 3810 1501 3902 fugacis
1517 3819 1570 3883 ui-

547 3934 599 3987 tae
609 3914 789 3999 clausulam
803 3914 997 4005 portendere
1008 3914 1240 3982 manifestatur.
1251 3913 1456 3983 Ornamenta
1471 3923 1569 4010 quip-

437 4080 440 4090 .
539 4046 582 4114 pe
597 4021 787 4108 universalis
809 4010 964 4089 ecclesiae
984 4021 1072 4087 iuxta
1093 4017 1222 4106 decreta
1247 4035 1396 4086 veterum
1421 4027 1568 4110 septenis
