3382 5206
747 654 790 700 D!
807 654 947 704 nomm.
1271 660 1316 707 21

335 785 414 833 curn
432 759 568 834 dicitur
588 775 738 833 tartarus
760 816 770 849 ‚
797 761 910 834 omnis
935 760 1037 834 locus
1062 762 1269 860 generaliter
1286 766 1352 840 lra-

332 905 435 975 gosus
454 904 495 952 ac
514 876 673 952 difficilis
691 878 789 952 aditu
813 936 824 969 ,
844 878 1040 954 masculino
1061 907 1188 978 genere
1208 881 1350 983 plurali·

333 1016 387 1072 ter
402 998 545 1072 dicetur
563 999 717 1089 tartari,
744 1016 780 1073 ct
799 999 928 1099 reliqui
957 1000 1060 1073 solito
1091 1028 1188 1075 more
1210 1029 1312 1077 casus
1338 1035 1348 1083 ς

332 1134 501 1193 tartarum
518 1135 638 1193 nutem
655 1118 816 1193 neutrale
840 1177 850 1208 ,
876 1120 971 1220 quod
993 1120 1102 1193 solius
1120 1121 1255 1194 inferni
1273 1139 1348 1211 est,

325 1235 362 1309 in
383 1237 512 1338 plurali
528 1263 680 1312 numero
699 1238 805 1311 lnbet
824 1255 950 1313 tartara
968 1255 1096 1312 tartara
1117 1255 1272 1328 tartara,
1299 1267 1352 1337 re·

331 1355 437 1457 liquis
454 1356 615 1432 nondum
634 1359 795 1458 receptis.
822 1356 894 1431 Sed
918 1358 988 1432 hoc
1008 1359 1079 1432 fine
1105 1357 1279 1433 cludenda
1300 1360 1347 1460 (a)
1402 1387 1413 1418 -·

333 1475 476 1577 epistole
496 1494 557 1551 est.

599 1743 748 1793 nxcntctt·
767 1746 865 1794 Pllllss
885 1744 927 1792 DE
947 1748 1085 1794 ttottttttt.

395 2067 588 2147 INClPl'l'
609 2072 852 2150 SECUNDA
873 2075 940 2150 DE
961 2070 1284 2158 PRONOMINE.

412 2459 441 2504 1.
463 2344 537 2511 N
541 2431 586 2505 isi
605 2434 753 2507 forsitan
772 2422 933 2540 noltrum
959 2464 1049 2537 opus
1074 2434 1271 2510 claudicare
1290 2459 1352 2532 pu-

336 2571 467 2631 teretur
488 2613 499 2645 ‚
525 2557 553 2631 si
573 2584 646 2630 non
665 2558 773 2631 etiam
790 2559 996 2658 pronomini
1018 2587 1080 2632 sue
1106 2556 1252 2659 epistole
1270 2553 1354 2631 luis,-

336 2693 389 2749 set
407 2675 542 2750 reddita
565 2733 574 2767 ‚
601 2694 637 2751 et
657 2678 723 2752 tibi
740 2678 904 2752 desiderii
924 2678 976 2752 tui
994 2677 1112 2780 aliqua
1131 2675 1248 2778 portio
1276 2674 1355 2747 sub-

336 2794 429 2866 trahi
445 2794 621 2883 rideretur
639 2853 650 2885 ‚
668 2795 774 2870 velim
791 2797 935 2896 quidem
954 2797 998 2871 de
1018 2795 1226 2897 pronomine
1245 2792 1354 2890 magis

336 2915 573 2989 conticescere
594 2940 702 3016 quarn
720 2917 853 3017 aliquid
878 2917 995 2990 dicere
1012 2946 1023 3012 3
1050 2913 1253 3016 praesertim
1271 2937 1355 2986 cum

339 3049 408 3104 tam
426 3033 531 3106 multi
547 3033 591 3108 de
611 3035 677 3108 hec
696 3035 865 3109 orationis
884 3052 983 3134 perte
1002 3032 1113 3107 multa
1132 3050 1169 3105 et
1188 3031 1279 3104 clara
1297 3029 1353 3104 vel

336 3153 503 3252 opuscula
529 3157 667 3256 propria
691 3156 746 3229 vel
770 3172 968 3229 ceterorum
996 3151 1240 3254 operumloca
1263 3151 1352 3223 haec

337 3269 457 3346 eadem
473 3291 644 3374 occupata
662 3273 911 3376 descripserint
930 3303 941 3370 3
968 3271 1040 3351 sed,
1056 3288 1105 3344 et
1119 3297 1182 3368 ego
1209 3269 1283 3368 ipse
1309 3268 1349 3340 in

337 3391 498 3490 epitomis
509 3409 562 3466 ter
572 3393 693 3493 quinis
703 3420 850 3468 numero
865 3395 877 3493 l
885 3396 917 3493 ι)
931 3392 1136 3492 ‚proprium
1147 3387 1350 3492 pronomini

420 3587 458 3650 (ι)
474 3591 531 3639 cod.
550 3590 679 3636 surdescis·

418 3745 462 3817 (r)
482 3748 551 3813 Ergo
571 3746 621 3800 hoc
639 3745 772 3801 diversum
791 3747 846 3802 luit
863 3766 928 3820 opus
947 3743 982 3799 ab
1002 3737 1046 3800 illo
1065 3747 1242 3818 epitomnrnm
1260 3742 1347 3798 nostri
1409 3730 1418 3739 “

348 3832 479 3902 vergilii,
504 3834 577 3903 qnod
594 3851 642 3888 nos
658 3835 769 3889 odimus·
789 3835 907 3906 Namque
925 3837 1028 3890 editum
1047 3853 1063 3887 n
1082 3833 1158 3888 nobis
1178 3835 1206 3887 in
1224 3833 1345 3903 quinque

348 3933 450 3976 notum
469 3919 574 3974 libellos
593 3918 740 3987 tributum
758 3941 846 3995 neque
864 3924 902 3977 ibi
921 3924 1054 3996 peculiare
1067 3921 1215 3996 pronomini
1227 3935 1345 3990 opuscu-

348 4011 400 4064 lum
420 4009 573 4075 tribunum
593 4027 679 4082 neque
696 4013 800 4069 deinum
812 4013 864 4067 lue
876 4025 936 4066 octo
955 4013 1082 4084 epistolae
1100 4012 1177 4066 libris
1192 4006 1344 4084 quindecim
1356 4024 1379 4075 η

349 4098 513 4159 hminndoc
532 4099 647 4154 luerunt.
