3382 5206
352 564 422 636 280
597 568 853 634 ommurrrcus
878 579 1079 632 varicosus

319 691 361 743 Sic
377 701 463 744 cetera
481 689 680 760 talia‚quaeut
696 689 812 743 diximus
866 699 895 741 ta
925 687 1076 742 doctissime
1098 725 1104 741 .
1134 698 1160 742 et
1179 699 1266 744 cetera
1287 691 1361 745 talia.

323 795 410 848 neque
422 777 458 830 sd
470 793 558 829 essum
577 794 670 841 suum,
682 793 767 847 neque
782 774 815 827 ad
867 775 935 827 Sane
959 775 1120 845 comparatio
1144 775 1197 830 illis
1225 776 1362 832 adverbiis

324 881 525 934 genuumque
545 880 604 916 cam
621 862 816 937 praepositione
869 860 967 914 accidit
995 877 1066 931 quae
1091 879 1107 913 s
1131 862 1282 917 nominibus
1312 881 1362 918 ve·

320 948 632 1026 proferuntur.itdverbis
641 952 816 1026 pronuutiatt·
867 950 946 1004 niuut
958 951 1060 1007 seilicet
1072 951 1238 1024 appellativis
1247 972 1254 1003 ε
1263 963 1362 1007 ettuue

319 1041 354 1094 da
374 1052 446 1095 sunt.
470 1041 507 1095 At
532 1058 594 1096 vero
615 1039 725 1111 quando
751 1039 816 1090 haee
867 1035 933 1088 baec
952 1037 1078 1092 adverbia
1099 1038 1292 1110 comparativus
1319 1041 1361 1093 vel

319 1126 500 1201 suprascripta
524 1125 654 1182 vocabula
673 1125 708 1178 ad
726 1142 816 1179 casum
867 1124 1040 1196 superlativas
1065 1128 1180 1196 praduus
1204 1128 1359 1201 recipiunt,

320 1234 399 1270 suum
408 1216 451 1270 vel
463 1214 497 1267 ad
507 1212 660 1283 genus'sive
670 1232 729 1268 eum
744 1212 821 1286 prae!
869 1212 977 1281 quaudo
998 1224 1026 1267 et
1049 1214 1105 1285 ipsa
1133 1215 1264 1272 uomina.
1289 1216 1362 1269 unde

322 1301 454 1374 positione
468 1301 652 1373 proferuntur.
664 1302 692 1355 id
701 1303 815 1373 quodsi·
868 1301 1009 1359 oriuntur.
1023 1304 1213 1374 comparativus
1223 1306 1264 1360 rel
1273 1323 1360 1378 super·

324 1391 451 1459 gnificaut
463 1390 621 1462 appellanda
630 1401 693 1444 suut
705 1401 752 1448 ‚ut
764 1409 816 1462 pu·
868 1388 964 1442 lativos
977 1390 1091 1457 graduus
1107 1392 1223 1463 recipere
1241 1405 1361 1465 possunt.

323 1490 352 1533 ta
390 1479 512 1549 dequo,
537 1496 695 1551 equoque.
723 1487 815 1547 magne
868 1474 974 1529 Seilioet
992 1478 1228 1547 quoniam.sicuti
1248 1480 1277 1532 in
1289 1496 1362 1533 com-

322 1569 412 1624 biars.
436 1567 542 1621 doctius
566 1568 699 1625 officium.
727 1586 815 1638 qusn-
867 1566 1365 1634 paratiouenominumdocuimus.uon

321 1667 377 1711 tam
394 1655 497 1711 viram.
526 1656 581 1710 cito
602 1657 703 1711 venito·
727 1657 770 1709 sie
789 1668 816 1710 et
870 1656 958 1709 omnia
981 1656 1088 1711 nomina
1106 1658 1208 1712 scilieet
1226 1661 1364 1731 appellati-

319 1755 407 1798 sotera
426 1743 491 1798 talia
502 1781 508 1801 .
519 1762 589 1815 quae
600 1756 631 1797 ut
648 1743 765 1799 diximus
781 1745 814 1797 ad
872 1760 906 1796 va
924 1744 1117 1814 comparativus
1133 1747 1364 1818 graduasreeipe·

219 1862 224 1869 ·
322 1848 411 1884 casum
428 1849 504 1884 suurn
530 1831 571 1885 vel
590 1849 671 1898 genus
689 1831 745 1887 sive
758 1849 817 1885 cam
871 1844 899 1881 re
908 1842 1074 1903 possuntaet
1089 1833 1148 1887 ideo
1156 1833 1207 1888 boe
1217 1851 1365 1891 monemus,

322 1919 518 1991 praepositione
554 1918 752 1990 proferuntur,
788 1920 816 1973 id
871 1927 901 1970 ut
919 1935 985 1989 quos
1002 1919 1117 1985 gradatas
1135 1919 1191 1990 ipsa
1205 1921 1312 1974 nomina
1325 1939 1363 1973 re·

322 2007 396 2077 quod
406 2006 557 2074 significant
575 2007 732 2078 appellanda
744 2020 817 2062 snut.
871 2003 957 2073 cipere
975 2016 1100 2074 potsunt.
1113 2007 1215 2060 eosdem
1228 2019 1256 2061 et
1268 2025 1364 2063 eorun-

324 2095 466 2151 Adrerbiis
494 2096 593 2149 accidit
623 2099 785 2168 comparatio
807 2136 814 2157 ‚
870 2090 929 2145 dem
944 2090 1070 2146 adverbia
1088 2092 1171 2148 iacere
1192 2108 1328 2165 oogantm.

324 2189 424 2257 lipara,
443 2198 563 2258 tempus.
582 2186 749 2253 significatio.

999 2285 1040 2323 ro·
1068 2285 1103 2323 aa
1125 2289 1240 2327 rrouaa.

403 2376 432 2431 9.
451 2377 486 2412 ur
508 2375 729 2415 coasrartrrosr·
917 2346 920 2350 .

869 2394 991 2515 Figura
1006 2448 1138 2503 adverbiis
1149 2448 1263 2505 accidit.
1281 2451 1361 2503 sicuti

324 2477 522 2608 Comparatio
540 2534 672 2589 adverbiis
688 2554 734 2608 per
754 2554 815 2604 gra·
870 2545 897 2587 et
910 2535 1003 2588 ceteris
1013 2535 1135 2607 partibus
1154 2535 1301 2591 orationis,
1316 2536 1363 2587 hoc

325 2623 394 2678 duna
410 2623 586 2676 conlatinnum
604 2623 719 2679 accidit.
736 2623 816 2677 sicuti
870 2633 910 2675 est
943 2621 1051 2693 simplex
1077 2632 1105 2674 at
1124 2622 1277 2691 composita.
1296 2623 1364 2675 Sim-

325 2723 353 2764 et
368 2711 528 2766 nominibus·
541 2711 664 2766 Gradurrs
679 2712 817 2767 adverbio-
871 2712 1022 2783 plexligura
1033 2711 1215 2764 adverbiorum
1233 2723 1288 2767 est.
1305 2712 1361 2782 pier

325 2818 383 2852 rum
402 2809 466 2852 sunt
485 2809 557 2854 tres.
578 2800 658 2853 sicuti
680 2811 707 2853 et
732 2802 819 2854 nomi·
872 2800 1033 2871 composita.
1051 2799 1137 2869 impie.
1168 2799 1218 2851 Sed
1240 2800 1364 2870 composi·

323 2907 385 2941 num
393 2889 546 2960 ,positivus
559 2889 605 2957 qui
619 2900 647 2942 et
665 2889 818 2956 absolutus,
874 2900 901 2942 ta
923 2890 1006 2953 figura
1025 2887 1123 2958 qarbus
1143 2889 1182 2939 vel
1212 2900 1280 2956 quot
1308 2905 1364 2938 mo-

324 2976 538 3047 eomparativus.
559 2978 743 3047 superlativus.
875 2979 916 3032 dis
929 2980 988 3033 fiat.
1007 2977 1059 3028 iam
1080 2976 1106 3028 in
1126 2974 1277 3029 nominibus
1299 2978 1364 3028 satis

361 3064 401 3116 De
413 3064 537 3135 positivo·
555 3063 688 3118 Positivus
701 3066 757 3120 sive
772 3067 819 3119 ab·
873 3066 1054 3119 tractavimus.

324 3148 426 3200 solutus
445 3147 541 3213 gradus
556 3148 739 3201 adverbiorum
756 3152 819 3204 drra-

324 3236 435 3289 busiris
454 3236 544 3291 formis
567 3239 693 3293 definitur
716 3253 819 3318 tantum
994 3257 1034 3292 rr·
1053 3254 1088 3291 os
1109 3255 1248 3292 rrarrort.

326 3341 360 3376 ·e·
375 3335 452 3382 ntem,
468 3337 497 3377 ut
511 3339 575 3397 puta
598 3327 693 3384 docte.
708 3330 821 3398 prudeu-

325 3420 381 3468 ter,
399 3421 426 3463 et
446 3423 532 3464 cetera
553 3416 629 3466 talla.
873 3359 1031 3485 Tempora
1069 3412 1203 3465 adverbiis
1239 3412 1365 3464 aeciilrrnt

360 3501 397 3552 lle
413 3506 820 3577 comparativn.·cornpnrariv113
874 3506 944 3555 tria.
964 3517 1100 3571 praesens.
1121 3499 1215 3561 bodiea
1238 3498 1367 3568 praeteri·

323 3587 420 3653 gradus
438 3590 620 3647 adverbiorum
640 3615 691 3649 una
708 3596 819 3650 baelor·
874 3602 946 3645 totu,
965 3590 1045 3650 lreria
1074 3589 1212 3639 laturam.
1234 3603 1312 3648 cras5
1341 3594 1368 3638 et

327 3690 369 3725 ma
380 3675 506 3729 delinitur
520 3689 624 3733 tantum
642 3685 716 3740 -ius·,
729 3695 758 3735 ut
773 3704 820 3754 pu·
873 3690 955 3731 cetera
977 3678 1048 3730 talia.

326 3772 354 3813 ta
373 3763 477 3817 doctius
491 3804 497 3823 .
510 3781 537 3820 et,
560 3784 645 3823 cotnra
663 3774 737 3825 talia.

362 3854 402 3905 llo
435 3856 608 3925 superlativo.
640 3861 821 3931 Srrperlatirus
948 3877 985 3912 ta·
1007 3876 1040 3913 nr
1062 3871 1299 3910 sicvtrtcffloss·

326 3940 422 4006 gradus
443 3944 625 4009 adverbiorum
641 3965 694 3999 una
706 3949 756 3999 lrac
771 3948 820 4000 ior·

323 4044 366 4078 ma
386 4029 510 4085 delinitur
527 4044 630 4088 tantum
642 4053 701 4086 ure·
714 4047 760 4092 ‚ut
775 4054 819 4106 pu·
874 3982 1109 4105 'significationes
1144 4031 1278 4085 adverbiis
1296 4033 1368 4086 eiras·
