3382 5206
639 632 645 655 ,
687 613 770 664 trvt
797 613 981 666 ranorum.
1254 595 1320 684 4221

327 715 389 783 Cui
408 715 510 786 lector
532 717 697 809 placidam
713 721 814 812 siquis
834 720 1061 787 accommodet
1087 744 1218 803 aurem,

392 821 536 890 Pectoris
554 841 653 915 atque
670 848 730 892 suo
749 823 865 892 ordine
885 843 1000 891 cuncta
1019 823 1123 909 serat,

321 925 452 995 Utilitas
474 930 560 995 vitae
585 940 670 1020 quae
695 932 737 996 sit
758 929 919 997 discernet
941 929 1121 1017 honestae,

394 1034 543 1102 Moribus
565 1052 597 1101 et
612 1035 723 1127 lingna
743 1034 849 1104 clarus
868 1053 901 1102 et
921 1053 990 1104 arte
1011 1036 1100 1127 vigil.

616 1244 1059 1316 xx.n1aracr1ca.

332 1383 516 1563 Quisquis
537 1453 640 1522 habes
658 1473 770 1521 votum
790 1479 874 1545 quac
895 1457 935 1521 sit
956 1453 1114 1523 dalectica
1130 1459 1213 1525 scire

395 1558 507 1650 Atque
527 1561 692 1648 potestatis
718 1561 785 1625 vim
808 1581 938 1651 quoque
959 1584 1051 1628 nosse
1075 1564 1184 1650 petis,

327 1667 419 1732 Ostia
440 1667 565 1756 signavi
584 1689 726 1756 quorum
746 1665 809 1733 hoc
830 1666 974 1732 carmine
993 1665 1095 1732 limen

396 1772 599 1861 Ingredere,
625 1789 658 1839 et
679 1774 797 1840 nostris
812 1771 945 1839 sedibus
969 1771 1085 1862 hospes
1102 1773 1167 1839 adi.

330 1876 431 1944 Cuius
455 1876 644 1946 Aristoteles
662 1879 859 1946 venerabilis
880 1896 994 1946 auctor
1013 1878 1182 1962 habetur,

396 1985 482 2051 Cum
501 2008 566 2076 quo
588 1986 790 2079 Porphyrius
814 1986 916 2053 claret
940 1988 1066 2075 etipse
1086 1985 1232 2077 quidem.

329 2092 445 2157 Turba
466 2093 697 2181 magistrorum
720 2116 802 2184 quos
821 2111 867 2160 est
890 2094 1014 2159 imitata
1036 2091 1196 2179 aliorum,

395 2201 526 2289 Perque
549 2197 694 2287 exempla
714 2221 850 2290 sequens
871 2197 983 2267 nobile
1005 2222 1127 2269 nomen
1149 2199 1259 2268 habet.

330 2306 399 2371 Hac
422 2306 548 2371 ratione
571 2294 660 2396 viget
681 2305 817 2397 reliquis
842 2304 995 2371 subtilior
1013 2309 1098 2390 ista,

397 2413 443 2477 Ut
469 2409 565 2476 facile
584 2412 729 2477 inveniat
748 2435 905 2501 quaerere
928 2436 1075 2503 quaeque
1094 2413 1195 2502 cupit·

331 2518 394 2585 Cui
421 2519 504 2607 potis
524 2542 542 2582 a
569 2517 639 2585 falsi
662 2517 847 2585 discernere
870 2519 1009 2584 crimine
1033 2543 1148 2587 verum

387 2627 608 2716 Discussaque
633 2626 760 2693 honum
785 2625 876 2691 nube
897 2621 1021 2692 referre
1045 2625 1164 2716 palam.

587 2834 1104 2902 XX1.anrrnnnrtct.

239 3124 254 3143 ι
332 2982 478 3116 Lector
496 3046 720 3114 arithmeticae
742 3046 921 3115 conductus
939 3041 1048 3114 amore
1070 3047 1273 3138 magistrae,

399 3154 463 3240 Qui
485 3155 612 3243 quaeris
634 3156 763 3220 numeri
787 3177 853 3243 qua
876 3154 1005 3219 ratione
1026 3156 1154 3238 nitent,

333 3258 428 3323 Istius
443 3256 509 3322 alta
532 3257 607 3323 subi
631 3256 818 3346 splendenti
842 3257 986 3323 culmina
1008 3259 1111 3341 tecti,

401 3368 527 3433 Horum
549 3382 637 3429 certa
659 3367 734 3430 satis
755 3388 829 3431 mox
848 3365 911 3430 tibi
933 3363 1023 3455 origo
1042 3363 1109 3429 liet.

331 3470 533 3562 Pythagoras
554 3469 652 3535 huius
673 3492 750 3534 nam
771 3470 893 3557 primus
914 3467 1034 3533 dicitur·
1049 3484 1187 3549 auctor,

398 3578 473 3641 Post
496 3597 593 3664 quem
616 3572 838 3639 Nicomachus
864 3570 1077 3659 amplificavit
1096 3595 1187 3659 opus.

335 3683 420 3749 Cum
448 3681 568 3771 quibus
593 3695 625 3744 et
650 3695 759 3746 noster
782 3676 962 3744 celebraris
980 3677 1107 3744 honore
1127 3673 1275 3755 Bocche,

400 3789 464 3853 Pro
485 3808 550 3877 quo
579 3783 664 3848 sarna
687 3785 734 3849 tui
764 3784 906 3849 nominis
926 3807 1006 3848 aeva
1024 3797 1142 3848 manet.

333 3896 427 3962 llanc
456 3910 586 3976 artem,
612 3889 744 3974 lector,
772 3889 889 3980 opibus
909 3887 1029 3956 nullius
1053 3910 1149 3978 egere

402 4001 560 4085 Noverit,
580 4016 626 4069 nst
649 3997 719 4065 aliis
741 3997 908 4086 hocopus
927 4020 993 4065 esse
1013 3994 1104 4064 scias·
