3382 5206
613 617 669 697 rr⁴
991 643 1033 688 nr.
1061 643 1206 690 vraouro

586 788 684 834 mum
707 762 751 834 de
777 766 918 848 latinis,
947 761 1079 834 deinde
1101 763 1205 835 etiam
1225 762 1269 835 de
1286 768 1430 860 grueria
1452 794 1461 857 3
1492 780 1612 836 tracta·

587 889 721 959 tionem
751 915 831 959 sane
862 887 946 959 milri
980 888 1172 961 iucundam
1196 946 1204 975 ,
1232 889 1430 988 legentibus
1456 889 1610 973 utilem,

584 1011 780 1086 dilatandae
801 1012 866 1083 arti
888 1014 1128 1109 grammaticae
1144 1015 1357 1115 linguaeque
1373 1014 1518 1113 utrique
1537 1043 1611 1114 per-

585 1138 769 1229 idoneam3
789 1137 850 1210 sed
872 1141 953 1240 quia
977 1155 1025 1212 tot
1047 1140 1211 1213 codicum
1232 1140 1483 1240 descriptiones
1505 1197 1514 1227 ,
1534 1168 1611 1239 ope·

583 1290 664 1335 rum
692 1264 850 1338 facienda
878 1282 1036 1364 excerpta
1066 1322 1074 1352 ‚
1103 1282 1291 1341 auctorum
1313 1265 1499 1367 pandenda
1520 1265 1610 1337 noti-

583 1386 664 1475 tia,
692 1388 926 1486 operosiorem
962 1389 1293 1490 diuturnioremque
1327 1389 1607 1461 lucubrationem

584 1510 760 1609 postulant
783 1568 792 1598 ,
819 1509 1057 1608 ampliandum
1083 1530 1144 1587 est.
1166 1511 1278 1585 Nunc
1299 1530 1336 1584 nt
1359 1513 1533 1611 praesenti
1555 1539 1610 1585 vo-

580 1633 708 1708 lumini
730 1649 903 1733 quantum
916 1663 1003 1732 opus
1020 1652 1068 1705 cst
1085 1635 1306 1734 praeloquar,
1320 1637 1363 1708 de
1382 1635 1606 1731 grammatico

580 1756 731 1856 Virgilio
759 1756 930 1856 incipiam
962 1758 1114 1846 dicere,
1143 1763 1285 1834 homine
1312 1762 1484 1833 haetenus
1514 1761 1620 1856 igno-¹

582 1881 742 1970 tissimo,
769 1883 898 1982 quippe
919 1913 1027 1982 quern
1047 1886 1118 1957 lere
1141 1885 1260 1957 nullus
1283 1885 1374 1984 typis
1397 1884 1509 1955 editus
1529 1912 1609 1955 aue-

582 2023 661 2097 tor,
688 2008 783 2106 quod
806 2036 868 2105 ego
890 2009 1025 2098 sciam,
1047 2010 1100 2081 vel
1123 2013 1214 2083 novit
1238 2009 1288 2082 vel
1313 2008 1605 2080 commemoravit.

400 2139 557 2264 “lvsstffill'
691 2160 723 2206 2.
751 2133 899 2234 Neapoli
930 2163 1025 2207 anno
1064 2140 1170 2234 ¹320·
1191 2136 1439 2208 bibliothecam
1472 2134 1602 2231 regiam

400 2267 557 2323 mmna.
584 2256 718 2330 cursim
737 2257 910 2348 invisens,
931 2259 1100 2358 postulavi
1118 2277 1276 2334 veterem
1289 2261 1478 2333 latinorum
1497 2287 1604 2354 gram·

583 2380 795 2457 maticorum
814 2381 997 2469 codicem,
1019 2412 1128 2485 quem
1148 2384 1201 2457 vir
1221 2385 1262 2460 cl.
1279 2383 1445 2458 Cataldns
1467 2382 1605 2454 lannel·

583 2507 651 2580 lius
673 2507 712 2580 in
734 2509 889 2607 catalogo
909 2536 927 2579 a
947 2537 984 2580 se
1006 2508 1101 2582 edito
1123 2538 1156 2582 n.
1170 2508 1426 2605 35.diligenter
1448 2534 1510 2578 suo
1533 2534 1604 2579 rno-

581 2660 620 2706 re
643 2651 794 2707 enarrat.
811 2630 873 2706 Est
892 2630 989 2706 enirn
1009 2631 1162 2731 optimae
1187 2649 1288 2704 notae
1309 2632 1430 2720 liber,
1462 2629 1602 2702 saeculo

580 2756 723 2830 circiter
751 2755 939 2830 undecimo
967 2756 1148 2853 scriptus,
1176 2781 1412 2853 magnumque
1433 2781 1601 2851 gramma-

581 2883 737 2955 ticorum
767 2907 958 2955 numerum
983 2878 1171 2951 continens
1199 2877 1324 2975 partim
1347 2875 1465 2950 adlruc
1492 2877 1606 2950 inedi-

582 3024 700 3080 torum
723 3036 733 3101 3
758 3033 843 3106 quos
870 3005 963 3076 inter
983 3003 1143 3075 animum
1164 3029 1282 3076 meum
1301 3001 1489 3100 praecipue
1512 3029 1603 3074 com·

542 3144 546 3153 '
579 3132 689 3207 movit
708 3131 863 3205 claritate
888 3131 960 3229 ipsa
986 3127 1141 3203 nominis
1166 3154 1332 3202 vinculus
1357 3153 1444 3199 nano
1465 3154 1603 3226 :quem

579 3283 692 3357 quum
714 3254 843 3355 cupide
864 3253 1084 3340 lectitarem‚
1110 3267 1283 3351 quantum
1310 3246 1480 3320 sermonis
1507 3248 1603 3320 duri·

581 3383 630 3456 tia
655 3380 890 3468 offendebar,
918 3395 1056 3452 tantum
1084 3375 1183 3473 copia
1213 3374 1425 3448 eruditionis
1454 3373 1603 3475 peregri-

579 3534 695 3608 noque
709 3505 898 3604 magisterii
914 3531 1042 3601 genere
1058 3501 1265 3573 delectabar.
1274 3497 1363 3574 Mox
1385 3501 1428 3574 ad
1447 3527 1534 3599 opus
1549 3527 1603 3570 ex-

579 3633 808 3708 scribendum
827 3633 1065 3719 incumbens,
1091 3628 1292 3700 festinatum
1319 3655 1401 3699 sane
1423 3624 1604 3723 imperfec-

581 3769 729 3855 tumque
749 3751 923 3852 exemplar
944 3747 1029 3822 milri
1051 3745 1301 3833 conficiebam,
1318 3744 1411 3843 quod
1427 3741 1604 3841 sequenti-

579 3876 649 3949 bus
663 3875 764 3947 annis
782 3871 971 3972 Neapolim
994 3867 1100 3941 redux
1125 3866 1253 3940 absolvi
1276 3883 1471 3965 utcumque
1498 3881 1603 3962 atque

581 3997 770 4075 recensui:
790 4023 859 4098 qua
877 3995 1021 4096 quidem
1039 3979 1075 4066 re
1096 3990 1185 4064 nihil
1197 3988 1453 4091 propemodum
1472 3989 1602 4062 diflici-

495 4182 512 4201 ,.
582 4123 651 4203 lius
668 4141 829 4226 expertus
842 4145 938 4196 sum:
953 4118 1090 4194 ‘etenim
1109 4116 1219 4192 codex
1238 4133 1330 4190 tanta
1343 4115 1450 4215 prisci
1462 4114 1595 4188 librarii
