3382 5206
603 687 829 739 cnannartca
853 689 898 736 nr
921 689 1085 738 uacaret.
1288 665 1352 732 583

343 786 527 881 caveram,
550 797 638 886 piavi
668 793 858 883 piaverunt,
886 790 973 857 narde
1004 793 1220 880 compositum
1245 809 1293 860 est
1318 818 1372 860 ex-

342 907 450 995 piavi,
467 902 571 970 volavi
592 901 810 982 volaverunt,
829 901 933 965 meavi
952 916 1163 983 meaverunt,
1176 901 1272 966 beavi
1288 900 1368 968 bea·

344 1029 482 1087 verunt3
511 1004 792 1093 ut--fanramque
817 1003 926 1069 beavit
953 1004 1293 1094 gurgitis3-rotavi
1315 1031 1372 1075 ro·
1410 1006 1415 1015 “

347 1132 522 1196 taverunt,
548 1112 665 1202 plicavi
700 1108 931 1199 plicaverunt,
960 1125 991 1174 et
1020 1108 1120 1197 plicui
1153 1109 1372 1198 plicuerunt,

340 1237 515 1311 utramque
545 1218 680 1282 formam
710 1217 880 1307 sequium
906 1214 993 1282 unde
1022 1220 1238 1306 compositum
1266 1217 1364 1307 expli-

338 1327 409 1392 cavi
433 1343 466 1392 ct
492 1323 651 1413 explicuit
679 1339 714 1388 ut
740 1319 928 1387 illud-et
959 1346 1036 1387 cum
1064 1322 1295 1413 conplicuisset
1318 1323 1360 1391 li·

340 1433 598 1518 brum—Quae
628 1452 705 1495 vero
723 1430 936 1516 praeteritum
966 1429 998 1495 in
1027 1430 1082 1494 ·ui·
1117 1430 1251 1497 mittunt
1281 1430 1369 1496 banc

342 1535 504 1619 refutant,
531 1552 567 1602 ut
595 1557 693 1622 crepo
723 1524 862 1620 crepui,
884 1551 959 1598 tono
989 1536 1099 1617 tonui,
1126 1537 1211 1602 mico
1246 1536 1370 1621 micui,

342 1640 426 1709 frico
456 1638 579 1722 fricui,
607 1637 703 1705 donvo
733 1637 853 1702 domui.
885 1639 971 1714 Nam
997 1656 1227 1726 crepuerunt,
1251 1657 1369 1706 tonue-

338 1765 436 1830 runt,
463 1747 675 1811 micuerunts
709 1741 917 1824 fricuerunt,
947 1742 1174 1825 domuerunt,
1202 1768 1268 1809 non
1296 1745 1370 1833 epi-

342 1854 453 1919 tritum
481 1853 622 1941 primunt
651 1848 708 1917 sed
739 1850 882 1914 ionicum
918 1850 1079 1916 minorem
1108 1849 1364 1939 amplectuntur.

236 1954 241 1965 ¹
338 1963 381 2028 Et
407 1961 586 2028 notandum
613 1958 703 2050 quod
732 1961 857 2027 Pliocas
888 1961 1119 2051 grammaticus
1145 1963 1362 2049 praeteritum

338 2085 462 2156 tempus
483 2064 563 2131 frico
586 2063 680 2130 fricui
710 2066 875 2153 esposuit3
902 2065 1077 2152 Gregorius
1102 2088 1177 2131 vero
1207 2067 1240 2131 in
1264 2065 1359 2131 tertio

337 2172 457 2264 dialogi
487 2169 655 2238 volumine
682 2196 746 2235 non
779 2170 888 2234 fricuit
915 2168 973 2235 sed
1005 2167 1134 2235 fricavit
1159 2169 1272 2238 retulit
1306 2169 1361 2235 di-

338 2305 470 2347 ceus-
482 2277 598 2345 faciem
623 2276 767 2344 defuncti
791 2275 930 2343 fricavit.
945 2278 1047 2341 -Et
1072 2275 1157 2341 iufra
1170 2301 1362 2369 -cumqtte

337 2382 458 2450 diutius
483 2381 753 2448 fricaretur-et
777 2397 895 2447 cetera.

381 2504 415 2556 Δ.
443 2493 579 2557 Possunt
608 2516 648 2556 ue
672 2489 838 2577 participia
870 2485 1088 2552 huiuscemodi
1115 2485 1361 2554 delinitionibus

336 2598 466 2685 epitrito
478 2597 584 2683 prirno
598 2590 786 2683 subiugari?
800 2595 844 2658 bl·
858 2591 1140 2677 Quaenradmodum
1152 2594 1361 2683 significatio·

335 2728 389 2771 nes
404 2704 651 2792 participiorum
667 2703 708 2765 ab
725 2701 918 2766 inchoativis
932 2702 1101 2789 speciebus
1117 2701 1282 2787 venientes
1298 2725 1360 2790 per

334 2811 520 2902 genetivum
534 2810 691 2896 antespati
714 2805 844 2896 legibus
865 2809 1001 2895 patuisse
1023 2810 1086 2873 iam
1106 2807 1293 2890 retulimus,
1311 2809 1357 2872 ita

333 2914 409 2981 huic
425 2917 555 3004 epitrito
571 2937 630 3001 per
645 2913 790 2978 dativum
805 2911 975 3003 suffragari
996 2930 1234 2995 contestamur,
1254 2931 1288 2980 ut
1301 2915 1358 2979 ui-

334 3037 455 3090 tescens
471 3022 641 3088 nitescenti
654 3069 664 3103 ,
678 3021 852 3086 rubescens
864 3020 1049 3086 rubescenti
1065 3068 1075 3102 ,
1090 3038 1259 3108 tepescens
1271 3037 1358 3110 tepe-

332 3127 456 3203 scenti,
471 3128 516 3193 sic
530 3126 738 3193 tumescentis
753 3123 935 3207 fatesceuti,
953 3127 1183 3208 tremescenti,
1198 3124 1357 3196 calescen-
1457 3188 1462 3205 ,

332 3233 380 3314 ti,
407 3232 576 3299 acescenti.
604 3232 653 3296 lta
676 3254 805 3320 quoque
829 3224 929 3295 futuri
960 3233 1115 3319 temporis
1138 3233 1312 3324 participia
1334 3256 1354 3297 a

332 3337 435 3405 forma
467 3337 611 3428 perfecta
644 3339 770 3426 primae
786 3325 1031 3428 'coniugationis
1065 3338 1240 3422 derivata,
1271 3364 1355 3431 quae

332 3445 366 3510 in
391 3445 585 3538 pyrrhichio
611 3443 730 3534 digesta
757 3463 852 3511 sunta
884 3468 944 3534 per
971 3469 1080 3511 omnes
1117 3469 1232 3530 casus,
1259 3467 1353 3512 erce-

330 3554 393 3639 ptis
415 3552 615 3618 nominativo
630 3552 813 3617 accusativo
836 3551 983 3616 vocativo
1005 3549 1223 3642 singularibus
1240 3567 1273 3616 ct
1291 3562 1349 3639 'ge-

331 3658 439 3723 netivo
467 3655 609 3747 pluralis
637 3657 769 3745 epitrito
794 3657 901 3744 primo
924 3654 1142 3724 famulantur,
1176 3673 1213 3722 ut
1238 3655 1353 3722 litatu-

331 3761 361 3826 ri
384 3759 517 3828 litaturo
544 3761 683 3828 litaturis
707 3757 863 3825 litaturos·
893 3759 948 3827 Sic
974 3762 1132 3844 amaturi,
1161 3762 1353 3849 crepaturi,

330 3863 482 3932 beaturi,
510 3866 675 3946 meaturi,
694 3862 846 3952 ligaturi,
866 3864 1032 3933 fricaturi,
1053 3863 1230 3954 plicaturi,
1254 3887 1352 3932 neca·

329 3971 419 4036 turi,
444 3971 620 4061 negaturi,
644 3970 781 4034 araturi.
795 3970 844 4036 ’Δ.
877 3974 926 4039 Da
953 3971 1100 4063 regulam
1127 3968 1292 4039 divisionis
1315 3987 1350 4037 ct

330 4072 522 4166 qualitatem
549 4072 728 4164 prosodiae.
758 4077 806 4142 M.
827 4076 961 4166 Epitriti
994 4074 1128 4168 quidem
1161 4074 1351 4165 praedicta·

325 4204 400 4247 rum
413 4170 538 4272 legibus
560 4177 755 4249 divisionum
781 4182 917 4252 minime
943 4181 1189 4274 gubernantur-3
1215 4197 1248 4249 et
1270 4181 1348 4273 qaia
