3382 5206
759 631 800 676 DE
820 630 930 679 mtto.
1199 672 1201 677 ,
1278 610 1324 683 6ι

336 763 470 846 typus,
491 757 657 843 quattuor
682 757 820 813 tantum
845 739 980 813 vocales
1006 741 1162 832 litteras‘,
1182 743 1356 819 subtracta

334 864 390 937 ·V·
411 862 682 965 ,principaliter
708 879 979 937 summarerunt.
999 860 1066 934 Vel
1094 880 1186 936 certe
1214 864 1258 936 ob
1284 864 1351 937 hoc

331 984 477 1085 quidam
497 982 549 1057 ·V·
568 982 720 1054 litteram
746 981 837 1053 inter
856 981 990 1055 vocales
1010 1010 1082 1054 uon
1102 1000 1352 1081 receptarunt,

333 1105 416 1204 quia
441 1131 514 1176 non
541 1119 613 1176 tam
638 1100 792 1173 vocalem
817 1118 949 1174 veteres
971 1113 1110 1201 ,quarn
1129 1102 1352 1200 ambiguam,

333 1220 497 1321 appellari
522 1219 648 1293 debere
675 1216 885 1308 credebant,
905 1219 987 1318 quia
1008 1219 1188 1319 aliquoties
1209 1247 1272 1320 pro
1297 1247 1354 1292 vo-

335 1340 402 1412 cali
421 1397 430 1429 ,
450 1338 631 1438 aliquoties
651 1365 714 1437 pro
738 1353 835 1411 muta
856 1336 1037 1435 accipitur.
1060 1334 1132 1408 Sed
1158 1337 1225 1408 hoc
1252 1336 1353 1410 silen-

333 1457 381 1529 tio
408 1455 732 1557 praetermittamus.

413 1576 472 1648 30.
499 1572 564 1645 Illa
588 1589 705 1646 autem
730 1572 843 1659 ratio,
867 1572 911 1645 ob
931 1599 1037 1672 quam
1061 1589 1227 1672 quattuor
1253 1599 1350 1645 voca-

333 1693 384 1766 les
408 1693 567 1782 litteras,
590 1693 687 1792 quasi
708 1691 992 1790 praeiudicatoria
1012 1694 1218 1767 auctoritate
1240 1721 1351 1767 annu-

334 1812 533 1900 merabant,
545 1812 632 1885 haec
641 1829 711 1900 est,
728 1811 822 1911 quod
833 1812 897 1885 iste
909 1813 1079 1887 intuibilis
1092 1813 1351 1914 mundusquat-

334 1951 413 2005 tuor
434 1948 570 2005 constat
588 1931 766 2004 elementis
789 1989 798 2020 ,
818 1947 911 2004 terra
931 1932 1086 2023 scilicet,
1108 1934 1212 2031 igne,
1233 1961 1346 2033 aqua,
1435 1941 1465 1957 '¹

331 2070 436 2154 atque
455 2049 816 2146 aereQuodPlastus
837 2049 1088 2150 elegantissimo
1111 2053 1262 2127 carmine
1283 2053 1348 2127 dis-

330 2175 443 2248 seruit
469 2172 613 2248 dicens:

616 2290 717 2364 Limo
744 2292 905 2382 solubili,

617 2368 773 2510 Lympdra
798 2412 956 2501 meabili,

616 2529 701 2628 lgne
728 2528 889 2617 ardibjli,

617 2649 712 2722 Aura
739 2648 923 2734 mutabili,

615 2768 777 2844 Mundus
802 2766 945 2839 risibilis

616 2886 785 2987 Sumptus
810 2888 910 2959 initio
933 2890 1005 2986 (a),

616 3000 728 3080 Cuius
754 3005 908 3079 terribile

613 3125 751 3198 Pendet
778 3125 922 3200 exitium
944 3126 1005 3224 (b)

329 3236 653 3319 Secundum‘hanb
681 3245 797 3343 itaque
824 3244 1029 3330 rationem,
1059 3265 1164 3340 quam
1190 3237 1344 3338 praedic·

330 3384 388 3439 tus
411 3363 582 3437 Chremes
594 3364 772 3452 intulerit,
793 3365 830 3436 in
848 3365 912 3435 hac
932 3389 1071 3462 quoque
1086 3357 1342 3431 annumeratio·

328 3514 376 3559 ne
395 3502 540 3574 nostra,
560 3459 631 3583 quai
647 3485 792 3557 verbum
811 3499 925 3555 totum
947 3504 1237 3566 annumeramus,
1258 3495 1343 3548 tem·

329 3635 398 3707 pus
412 3623 446 3679 et
457 3633 640 3706 personam
653 3604 864 3704 excipimus,
884 3630 929 3675 ue
948 3603 977 3674 si
988 3602 1054 3674 hiis
1067 3600 1240 3698 acceptis,
1263 3615 1341 3671 octo

327 3742 366 3798 et
390 3726 513 3823 viginti
538 3725 699 3825 species,
725 3740 766 3796 ut
792 3740 842 3795 est
867 3750 1009 3795 necesse
1036 3778 1045 3810 ,
1071 3721 1203 3792 suerint
1230 3746 1343 3816 reper-

328 3863 383 3918 tae
404 3903 414 3933 ,
435 3873 604 3917 uumerus
625 3861 705 3943 typo
725 3859 837 3916 vacet.-
852 3841 1075 3941 Quamquam
1094 3839 1124 3911 si
1150 3855 1286 3939 tempus
1304 3837 1343 3910 in

326 3966 483 4069 quinque
510 3964 640 4065 species
665 3963 867 4052 dividatur,
895 3959 1067 4034 adiunctis
1097 3959 1203 4031 tribus
1229 3985 1343 4056 perso·
1424 4023 1426 4027 ,

391 4109 445 4175 ,(1)
462 4112 517 4160 eod·
536 4118 610 4155 ouru'-
648 4095 695 4173 (lt)
712 4113 768 4159 eod·
789 4117 859 4157 sulus
876 4110 996 4157 terrr'lulr'r
1010 4110 1094 4169 pendit
1110 4112 1242 4153 tristitiam·
