3382 5206
345 547 414 640 344
625 569 769 621 aaronis
796 568 1045 618 raoaiacausts

321 682 410 775 quod
429 701 461 748 et
477 680 680 749 Alexandrea
697 681 773 746 lacit
789 732 799 766 ,
818 682 905 750 rande
921 685 1082 772 producta
1104 688 1284 777 penultima
1300 690 1352 756 di·

321 797 422 862 cimus
438 794 635 884 psalmodia,
654 793 791 862 melodia
807 843 817 872 ,
835 811 870 858 nt
886 794 1001 862 saltem
1013 821 1049 863 ex
1067 797 1130 865 hoc
1143 824 1260 890 graeca
1284 825 1351 868 esse
1395 869 1402 878 ,

321 904 556 996 intelligantur.
582 906 684 971 Matri
706 928 799 968 causa
828 920 936 968 tamen
955 905 1067 972 brevia
1089 925 1172 974 sunt.
1198 910 1350 975 Horatius

318 1017 355 1080 in
370 1014 495 1107 poetria
505 1016 527 1050 “
538 1011 665 1080 effutire
679 1011 767 1081 leros
785 1012 920 1102 indigna
934 1012 1101 1104 tragoedia
1117 1039 1226 1085 versus
1239 1067 1270 1102 „.
1285 1019 1353 1084 Ea-

324 1124 401 1192 dem
431 1119 518 1188 dicta
544 1120 608 1187 sint
626 1122 665 1189 dc
692 1122 790 1190 biset
815 1122 1230 1215 similibus„spondaeus,
1262 1128 1351 1194 Mat-

325 1236 461 1319 thaeus,
482 1232 608 1324 platea,
627 1234 772 1316 Nicaea,
794 1259 877 1323 quae
901 1259 964 1300 nou
984 1261 1049 1304 esse
1068 1234 1170 1302 latina
1194 1254 1352 1304 monstrat

326 1349 544 1439 pronuntiatio
573 1350 649 1437 ipsa.
680 1349 777 1414 Extra
803 1348 888 1412 lianc
919 1347 1066 1440 regulam
1095 1367 1168 1415 sunt
1193 1348 1353 1434 ecclesia,

327 1463 495 1528 neomenia
516 1512 527 1545 ,
546 1478 578 1526 et
596 1462 690 1550 siqua
715 1478 787 1526 sunt
808 1460 935 1526 similia.
962 1459 1068 1528 Simili
1086 1459 1183 1526 modo
1202 1459 1352 1527 Heliodo-

330 1595 410 1654 rus,
432 1568 621 1661 Polydorus.
642 1568 799 1660 Virgilius
818 1571 852 1634 in
880 1571 939 1637 lll.
966 1573 988 1609 “
1011 1569 1056 1637 fas
1079 1594 1174 1638 omne
1197 1573 1353 1662 abrupit,

329 1680 528 1772 Polydorum
546 1680 719 1746 obtruncat
734 1696 766 1745 et
794 1704 871 1746 auro
887 1729 918 1763 „.
936 1680 1095 1748 luvenalis
1109 1685 1132 1720 “
1148 1684 1279 1749 tonsoris
1302 1683 1353 1746 Li·

331 1795 396 1860 cini
410 1791 460 1883 (1)
476 1792 594 1859 damno
610 1791 695 1879 rapit
715 1790 907 1857 Heliodorus
924 1841 954 1874 „.
969 1793 1024 1861 Sic
1039 1791 1212 1884 etreliqua
1226 1793 1353 1860 Pando-

332 1928 405 1984 rus‚
423 1902 641 1970 Cassiodorus.
664 1903 703 1966 In
717 1925 774 1967 ·0r·
792 1925 867 1969 vero
883 1903 1047 1992 propriam
1067 1902 1279 1992 penultimam
1302 1924 1356 1991 ge·

332 2013 424 2080 nitivi
459 2012 582 2078 liabent
614 1994 825 2101 correptam,
851 2029 885 2077 ut
912 2013 1027 2079 Castor
1064 2011 1228 2092 Castoris,
1253 2009 1359 2075 Nica-

334 2146 397 2191 nor
421 2121 604 2189 Nicanoris.

429 2255 478 2320 ¹7·
508 2234 557 2298 De
585 2255 623 2297 co
656 2231 744 2322 qnod
774 2248 822 2296 est
849 2232 940 2315 bos,
968 2232 1078 2297 scitote
1114 2228 1202 2321 quod
1230 2228 1360 2296 dativus

334 2361 367 2409 et
393 2341 551 2410 ablativus
579 2341 723 2432 plurales
743 2344 859 2407 tertiae
884 2340 1105 2408 declinationis
1135 2338 1319 2405 formantur
1338 2363 1357 2402 a

334 2453 478 2542 genitivo
504 2477 559 2520 suo
583 2451 762 2544 singulari,
783 2452 972 2540 interposita
998 2451 1065 2514 0bu·
1089 2466 1123 2513 ut
1146 2465 1268 2537 pater,
1295 2472 1361 2537 pa·

337 2560 466 2628 tribus:
492 2561 641 2630 similiter
662 2589 672 2644 3
693 2563 778 2642 bos,
805 2562 921 2644 bovis,
950 2562 1112 2644 bovibus,
1137 2561 1226 2625 cuins
1251 2560 1359 2646 prima

338 2667 466 2760 syllaba
494 2671 602 2736 brevis
631 2669 708 2735 dum
736 2695 908 2760 syncopam
943 2671 1100 2757 patitur,
1135 2667 1359 2756 prolongatur.

337 2779 494 2868 Virgilius
507 2783 529 2819 ‘⁶
545 2778 601 2845 ille
614 2804 702 2845 meas
729 2805 838 2848 errare
864 2783 972 2846 boves.
989 2830 1011 2863 „
1026 2780 1176 2845 lloratius
1201 2777 1362 2866 sapphico

340 2921 460 2979 versu,
485 2897 575 2961 cuius
605 2895 745 2962 secundo
778 2894 849 2960 loeo
879 2911 925 2958 est
955 2892 1135 2982 spondaeus
1162 2892 1183 2927 “
1213 2912 1365 2980 quaeque

341 3032 396 3075 vos
425 3007 532 3072 bobus
560 3025 731 3076 veneratur
758 3007 839 3071 albis
868 3056 904 3088 „.
934 3009 1068 3070 Putatur
1097 3023 1205 3070 tamen
1236 3020 1365 3068 mutare

343 3118 393 3183 ·0·
416 3118 451 3180 in
474 3119 526 3183 ·U·
547 3114 624 3182 dnm
645 3119 857 3203 producitur,
880 3133 910 3181 ct
933 3117 1012 3183 liinc
1029 3115 1183 3181 buculam
1208 3129 1239 3180 et
1261 3115 1368 3179 buco-

342 3224 414 3292 lica¹
432 3229 576 3292 carmina
602 3251 661 3316 per
688 3230 740 3296 ·U·
764 3226 955 3317 productam
982 3222 1166 3293 scribenda.
1192 3224 1238 3290 Os
1265 3224 1367 3310 ossis,

347 3355 379 3406 et
398 3362 504 3404 ossum
532 3343 588 3405 ossi
613 3391 623 3424 ,
650 3340 894 3407 declinaverunt
928 3339 1079 3428 antiqui,
1109 3355 1140 3402 et
1163 3335 1235 3405 idco
1261 3350 1296 3398 ιιι
1326 3337 1368 3400 sit

347 3448 527 3515 differentia
553 3449 721 3541 singularis
743 3468 774 3517 ct
801 3447 936 3537 pluralis
964 3449 1090 3512 numeri
1109 3496 1118 3528 ,
1139 3470 1196 3536 per
1221 3443 1285 3508 duo
1313 3445 1368 3510 ·U·

347 3559 494 3625 scribunt
510 3559 668 3628 moderni.
693 3561 762 3625 Noc
782 3561 902 3624 mirum
920 3583 995 3623 cum
1012 3557 1167 3647 Virgilius
1185 3553 1252 3620 sola
1273 3577 1370 3618 causa

290 3719 293 3723 ·
349 3675 445 3740 metri
461 3672 575 3739 dixerit
590 3675 624 3738 in
642 3675 767 3741 Vlll·“
786 3670 920 3751 alituum
943 3671 1174 3761 pecudumque
1195 3690 1295 3756 genus
1315 3689 1371 3730 so-

349 3808 410 3873 por
433 3785 514 3852 altus
529 3786 675 3853 babebat
696 3836 726 3871 „.
748 3785 816 3850 Nec
837 3785 898 3850 hoc
915 3781 1046 3848 recedat
1060 3806 1078 3844 a
1093 3796 1196 3845 vestra
1213 3774 1370 3842 memoria

438 3961 477 4033 (ι)
496 3961 621 4013 lictemus
641 3959 769 4028 egregiam
788 3955 924 4008 lectionem
945 3953 1034 4002 Licini
1049 3986 1055 4006 .
1073 3967 1120 4019 pro
1140 3947 1231 4016 spinis
1256 3955 1282 3996 et
1308 3942 1360 3995 ab·

364 4059 444 4114 surda
463 4067 566 4110 tantum
588 4072 657 4124 quac
675 4051 793 4121 clirepsit
814 4050 840 4101 iu
860 4048 901 4100 cd.
924 4047 1015 4098 lurcn.
1040 4053 1089 4095 sat.
1110 4042 1154 4090 Vl.
1174 4036 1233 4113 372.
