3382 5206
351 603 398 680 52
656 619 657 622 ’
720 633 869 683 ratmont
888 637 936 684 m.
988 702 991 706 ι

322 764 364 834 ge
390 738 508 837 legat:
534 755 568 811 et
596 738 673 812 ideo
698 740 843 815 sollicite
870 742 1083 842 requirunt,
1110 773 1180 844 qua
1207 747 1341 819 rationo

322 858 408 933 haec
436 861 636 934 commixtio
661 862 751 936 sacta
777 862 830 937 sit.
846 861 963 963 Super
987 864 1054 937 boc
1080 865 1237 965 plerique
1264 895 1341 939 nos-

321 996 457 1053 trorum
482 995 517 1052 et
543 1007 562 1052 a
589 980 687 1053 nobis
715 998 748 1054 et
774 1007 794 1054 a
819 972 946 1055 nostris
977 982 1153 1083 quaesiere
1187 986 1339 1084 parenti-

320 1099 407 1175 bus:
426 1099 554 1198 quibus
583 1100 775 1174 consultate
802 1129 1008 1202 responsum
1036 1120 1087 1175 est
1102 1150 1117 1191 ·,
1144 1104 1212 1177 boc
1239 1103 1342 1176 idcir-

322 1245 365 1290 co
391 1217 519 1318 suscipi
537 1245 633 1308 ,non
659 1219 740 1319 quia
766 1218 965 1292 rationabile
992 1237 1109 1293 actum
1135 1221 1202 1310 sit,
1219 1221 1280 1293 sed
1301 1238 1343 1294 nt

322 1336 506 1411 modorum
533 1355 567 1411 et
585 1350 791 1437 'temporum
817 1339 1006 1412 discrimen
1032 1341 1211 1415 habeatur.
1242 1340 1282 1412 Si
1310 1371 1343 1413 e-

320 1457 397 1530 nim
422 1456 622 1556 imperativo
640 1458 742 1531 modo
761 1460 855 1532 dicas
872 1459 1068 1533 secundum
1092 1460 1237 1560 primam
1260 1487 1341 1532 con·

321 1575 536 1673 iugationem
555 1574 657 1648 lauda
677 1575 794 1649 laudet
815 1634 824 1666 ‚
846 1578 932 1650 doce
953 1578 1103 1666 doceat,
1125 1578 1200 1675 lege
1221 1577 1339 1674 legat,

321 1695 546 1771 indicativum
565 1695 710 1768 modum
728 1725 801 1770 non
822 1699 1038 1772 dubitabitur
1053 1714 1086 1771 et
1098 1698 1340 1797 imperativum

321 1813 408 1887 velle
424 1813 631 1913 praedicere.
644 1813 722 1888 Hoc
741 1817 845 1889 etiam
871 1817 909 1889 in
936 1816 1211 1890 ordinationibus
1227 1817 1342 1889 visum

324 1944 375 2002 est
400 1929 651 2027 ingerendum.
678 1928 798 2025 Quare
824 1934 862 2007 in
889 1932 985 2006 omni
1012 1933 1254 2031 coniugatione
1282 1931 1341 2002 lric

323 2048 407 2122 ordo
420 2067 577 2122 servetur
593 2107 603 2139 ‚
622 2051 717 2123 utin
736 2053 841 2126 modo
856 2052 1057 2152 imperativo
1085 2052 1238 2127 secunda
1266 2077 1341 2149 per·

321 2198 405 2245 sona
430 2170 468 2242 in
494 2199 558 2244 suo
584 2197 722 2271 semper
748 2191 837 2247 statu
866 2192 1096 2275 permaneat.
1124 2173 1251 2246 Facilis
1286 2187 1340 2243 est

320 2291 530 2394 quaestionis
554 2294 660 2365 buius
686 2295 811 2367 solutio
845 2353 854 2383 ‚
886 2295 967 2395 quia
997 2298 1082 2368 haec
1115 2321 1260 2394 persona
1289 2320 1341 2365 se·

323 2411 438 2484 cunda
464 2411 560 2484 nulla
591 2412 843 2514 discrepatione
876 2415 1011 2511 cogitur
1043 2413 1200 2485 ordinem
1235 2437 1341 2483 suurn

323 2551 470 2607 mutare.

403 2681 461 2728 20.
490 2653 597 2727 Nunc
624 2655 669 2728 de
695 2655 933 2728 moderatione
956 2654 1101 2727 strictim
1115 2652 1259 2751 quidem
1279 2651 1338 2723 sed

322 2776 425 2875 plene
451 2775 566 2848 dicere
588 2776 766 2848 debemus·
785 2775 985 2848 Moderatio
1012 2791 1063 2847 est
1087 2802 1156 2873 qua
1182 2761 1243 2871 pc‘r
1268 2798 1340 2842 mo·

323 2894 385 2966 dos
412 2894 514 2965 verba
542 2894 855 2993 ponderanturtin
882 2922 953 2993 quo
979 2893 1213 2966 moderamine
1240 2891 1343 2962 ratio·

325 3015 494 3087 cinatores
520 3041 750 3087 numerorum
775 3013 958 3109 diligenter
984 3013 1168 3111 inquirunt
1197 3069 1205 3098 ‚
1234 3038 1340 3109 quare

322 3132 478 3231 sescupla
497 3132 685 3205 moderatio
705 3133 896 3227 habeatur3
920 3149 954 3204 et
974 3130 1184 3230 perpessiorc
1208 3133 1252 3228 (a)
1275 3129 1341 3200 lae·

322 3266 433 3323 tantes
446 3251 647 3339 intellectu,
668 3250 867 3323 secundum
886 3278 943 3322 sex
964 3266 1090 3320 aetates
1109 3248 1163 3319 vel
1184 3265 1340 3346 tempora

321 3372 469 3460 mundi,
489 3399 548 3443 sex
567 3372 686 3444 modos
707 3370 803 3442 verbi
824 3371 950 3469 positos
966 3371 1013 3468 (b)
1036 3369 1248 3441 avetcribus
1269 3368 1342 3464 plri-

320 3492 472 3591 losophis
499 3492 649 3564 credunt
675 3508 709 3563 et
735 3507 893 3563 asserunt
913 3491 1028 3567 :sicut
1057 3489 1160 3561 etiam
1187 3504 1339 3585 tempora

321 3613 505 3693 verborum
532 3612 624 3684 trino
659 3613 782 3685 ordine
814 3611 1010 3684 secundum
1041 3610 1183 3682 visibilis
1217 3608 1341 3681 mundi

322 3750 477 3833 tempora
503 3734 678 3833 permensi
703 3749 797 3806 sunt.

402 3879 464 3927 21.
486 3852 530 3925 In
544 3854 608 3926 hae
622 3853 702 3952 e'rgo
717 3880 798 3926 sena
812 3852 1046 3925 moderatione
1060 3851 1244 3924 verborum
1256 3877 1343 3921 non-

324 3970 441 4047 nullae
468 3974 687 4075 quaestiones
713 3972 888 4047 incidunt.
907 3970 1026 4046 Prima
1044 3997 1164 4045 eorum
1189 3971 1343 4045 nascitur

403 4118 442 4193 (a)
458 4128 496 4172 lta
513 4127 564 4172 cod·
612 4124 653 4193 (b)
669 4126 861 4195 codapotorans·
