3382 5206
361 569 427 645 ruo

324 709 483 754 memoratae
501 698 598 753 lormae
622 701 728 755 nomiha
751 701 813 773 plu·

324 786 404 841 ralcm
416 805 510 842 sonum
523 785 608 841 lacere
621 790 688 860 proh
693 789 814 847 iberatur,

325 875 375 929 boc
394 875 422 928 in
441 875 532 930 metris
563 889 732 948 conpetenter
756 890 816 933 tra-

322 960 463 1016 ctabimus·
475 962 608 1018 Nunelroc
617 982 750 1018 monemus
762 1001 769 1022 ‚
785 965 813 1017 in

323 1047 376 1103 hac
387 1047 469 1101 torma
481 1050 580 1118 generis
593 1051 747 1109 masculini.
761 1069 816 1121 que

323 1136 440 1192 diximus
476 1136 594 1195 ablativo
622 1157 685 1193 casu
711 1140 814 1193 numeri

322 1224 465 1294 singularis
483 1229 641 1280 nominem·
659 1228 750 1282 littera
763 1239 814 1281 ter·

323 1312 439 1370 minari.
457 1323 485 1366 et
503 1314 667 1369 nominativo
686 1332 750 1368 casu
768 1334 815 1368 nu·

322 1400 385 1453 tucri
407 1399 551 1467 singularis
570 1418 618 1455 ⁴es·
638 1401 738 1457 litteris
753 1403 813 1457 dell·

322 1485 389 1545 nial.
399 1486 472 1558 quod
481 1505 512 1541 es
526 1506 557 1542 ea
568 1488 709 1561 plusquam
721 1509 814 1549 rxvrr.

322 1579 398 1638 soni.
417 1578 467 1633 hoc
491 1588 533 1632 est
549 1595 632 1650 quana
650 1581 748 1649 viginti
767 1599 812 1636 se·

321 1676 393 1738 ntem
413 1665 520 1719 nomina
538 1683 591 1720 non
611 1669 714 1740 possint
734 1669 812 1724 eahi-

324 1752 391 1807 beri.
409 1753 449 1806 De
467 1751 548 1805 iornra
567 1756 667 1822 gennis
685 1758 812 1811 masculi-

320 1843 445 1914 ni.qnae
475 1842 594 1898 ablativo
619 1861 681 1899 casu
710 1847 812 1901 numeri

320 1931 461 2002 singularis
489 1951 525 1984 ·u·
553 1933 641 1988 littera
665 1937 811 1990 terminum

322 2025 383 2078 tur.
402 2034 430 2076 et
449 2022 614 2077 nominativo
637 2041 700 2078 casu
718 2044 812 2079 nume

321 2105 344 2158 ri
370 2107 511 2175 singularis
539 2126 587 2162 ·es·
615 2111 715 2165 litteris
743 2113 810 2165 deli·

320 2193 452 2249 niuntur.
472 2205 602 2264 quantum
622 2198 691 2251 ratio
719 2217 811 2270 posce-

320 2273 368 2330 bat
381 2277 564 2332 tractavimus.

323 2400 326 2408 ·
355 2367 433 2422 Nunc
458 2368 486 2421 in
502 2368 544 2423 his
571 2370 741 2430 nominibus.
765 2389 811 2440 gc-

321 2455 392 2510 neris
420 2458 520 2511 scilicet
548 2460 687 2514 masculini
710 2497 717 2519 .
742 2480 812 2533 qnae

319 2542 435 2598 diximus
479 2545 597 2602 ablativo
626 2565 689 2601 casu
720 2567 809 2604 nume·

322 2631 345 2683 ri
360 2632 502 2701 singularis
519 2653 556 2687 ora
575 2634 664 2689 littera
684 2638 810 2690 termina-

320 2719 344 2772 ri
366 2716 417 2779 ‚et
447 2720 611 2803 nominativo
630 2739 694 2774 casn
717 2740 810 2777 nume·

322 2811 348 2864 ri
372 2811 514 2881 singularis
544 2813 730 2886 suprascriptis
761 2814 811 2870 ior·

320 2899 372 2953 mis
392 2899 496 2954 definiri
512 2937 519 2957 .
533 2900 670 2971 quaeritur
696 2901 744 2970 qui
764 2918 812 2953 ca-

318 3002 364 3042 sns
389 3004 468 3059 quem
487 3005 563 3042 casus
585 3004 671 3057 regere
691 2985 811 3060 possinti

320 3084 349 3126 et
376 3074 437 3129 ideo
461 3075 564 3128 eosdem
592 3074 754 3135 subicimus.
781 3089 812 3130 ut

322 3161 542 3229 quemadmodum
552 3178 677 3229 scregere
693 3163 812 3232 possint.

322 3249 493 3305 doceamus·
515 3252 554 3304 De
574 3252 737 3307 nominativo
765 3271 812 3307 ca-

321 3357 352 3393 su
374 3341 475 3394 numeri
495 3340 637 3407 singularis
650 3342 698 3411 qui
719 3360 757 3395 ιι·
770 3342 812 3398 lit·

322 3437 379 3482 tera
398 3438 457 3500 post
477 3437 663 3481 consonantem
683 3429 812 3483 termina·

322 3525 366 3569 tur
378 3545 412 3565 -.
431 3517 617 3585 Quaecumque
636 3515 743 3570 nomina
766 3535 812 3583 qe-

322 3604 393 3658 neris
412 3599 551 3657 masculini
571 3606 734 3659 nominativo
749 3623 810 3659 casu

321 3690 422 3744 numeri
439 3692 582 3759 singularis
597 3710 633 3743 ·a·
648 3691 738 3744 littera
751 3704 812 3763 post

319 3787 503 3830 consonantem
518 3778 710 3837 terminantur,
723 3790 751 3833 et
766 3796 812 3850 ap-

322 3871 378 3916 tota
396 3879 452 3916 esse
471 3882 523 3918 non
544 3865 712 3919 invenientur
724 3902 731 3924 ‚
744 3866 811 3919 haec

317 3947 357 4009 ¹ad
375 3966 469 4004 sonum
486 3950 619 4006 Catilinae
647 3969 693 4023 per
713 3963 812 4006 ceteros

324 4053 400 4091 casus
414 4037 592 4095 declinantur·
607 4039 646 4096 De
659 4039 811 4109 accusativo

591 589 849 644 GRAMMATICUS
870 592 1071 646 Vl'sscllllls

867 720 930 758 casn
949 704 1052 758 numeri
1071 699 1212 772 singularis
1231 697 1279 769 qni
1294 713 1359 750 ·am·

866 792 963 847 litteris
991 802 1053 864 post
1079 799 1267 845 consonantem
1291 786 1360 839 dell·

866 879 941 933 nitur
949 909 976 928 ·.
988 878 1177 948 Quaecumque
1196 877 1304 930 nomina
1316 893 1361 944 ge-

866 968 936 1020 neris
962 967 1100 1021 masculini
1120 965 1275 1019 accusativo
1293 980 1359 1016 casu

866 1057 969 1109 numeri
995 1055 1138 1125 singularis
1166 1072 1230 1106 urm·
1259 1050 1361 1106 litteris

865 1156 925 1216 post
951 1155 1136 1200 consonantem
1160 1142 1356 1199 concluduntur

866 1245 894 1288 et
911 1245 1002 1305 aptota
1020 1251 1076 1288 csse
1094 1253 1147 1288 non
1166 1232 1376 1288 inveniuntur.¹

865 1321 931 1375 haec
949 1322 983 1374 od
995 1341 1087 1376 sonum
1100 1319 1233 1376 Catilinae
1253 1335 1299 1390 per
1317 1334 1359 1370 ee-

866 1420 936 1473 teros
951 1426 1027 1462 casus
1043 1408 1220 1462 declinantur.
1229 1406 1293 1459 ·De
1304 1403 1359 1458 No-

865 1494 1010 1554 minatiro.
1029 1496 1071 1549 vel
1089 1495 1210 1549 vocativo
1229 1508 1293 1545 casu
1308 1509 1358 1543 nu·

863 1584 927 1638 mori
941 1583 1062 1655 pluralis.
1070 1583 1176 1654 quiue·
1187 1580 1286 1636 litteris
1297 1588 1358 1650 post

864 1682 1049 1725 consonantem
1063 1670 1259 1724 definiuntur-0
1272 1665 1358 1734 Quae·

862 1773 975 1827 cumque
998 1756 1105 1810 nomina
1129 1755 1231 1825 generis
1255 1767 1357 1805 maseu-

863 1843 913 1897 liui
931 1844 1095 1898 nominativo
1112 1843 1154 1897 vel
1172 1841 1294 1898 vocativo
1314 1854 1356 1890 ca·

863 1950 894 1986 su
914 1932 1015 1985 numeri
1038 1931 1147 2003 pluralis
1176 1947 1227 1984 mc·
1256 1925 1356 1981 litteris

863 2032 926 2093 post
954 2030 1142 2074 consonantem
1168 2017 1355 2072 deliniuntur.

863 2118 891 2162 et
908 2119 1001 2180 aptota
1019 2125 1075 2161 esse
1093 2124 1146 2160 non
1165 2103 1338 2157 inveniuntur
1348 2119 1358 2166 a

863 2197 928 2250 lraec
958 2195 993 2248 ad
1025 2211 1117 2247 sonum
1148 2192 1282 2246 Catilinae
1311 2192 1383 2261 μετ’

863 2299 962 2341 ceteros
990 2301 1065 2337 casus
1088 2282 1265 2337 declinantur·
1286 2311 1300 2324 ·
1319 2280 1361 2332 De

864 2374 985 2443 genetivo
1016 2388 1078 2424 casu
1107 2369 1209 2424 numeri
1242 2367 1358 2440 pluralis

862 2461 910 2532 qni
931 2477 1026 2512 mrum·
1055 2457 1152 2512 litteris
1175 2466 1236 2528 post
1260 2471 1357 2510 conso·

862 2560 967 2603 nantem
994 2545 1120 2600 definitur
1145 2573 1178 2594 -.
1204 2543 1358 2615 Quaecum-

861 2650 915 2710 que
928 2635 1034 2692 nomlna
1047 2633 1147 2703 generis
1161 2631 1299 2686 masculini
1314 2647 1358 2701 ge·

861 2725 950 2780 netiro
958 2741 1020 2776 essu
1030 2721 1131 2775 numeri
1139 2719 1248 2793 pluralia
1260 2736 1356 2772 carnan·

861 2811 959 2867 litteris
984 2821 1045 2882 post
1070 2817 1255 2862 consonantem
1287 2805 1355 2891 defi·

862 2903 973 2956 niuntur
997 2934 1004 2956 .
1038 2897 1103 2949 lraec
1127 2893 1162 2947 ad
1189 2911 1282 2947 sonum
1301 2893 1357 2946 Ca-

863 2989 958 3043 tilinas
988 3002 1035 3056 per
1059 2997 1146 3036 omnes
1172 2996 1248 3032 casus
1272 2978 1358 3032 decli·

865 3086 973 3130 uantur.
1003 3098 1018 3112 -
1050 3070 1088 3122 De
1119 3066 1273 3120 accusativo
1309 3082 1358 3118 ca-

862 3180 895 3215 sn
915 3157 1015 3213 numeri
1036 3146 1222 3227 pluralis.qul
1241 3171 1290 3208 ·as·
1311 3153 1357 3206 lit·

864 3250 928 3304 teris
953 3258 1014 3320 post
1040 3256 1227 3302 consonantem
1258 3241 1357 3296 defini-

865 3347 908 3390 tur
918 3365 948 3385 -.
958 3335 1145 3404 Quaecumque
1157 3331 1263 3386 nomina
1277 3347 1358 3397 qene-

863 3425 900 3477 ris
914 3424 1051 3477 masculini
1067 3421 1219 3475 accusativo
1232 3436 1356 3485 casn-nu-

864 3513 929 3567 meri
943 3511 1054 3584 pluralis
1065 3530 1112 3564 ·as·
1121 3509 1220 3564 litteris
1227 3517 1288 3579 post
1296 3523 1356 3560 con·

862 3611 1001 3653 sonantem
1022 3598 1186 3652 definiuntur
1196 3633 1204 3655 ‚
1215 3606 1243 3652 et
1263 3603 1357 3665 aptota

863 3709 918 3744 esse
936 3710 990 3745 non
1010 3689 1214 3762 repperiuntur,
1233 3687 1299 3739 haec
1320 3687 1356 3738 ad

862 3794 956 3831 sonum
976 3777 1110 3832 Catilinae
1126 3793 1171 3848 per
1184 3785 1285 3828 ceteros
1304 3789 1354 3825 ca-

863 3883 907 3920 sus
927 3866 1105 3920 declinantur.
1118 3893 1133 3906 ·
1146 3864 1184 3917 De
1202 3861 1357 3916 accusatirn
1422 3936 1425 3941 Α

863 3974 925 4010 casu
941 3955 1043 4010 numeri
1062 3955 1219 4023 singularis,
1233 3953 1282 4024 qui
1297 3970 1356 4005 ·an·

862 4045 959 4100 litteris
973 4043 1098 4100 deutritur
1107 4071 1140 4092 ·.
1159 4043 1352 4113 Quaecumque
