3382 5206
789 254 814 317 l.

372 526 448 605 loo
695 549 863 604 assessus
888 554 1018 606 rusus.

345 679 484 739 torrent
503 664 591 740 toles
613 665 807 756 flammeis,
830 692 872 740 ac
891 662 1043 741 arboreis
1063 662 1191 740 crudas
1210 662 1375 739 insuunt

344 780 492 858 sudibus
506 810 651 884 pernas:
667 801 780 858 ostrea
797 784 982 882 sanguinei
997 781 1176 858 licuminis
1193 781 1371 858 decidunt

343 902 441 977 inter
455 904 551 978 faces
563 904 760 994 stillicidia,
773 921 953 1006 assataque
970 902 1085 979 carnei
1101 902 1269 1005 ponderis
1285 931 1370 1001 gus-

344 1039 426 1099 tant
440 1041 633 1099 armatores
644 1026 776 1114 frusta,
792 1023 933 1100 suillem
949 1026 1095 1099 sorbent
1114 1022 1278 1098 faucibus
1290 1051 1370 1124 pas·

345 1161 435 1220 turn
463 1142 560 1221 Hinc
584 1146 728 1247 progeni
748 1146 851 1220 istius
871 1144 1003 1220 telluris
1022 1145 1166 1220 acculae
1189 1162 1368 1220 extremas

345 1262 472 1339 natalis
497 1264 560 1339 soli
579 1264 799 1341 obvallabant
823 1263 964 1340 assidue
990 1290 1092 1353 oras,
1117 1291 1163 1337 ne
1183 1261 1368 1340 inimicale

343 1384 496 1484 paternis
508 1384 658 1486 polleret
676 1384 866 1459 discrimen
887 1382 1003 1458 sulcis.
1024 1381 1168 1482 lamque
1189 1381 1307 1456 solitis
1327 1384 1367 1457 fi·

343 1502 434 1579 ualis
460 1505 556 1604 globi
579 1504 772 1580 lustrantes
797 1504 1046 1592 anfractibus,
1073 1501 1229 1576 edictum
1247 1500 1368 1576 adves-
1438 1502 1444 1512 ’

344 1639 421 1697 trea
446 1641 673 1726 prospectant
704 1623 950 1699 latrunculum
981 1622 1076 1696 inter
1104 1622 1239 1697 robora.
1264 1616 1367 1696 Tum

343 1739 517 1816 frondens
530 1741 692 1818 irruente
709 1759 846 1817 caterva
860 1742 1071 1841 frangoricat
1084 1740 1193 1815 saltus
1205 1768 1270 1831 „ac
1284 1767 1369 1841 pro-

344 1877 464 1935 tervus
485 1859 611 1936 clamat
636 1863 718 1939 ilico
744 1879 894 1952 coetus,
920 1861 1015 1964 quod
1042 1890 1084 1936 ex
1112 1860 1366 1957 crudelistra·

344 2006 386 2077 ge
408 2006 482 2053 non
506 1981 696 2057 evaderent
714 1983 759 2057 de
780 1983 917 2081 agmine
936 1981 1164 2082 superstites,
1186 2010 1373 2082 nusquam.

342 2118 479 2175 atroces
505 2101 629 2178 alitum
654 2106 826 2180 veherent
851 2105 889 2178 in
915 2105 1054 2178 aethera
1079 2130 1238 2203 ungues.
1267 2101 1366 2179 Hinc

344 2218 502 2295 strictam
527 2223 713 2297 furibundi
740 2223 891 2298 densant
916 2224 1030 2296 aciem
1051 2221 1218 2321 tyranni,
1246 2248 1288 2295 ac
1310 2250 1366 2294 ar-

341 2339 463 2413 mifera
477 2342 602 2416 ferunt
613 2342 798 2417 incidoncs
810 2360 932 2416 rostra.
946 2341 1142 2415 Alboreum
1154 2355 1255 2413 aereo
1267 2366 1367 2440 spar-

342 2456 439 2555 gitur
467 2459 686 2536 cbimentum
712 2461 835 2537 sulco:
861 2478 981 2533 truces
1007 2459 1187 2560 reciproco
1207 2457 1375 2532 librami·'

341 2607 387 2652 ne
402 2598 590 2678 penetrant
604 2583 770 2670 dolones,
787 2580 1000 2684 degestaque
1021 2581 1160 2655 carneis
1178 2579 1365 2656 terebrant

343 2699 478 2799 spicula
504 2701 627 2792 mles,
659 2731 701 2776 ac
729 2702 902 2776 earnifera
929 2699 1100 2801 purpurei
1119 2717 1269 2799 serpunt
1296 2729 1365 2801 per

344 2820 452 2895 latera
478 2822 551 2896 rivi.
579 2822 736 2896 lnermes
764 2841 876 2897 ruunt
900 2820 938 2894 in
964 2820 1079 2894 obello
1106 2820 1292 2919 gigantes,
1320 2850 1364 2895 ac

344 2939 463 3013 assiles
482 2941 625 3015 solvunt
645 2940 786 3014 ensibus
807 2939 942 3038 gignas,
962 2938 1048 3012 dum
1068 2938 1205 3014 toxicus
1226 2939 1365 3012 irruen-

345 3077 417 3134 tem
437 3061 601 3135 certandi
621 3059 747 3134 robore
762 3060 891 3157 frangit
904 3059 1124 3133 latrunculus
1136 3058 1364 3159 pbalangem,

342 3179 521 3253 mortifera
546 3179 696 3281 spoliant
721 3178 874 3252 vestium
893 3193 986 3250 strue
1007 3177 1193 3266 caderem,
1219 3177 1366 3252 horren-

343 3298 457 3398 doque
485 3299 636 3374 iubilant
663 3299 800 3373 crudeli
827 3298 997 3373 tumultu.
1024 3296 1121 3373 Hinc
1146 3296 1273 3372 reduci
1298 3314 1367 3372 tra-

342 3419 426 3491 mite
449 3435 638 3516 paternum
658 3435 857 3492 remeantes
878 3418 912 3489 in
934 3417 1069 3505 solum,
1089 3415 1287 3491 fabulosam
1305 3446 1366 3494 ex·

345 3538 506 3639 primunt
533 3539 670 3615 accolae
697 3541 825 3614 soriam
854 3541 916 3637 (1)

427 3736 469 3805 (ι)
491 3737 582 3788 tilossa
602 3738 766 3807 congeriem·

616 3946 778 3994 msrttttct
806 3947 937 3993 natust
965 3945 1090 3994 ΙᾸΜΙΝᾸ.
1168 3950 1172 3958 “
