3382 5206
371 518 441 601 riu

629 548 885 600 GRAMMATICUS
911 547 1111 598 vtrtcltttts

340 658 377 710 r'is
396 675 448 709 ·us·
467 655 565 710 lineri«
577 669 831 735 postrnusomntem
885 655 934 709 linc
952 659 1061 714 Danao,
1079 659 1174 711 horum
1184 660 1320 713 Danaum:
1336 660 1384 714 sed

347 745 451 798 deliniri
462 781 469 799 .
480 756 608 815 quantum
621 747 689 797 ratio
699 745 840 817 poscebat,

350 834 533 887 tractavimus.

499 923 546 986 lu·
566 938 687 976 uir-ius·

381 1010 568 1080 Quaecumque
600 1008 706 1061 nomina
739 1005 839 1073 generis

346 1099 486 1152 masculini
505 1097 624 1152 ablativo
648 1115 710 1150 casu
738 1095 840 1147 numeri

346 1186 488 1255 singularis
503 1204 538 1238 ·0·
547 1185 637 1237 littera
646 1182 838 1238 terminantur,

345 1285 371 1327 et
392 1273 557 1326 nominativo
576 1289 637 1324 casu
656 1269 758 1323 numeri
780 1269 838 1320 sin-

344 1363 443 1431 gularis
462 1379 530 1415 mus·
550 1359 838 1414 litterisdcflniuntur.

344 1461 410 1522 putu
435 1448 469 1502 ab
486 1449 536 1502 hoc
556 1448 692 1505 Menelao,
712 1446 757 1497 hic
778 1446 837 1496 lle·

344 1539 449 1597 uelaus,
470 1539 505 1591 ad
529 1537 579 1590 hoc
588 1533 733 1607 exemplum
753 1533 837 1586 decli·

343 1638 449 1679 uantur.
457 1626 564 1679 Numeri
573 1625 722 1688 singularis.
730 1622 774 1674 hic
784 1621 837 1672 lile·

344 1713 449 1772 nelm.
463 1712 543 1766 liuius
552 1712 665 1765 Menelai
677 1747 683 1767 .
702 1710 765 1762 huic
780 1711 835 1762 lle·

344 1802 433 1859 uelim,
452 1802 522 1853 hune
542 1801 710 1854 Menelaum.
735 1817 751 1852 ο
776 1799 835 1850 lle·

343 1889 432 1947 selae.
449 1873 483 1942 rii
505 1889 555 1942 hoc
573 1890 701 1942 Menelao·
725 1885 833 1940 Numeri

320 2033 322 2036 ,
343 1975 481 2049 pluralis.
508 1977 538 2029 hi
565 1977 677 2030 Menelai
702 2012 708 2033 .
739 1975 832 2028 horum

342 2065 539 2123 Menelnorum,
561 2065 603 2117 liis
622 2064 765 2121 Menelais,
784 2064 832 2116 bos

341 2154 475 2208 Menelaus
484 2189 491 2211 ,
501 2173 518 2207 ο
528 2155 639 2207 Menelai
653 2191 660 2210 ‚
671 2154 704 2206 ab
714 2154 758 2207 his
779 2156 834 2206 Ille·

342 2241 431 2295 nelais.
457 2242 545 2296 sicet
569 2242 621 2294 alia
645 2244 746 2309 generis
776 2261 833 2294 ma-

338 2329 433 2382 sculini
445 2330 552 2383 nomina
564 2347 648 2398 ‚quae
658 2329 776 2382 ablativo
789 2346 833 2380 ca·

340 2434 371 2470 su
391 2416 491 2470 numeri
509 2417 650 2484 singularis
681 2436 715 2467 ιο·
741 2416 831 2468 littera

340 2506 533 2561 terminantur.
551 2514 578 2555 et
596 2502 760 2555 nominativo
769 2518 831 2554 casu

320 2578 328 2597 ·.
342 2592 444 2647 numeri
476 2592 617 2659 singularis
642 2608 709 2640 uus·
733 2589 830 2641 litteris

341 2680 523 2736 deliniuntur,
541 2678 576 2729 ml
585 2678 730 2745 exerrrplnm
743 2677 830 2727 Mene·

341 2769 377 2820 lui
400 2785 446 2839 per
471 2782 559 2820 omues
586 2781 663 2815 casus
694 2764 830 2815 declinan-

341 2867 393 2910 tur.

376 2942 452 2995 Nune
480 2940 507 2992 in
543 2939 594 2990 hac
621 2939 701 2990 lnrmu
734 2953 828 3006 supra-

337 3028 436 3100 scripta
447 3066 453 3085 .
464 3045 517 3096 qua
528 3025 643 3081 diximus
659 3024 760 3095 generis
776 3042 828 3073 rna-

339 3116 435 3171 seuliui
450 3115 556 3168 nomina
571 3111 687 3165 ablativo
707 3130 768 3163 casu
782 3130 829 3162 nu-

337 3205 402 3258 meri
420 3202 560 3269 singularis
579 3220 614 3254 ·o·
634 3202 722 3253 littera
743 3200 827 3252 termi·

336 3292 395 3346 nari
406 3327 414 3349 ,
431 3301 459 3342 et
469 3289 632 3342 nominativo
643 3306 706 3338 casu
726 3287 827 3340 numeri

337 3377 478 3446 singularis
493 3393 561 3428 mus·
589 3375 686 3427 litteris
706 3375 826 3430 definiri.

336 3467 387 3520 boc
405 3483 551 3522 monemus.
568 3465 639 3534 quod
657 3465 717 3517 siut
737 3465 825 3533 aliqua

337 3557 443 3608 nomina
466 3569 536 3622 quae
561 3552 692 3604 interdurn
721 3561 826 3621 propter

336 3655 420 3696 metra
442 3643 482 3695 vel
504 3652 651 3694 structuras
669 3658 700 3721 οξ
729 3639 827 3691 ablati-

336 3748 369 3783 vo
390 3747 452 3780 casu
467 3728 568 3780 numeri
580 3728 720 3794 singularis
742 3746 775 3780 ·0·
791 3728 827 3778 ul·

335 3817 428 3892 timum
440 3828 468 3870 et
485 3817 513 3869 iu
527 3834 588 3867 uui.
603 3817 707 3869 litteras
721 3832 827 3868 conver-

332 3916 406 3964 tant,
426 3916 456 3957 ut
475 3905 623 3972 genetivum
635 3921 723 3957 casum
734 3923 825 3957 nurne-

332 3993 358 4047 ri
382 3993 491 4066 pluralis
506 3993 637 4049 efficiunt,
654 4004 684 4046 ut
704 4005 770 4064 puta
794 3994 827 4045 ab

662 4192 678 4223 0

893 744 959 797 haec
977 763 1046 814 quae
1071 746 1125 799 sint
1140 746 1261 804 nomina.
1279 759 1306 801 et
1330 767 1385 817 qua

853 899 858 907 ι
894 831 927 883 de
945 849 1063 883 causaer
1085 834 1237 902 supradicto
1253 852 1316 885 casu
1340 836 1385 886 in·

896 919 998 971 terdunr
1015 932 1122 991 propter
1142 933 1224 974 metra
1246 924 1382 975 velstruc-

892 1015 964 1058 tutas
986 1026 1021 1060 ·o·
1049 1008 1172 1060 ultimum
1203 1019 1231 1061 et
1256 1010 1285 1061 in
1316 1028 1382 1061 ·urn·

892 1093 996 1147 litteras
1007 1106 1177 1153 convertant.
1192 1106 1223 1148 ut
1233 1097 1381 1163 genetivum

892 1198 980 1233 casum
992 1183 1093 1234 numeri
1115 1184 1223 1254 pluralis
1246 1185 1382 1242 efficiant.
1431 1189 1434 1193 ’

891 1270 941 1323 lioc
967 1272 993 1324 in
1011 1274 1101 1326 metris
1114 1274 1154 1326 vel
1167 1274 1309 1327 structuris
1322 1293 1381 1327 con·

891 1369 1011 1427 potenter
1027 1360 1208 1413 tractabimus.
1219 1363 1284 1414 ltem
1296 1360 1324 1413 iu
1332 1361 1383 1413 hac

890 1450 1071 1517 suprascripta
1090 1446 1171 1500 forma
1199 1447 1299 1515 generis
1323 1466 1380 1501 ma-

889 1535 1008 1593 sculini,
1039 1555 1094 1605 qua
1121 1538 1238 1590 diximus
1265 1537 1382 1593 ablativo

889 1643 951 1679 casu
979 1627 1081 1678 numeri
1108 1626 1249 1694 singularis
1274 1628 1381 1683 nomina

889 1733 926 1766 ·o·
941 1713 1032 1767 littera
1045 1715 1195 1771 terminari.
1208 1726 1235 1768 et
1254 1719 1375 1770 nomina-

888 1800 945 1854 tivo
959 1817 1022 1853 casu
1040 1803 1141 1854 numeri
1152 1803 1292 1871 singularis
1312 1822 1379 1859 mus·

889 1890 972 1943 litteri
994 1891 1117 1948 definiri,
1147 1891 1197 1944 hoc
1225 1909 1378 1952 monemus,

887 1979 959 2049 quod
973 1997 1004 2032 ex
1024 1996 1055 2032 ea
1073 1979 1180 2049 plurimi
1191 1982 1263 2039 soni,
1275 1983 1325 2036 linc
1340 1993 1381 2036 est

887 2068 1000 2136 plurima
1011 2069 1129 2124 nomina,
1137 2068 1238 2139 possint
1250 2070 1380 2124 exhiberi.

886 2156 925 2206 De
943 2153 1025 2207 iorma
1036 2155 1137 2222 generis
1150 2158 1287 2210 masculini
1298 2195 1305 2216 ,
1325 2176 1380 2227 qua

887 2241 1006 2295 ablativo
1024 2259 1085 2292 casu
1108 2244 1211 2296 numeri
1238 2245 1379 2313 singularis

884 2329 991 2380 nomina
1011 2345 1048 2381 ·0·
1073 2330 1161 2383 littera
1184 2331 1380 2391 terminantur,

884 2426 912 2467 et
930 2416 1092 2470 nominativo
1108 2434 1170 2468 cusu
1194 2418 1296 2472 numeri
1319 2419 1377 2472 siu·

885 2502 982 2570 gularis
1001 2521 1069 2556 ·aus·
1084 2504 1181 2556 litteris
1200 2504 1379 2563 definiuntur,

885 2600 1015 2657 quantum
1033 2589 1101 2642 ratio
1117 2589 1257 2660 poscebat.
1276 2602 1379 2645 tracta-

886 2679 981 2732 vimus.

1032 2763 1076 2831 li·
1096 2783 1131 2819 ns
1153 2783 1226 2820 «sns-

919 2853 1106 2921 Quaeeumque
1131 2853 1238 2905 nomina
1273 2853 1377 2920 generis

884 2945 1021 2997 masculini
1039 2944 1156 2998 ablativo
1180 2963 1242 2998 casu
1273 2949 1377 2999 numeri

882 3032 1022 3099 singularis
1048 3052 1083 3084 .0.
1113 3031 1202 3087 littera
1231 3032 1378 3086 terminan-

883 3134 943 3178 tur.
960 3134 987 3174 et
1010 3122 1173 3175 nominativo
1193 3137 1254 3173 casu
1275 3123 1377 3175 numeri

881 3211 1021 3274 singularis
1041 3228 1106 3261 ·eus·
1124 3210 1221 3261 litteris
1242 3207 1376 3262 deliniun-

881 3311 933 3356 tur,
943 3311 972 3351 ut
982 3297 1378 3368 putanblmcllioneolricllio·

880 3402 957 3441 neus.
976 3385 1039 3436 haee
1060 3385 1095 3435 ad
1113 3384 1162 3434 hoc
1175 3383 1321 3453 exemplum
1335 3382 1377 3436 de-

879 3474 1019 3524 clinantur.
1029 3472 1135 3522 Numeri
1154 3470 1315 3538 singularis,
1334 3469 1379 3521 hic

879 3560 992 3612 llioneus
1001 3594 1009 3617 ,
1019 3558 1099 3610 huius
1113 3557 1224 3613 Ilionei.
1237 3557 1300 3609 huic
1315 3557 1377 3610 llio·

879 3665 943 3702 neo,
964 3647 1035 3698 hune
1055 3646 1192 3702 lioneum‚
1215 3664 1231 3697 ο
1256 3646 1374 3702 Iliense.

881 3733 914 3786 ab
933 3735 982 3787 hoc
1002 3735 1109 3786 Ilioneo.
1129 3734 1237 3785 Numeri
1252 3733 1379 3802 pluralis,

879 3820 908 3871 hi
920 3821 1028 3875 Ilionei.
1043 3820 1135 3874 horum
1152 3819 1307 3871 llioueorum
1317 3856 1323 3876 ,
1334 3817 1377 3871 his

881 3906 1004 3964 llioneis.
1024 3907 1073 3960 hos
1085 3906 1215 3962 Ilioneus.
1236 3925 1252 3958 0
1262 3904 1374 3960 ttionei.

882 3994 916 4047 ab
935 3994 978 4050 his
997 3994 1112 4048 llioueis.
1131 3993 1174 4046 Sic
1191 3992 1217 4048 et
1228 3993 1281 4045 alie
1299 4010 1375 4061 geuu-
