3382 5206
743 635 788 678 DE
817 632 972 679 NOMINE·

330 737 466 810 paratirns
495 737 593 802 gradus
619 755 649 789 cs
679 754 706 789 se
733 736 817 789 faccrc

328 836 457 898 possnut.
487 824 553 876 hacc
579 824 726 876 indicativo
750 843 815 877 casu

328 916 427 968 urrureri
445 912 587 981 singularis
613 932 663 964 ·0r·
687 912 816 981 syllabam

328 1001 477 1071 accipiunt.
491 1010 518 1052 et
533 999 740 1070 comparativum
757 1018 817 1069 qra-

328 1087 392 1138 durn
423 1085 524 1153 generis
552 1084 697 1137 conrusunis
727 1096 816 1138 suten-

327 1176 411 1229 ‹luutr
430 1175 550 1231 scilicet,
568 1175 714 1243 quonium,
735 1174 817 1226 sicuti

325 1278 403 1332 saepe
422 1261 556 1319 diximus,
570 1260 731 1331 quicumque
750 1278 818 1313 coru-

328 1348 443 1418 parutiri
462 1349 558 1416 gradus
575 1347 737 1401 nominativo
755 1365 817 1398 casu

328 1434 430 1486 nunrcri
460 1435 602 1501 singuiar'u
631 1434 689 1487 ¹ior·
719 1432 817 1486 litteris

329 1523 506 1580 driiuiuutur.
524 1535 552 1577 et
576 1542 628 1576 nou
647 1542 678 1575 cr
700 1523 744 1574 illa
770 1543 817 1594 po·

328 1613 425 1665 sitione
447 1612 565 1668 urnae.
587 1629 641 1681 qua
666 1628 697 1664 ex
725 1629 818 1679 genere

330 1699 476 1752 masculino
502 1698 666 1754 nominativo
685 1715 747 1751 casu
766 1718 818 1752 uu·

328 1787 391 1838 ascri
410 1786 551 1852 singularis
571 1805 623 1839 cx·
643 1787 742 1839 litteris
768 1805 817 1839 uo-

328 1875 399 1926 minu
409 1873 585 1930 definiuntur.
604 1875 694 1937 venire
714 1872 816 1932 intelle·

316 1973 445 2030 ¹guntur.
465 1963 493 2015 hi
507 1964 608 2030 generis
626 1963 768 2016 communis
781 1978 818 2015 es·

327 2070 355 2105 se
368 2054 574 2124 repperiunturj
590 2064 619 2107 ιιι
635 2064 715 2124 puta.
730 2052 775 2103 hic
790 2061 818 2104 et

330 2145 394 2199 haec
411 2156 440 2198 et
457 2144 507 2198 hoc
520 2146 606 2198 audax
626 2145 688 2196 iruic
707 2145 816 2201 audaci.

329 2234 385 2286 uic·
402 2234 443 2286 vel
475 2233 540 2288 hacc
572 2237 697 2288 arrdscior
731 2233 817 2287 iacere

329 2319 433 2373 debent·
452 2321 529 2375 Nunc
541 2322 606 2375 haec
618 2323 709 2377 cadens
727 2339 816 2392 supra·

328 2407 395 2463 dicti
414 2411 517 2478 generis
537 2413 644 2466 nomina
657 2429 727 2481 quoe
743 2411 817 2464 dixi-

329 2515 386 2553 nrus
407 2500 435 2553 in
453 2501 606 2573 supradicto
624 2503 707 2569 gradu
728 2504 816 2558 norni-

330 2587 423 2641 nrtiro
456 2605 519 2641 casu
545 2590 647 2642 numeri
674 2590 816 2659 singularis

330 2689 385 2724 αι·
399 2673 497 2728 litteris
522 2677 647 2735 definiri.
675 2678 703 2730 in
725 2678 817 2733 dativo

329 2777 390 2813 casn
408 2764 510 2816 numeri
529 2765 671 2834 singularis
694 2787 745 2822 ·us·
764 2770 817 2838 syl·

330 2847 418 2902 tabam
443 2853 597 2924 accipiunt,
623 2866 651 2909 et
675 2874 727 2909 non
754 2868 816 2909 tarr-

330 2948 388 2991 turn
401 2943 613 3012 ,comparativum
637 2943 747 3012 gradum
770 2962 816 3014 ge·

331 3029 400 3081 neris
419 3036 506 3085 neutri
525 3032 572 3085 sed
589 3043 616 3086 et
632 3032 816 3087 adverbiorum

330 3120 497 3171 ostendunt:
530 3120 658 3177 scilicet.
688 3122 816 3191 quoniam

328 3208 491 3277 quicumque
510 3210 693 3279 comparativi
721 3210 817 3277 gradus

329 3297 493 3350 nominativo
511 3315 572 3352 casu
592 3300 694 3352 nurneri
706 3301 818 3366 singula-

279 3401 285 3407 ·
329 3387 366 3436 riu
392 3384 453 3435 ·ius·
472 3382 568 3437 iittcris
594 3388 772 3447 ilrsruiuntur.
790 3389 819 3441 hi

331 3491 382 3525 nnn
394 3485 497 3527 tanturn
509 3476 609 3541 generis
621 3479 725 3534 neutri,
736 3480 780 3531 sed
791 3491 817 3533 ct

330 3561 515 3615 adverbiorum
533 3580 588 3614 csse
614 3568 816 3636 repperiuntur,

331 3662 359 3703 ut
374 3663 439 3722 puta
451 3691 457 3708 ‚
470 3652 514 3703 liic
531 3663 558 3705 ct
577 3652 640 3703 hacc
659 3666 686 3707 ct
705 3655 753 3707 huc
773 3675 817 3709 au·

331 3741 412 3796 dax.
439 3739 503 3791 hnic
537 3740 657 3796 audaci.
688 3742 815 3795 audacius

330 3830 438 3900 utrique
456 3827 605 3899 respondet.
630 3829 764 3882 sedisne
787 3831 817 3881 hi

330 3917 432 3985 generis
444 3917 530 3970 neutri
543 3933 596 3968 esse
615 3917 818 3987 repperinutnr.

328 4006 438 4076 quondo
451 4042 458 4061 .
478 4015 509 4057 ιιι
526 4005 759 4083 supradiximus.
772 4024 816 4074 ge·

330 4091 436 4148 neribus
454 4091 555 4149 neutris
576 4093 649 4163 iungi
674 4095 819 4149 inveniun-

1258 650 1262 663 ι
1276 633 1340 708 179

874 749 934 794 tur.
954 749 983 790 ut
1003 748 1085 808 puta.
1100 737 1246 795 audacius.
1263 739 1364 791 nanci-

870 826 953 895 pium·
982 821 1018 878 At
1044 845 1106 879 vero
1132 825 1241 895 quando
1254 842 1307 877 non
1323 840 1365 891 30·

876 911 984 966 neribus
1010 916 1128 973 uentris.
1152 913 1198 967 scd
1227 929 1287 964 enm
1312 914 1364 969 elia

871 998 994 1068 qualibet
1013 1012 1088 1071 parte
1106 1001 1236 1056 orationis
1251 989 1365 1053 misnen-

871 1099 929 1145 tur,
942 1088 1124 1142 adverbiorum
1135 1106 1191 1142 esse
1205 1087 1364 1160 pronuntia-

871 1189 914 1231 tur
924 1215 931 1235 .
950 1190 981 1232 ιιι
1000 1190 1065 1251 puta
1076 1209 1089 1219 -
1100 1180 1229 1233 audacius
1243 1179 1316 1232 diris
1327 1207 1362 1229 ι.

870 1266 913 1319 sis
938 1275 966 1317 et
993 1265 1039 1317 alii
1067 1265 1242 1336 comparativi
1267 1263 1363 1333 gradu!

871 1352 979 1423 quando
993 1354 1081 1422 generi
1096 1365 1191 1407 neutro
1202 1389 1210 1410 .
1220 1352 1262 1405 vel
1277 1370 1361 1423 qnsn·

872 1441 906 1493 du
917 1439 1043 1494 adverbio
1053 1440 1244 1512 respondeant.
1260 1439 1362 1493 intelie-

872 1543 978 1597 guntur.

910 1622 985 1673 Nunc
1004 1620 1069 1673 hoec
1079 1617 1172 1672 eadem
1186 1616 1293 1670 nornine
1304 1630 1362 1683 ‚ge
1445 1649 1454 1665 ι

871 1705 943 1758 ueris
971 1708 1073 1760 scilicet
1102 1705 1210 1763 omnis.
1236 1720 1308 1773 quse
1320 1701 1362 1754 di·

872 1793 958 1846 ximus
982 1829 990 1850 ‚
1015 1794 1043 1846 in
1060 1793 1176 1864 positivo
1199 1791 1283 1860 gradu
1310 1807 1360 1842 no-

870 1883 1000 1939 minativo
1024 1901 1086 1936 casu
1112 1883 1214 1936 numeri
1241 1879 1360 1947 singula·

870 1971 915 2024 ris·
934 1988 986 2023 ιιι·
1016 1970 1111 2023 litteris
1134 1968 1256 2026 definiri,
1274 1969 1297 2020 si
1317 1985 1360 2020 su·
1427 1956 1437 1966 ⁵

871 2060 1013 2130 perlatiros
1042 2060 1137 2127 gradus
1165 2076 1197 2113 ex
1222 2073 1250 2111 se
1275 2055 1360 2110 iecere

870 2159 995 2219 possunt,
1012 2148 1039 2201 in
1058 2149 1180 2217 genetivo
1191 2165 1255 2202 essu
1268 2165 1359 2202 nurus·

870 2234 892 2284 ri
927 2235 1070 2303 singularis
1106 2235 1208 2290 simus·
1243 2235 1359 2305 syllabas

867 2323 1021 2396 recipiunt.
1041 2335 1069 2379 et
1090 2324 1279 2397 superlativum
1297 2341 1360 2391 gra-

868 2412 931 2464 dum
963 2412 1065 2481 generis
1094 2411 1234 2466 masculini
1266 2421 1358 2465 ostsu-
1415 2477 1417 2481 ¹

867 2498 954 2557 dunt.
974 2510 1005 2553 ut
1031 2509 1105 2571 puta
1123 2500 1168 2552 hic
1192 2498 1304 2552 ethaeo
1329 2509 1357 2552 ct

867 2584 918 2640 hoc
937 2587 1040 2645 andus,
1058 2587 1138 2640 huius
1163 2585 1291 2642 nudaris.
1313 2587 1358 2638 hic

870 2671 1059 2726 audacissimus
1072 2673 1157 2727 iacere
1170 2671 1274 2728 debeat.
1290 2674 1357 2729 lun

868 2757 933 2812 haec
959 2761 1050 2814 eadem
1083 2762 1231 2834 supradicti
1257 2765 1359 2830 generis

868 2852 973 2903 nomine
1000 2853 1027 2904 iu
1046 2852 1199 2923 supradicto
1221 2869 1284 2907 essu
1313 2857 1357 2909 ui·

869 2954 920 2991 rua·
933 2939 1048 3007 syliabas
1068 2940 1202 3011 accipiunt
1217 2951 1246 2993 et
1266 2957 1359 3012 super-

868 3024 981 3078 lativuur
999 3028 1108 3095 gradum
1121 3028 1221 3096 generis
1235 3025 1357 3082 feminini

867 3115 1030 3174 ostendunt,
1049 3128 1165 3190 utputa
1183 3117 1228 3170 hic
1245 3128 1273 3171 ct
1292 3117 1358 3170 haec

869 3213 897 3254 ct
915 3202 965 3256 hoc
981 3204 1088 3262 audax.
1115 3205 1195 3259 huius
1223 3205 1358 3263 audacis.
1402 3253 1405 3257 .

869 3294 934 3348 hacc
954 3295 1127 3347 audacissimo
1145 3295 1230 3348 facere
1253 3293 1359 3348 duhest·

872 3385 907 3436 At
927 3401 987 3435 vero
1006 3384 1070 3435 haec
1088 3383 1180 3436 cadem
1207 3381 1356 3452 supradicti

870 3474 969 3538 generis
983 3472 1087 3524 noruina
1103 3471 1130 3522 in
1144 3459 1298 3542 supradicto
1315 3487 1358 3522 cs-

869 3577 900 3612 su
922 3563 1036 3613 simum·
1065 3557 1181 3629 syllabus
1199 3559 1358 3630 accipiunt.

869 3662 896 3703 ct
915 3651 1107 3722 superlativum
1125 3648 1235 3717 gradum
1254 3648 1356 3716 generis

869 3740 956 3792 uentri
976 3739 1136 3797 ostsridunt.
1156 3749 1186 3790 ut
1211 3746 1295 3808 puta.
1314 3736 1359 3788 bic
1414 3763 1419 3809 3

868 3841 895 3883 et
924 3827 990 3880 haec
1012 3838 1039 3881 et
1067 3826 1118 3881 hoc
1146 3826 1252 3883 under.
1277 3825 1358 3879 hnins
1450 3881 1455 3892 ,

870 3920 996 3976 audacis.
1024 3919 1074 3971 hos
1093 3916 1297 3970 audacissimum
1314 3915 1358 3968 ir·
1374 3927 1381 3940 ¹

870 4026 928 4060 cere
947 4005 1051 4059 debeat·
1067 4007 1133 4058 Saue
1146 4006 1196 4059 hoc
1210 4020 1357 4061 monemus.

875 4107 904 4151 ut
929 4113 962 4148 ex
987 4094 1029 4148 his
1059 4104 1159 4165 septem
1196 4093 1358 4167 supradictis

1101 4220 1186 4288 ra*
