3382 5206
445 578 509 674 194

409 718 497 760 cetere
516 705 669 779 supradicta
688 707 794 761 uomina
817 706 844 759 iu
856 725 897 759 ru·

408 793 539 865 pradictir
552 792 657 847 caribus
671 794 705 846 nd
723 794 793 848 bunc
806 811 898 847 sunum

410 882 560 936 anomalum
586 899 689 935 necerse
715 891 759 935 est
781 898 899 952 prouun·

409 970 489 1024 uari:
508 982 537 1025 rt
559 989 621 1026 vero
640 989 686 1041 per
709 980 808 1022 ceteros
822 979 898 1022 curm

409 1059 445 1111 ud
458 1076 551 1114 sunum
566 1061 677 1114 miserae
694 1056 808 1113 debeam
819 1059 899 1112 decli-

410 1150 480 1201 nari·
492 1149 571 1202 Nune
585 1152 666 1202 etium
680 1147 730 1202 hoc
747 1165 897 1204 monemus»

407 1234 481 1305 quod
509 1233 575 1288 brec
606 1234 760 1306 supradicta
790 1235 897 1288 nomina

408 1336 515 1396 propter
525 1337 608 1380 metra
619 1326 647 1379 iu
656 1325 758 1379 hisdem
769 1325 897 1397 supradi-

406 1413 458 1467 etis
470 1412 574 1466 cuibus
592 1423 620 1467 et
638 1414 756 1467 anomale
769 1413 896 1484 permissu

383 1538 387 1547 .
406 1508 470 1553 runt
489 1498 625 1552 declinari.
639 1501 689 1553 Sed
704 1501 768 1552 haec
786 1500 895 1553 uomina

405 1605 460 1658 qua
480 1587 514 1640 de
530 1603 611 1640 ceusu
631 1588 658 1641 iu
676 1590 837 1661 supradictis
857 1607 895 1641 ca·

405 1674 480 1730 ribus
495 1686 602 1748 propter
615 1685 762 1731 structuras
779 1679 819 1731 sic
833 1696 895 1732 ano-

405 1763 474 1815 mrie
483 1765 637 1817 confirmatu
650 1765 707 1820 siut
718 1766 896 1836 pronuntiari.

404 1861 433 1903 et
461 1850 490 1903 iu
517 1850 609 1906 metris
640 1852 759 1905 ruomule
789 1864 817 1907 et
844 1874 898 1909 nou

405 1938 524 1992 ruomule
537 1939 664 2011 permissa
677 1940 733 1993 rint
747 1941 896 1999 declinari.

406 2040 467 2075 cum
484 2024 518 2077 ud
544 2025 673 2081 rationem
695 2037 838 2081 metrorum
856 2029 898 2081 vel

408 2121 602 2165 structurarum
635 2116 811 2173 venerimus.
843 2117 898 2168 illic

407 2212 576 2271 conpetenter
608 2203 792 2258 tractabimus.

444 2291 509 2343 Item
531 2289 559 2343 iu
576 2290 627 2344 hnc
645 2293 798 2364 supradicte
817 2291 898 2348 formu

406 2372 457 2428 boc
465 2378 769 2446 monemus‚quodbaec
777 2379 897 2449 quinque

406 2463 513 2515 numina
527 2473 631 2518 tuntum
646 2465 714 2520 idest
724 2501 732 2523 ‚
741 2466 807 2524 dea,
819 2484 897 2537 upon·

406 2569 436 2605 rr
447 2590 454 2611 .
466 2552 552 2611 mula.
572 2554 672 2611 amica,
685 2572 754 2624 equa
765 2591 772 2612 ‚
791 2566 896 2626 propter

407 2652 489 2693 metra
514 2652 542 2695 et
569 2654 717 2696 structurus
750 2644 841 2697 dativo
867 2654 896 2696 ut

407 2727 526 2783 ablativo
545 2746 606 2782 curu
619 2731 720 2782 numeri
736 2728 895 2800 pluralis'sic

408 2819 525 2872 anomale
543 2822 687 2872 constricta
704 2820 759 2872 rint
782 2819 894 2872 declina·

406 2905 430 2957 ri
452 2937 466 2947 -
487 2905 529 2958 his
553 2916 579 2958 et
599 2905 632 2958 ub
655 2907 698 2958 his
717 2906 836 2958 deabus:
856 2908 895 2959 sic

404 3002 432 3044 et
449 3003 535 3044 cetera
560 2993 714 3063 ruprrdicta
740 2994 846 3046 nomina
865 2994 894 3046 in

404 3077 566 3149 supradictis
583 3078 688 3131 casibus
706 3079 741 3131 cd
759 3079 831 3131 hunc
847 3098 893 3132 ro·

402 3184 464 3218 num
484 3166 633 3219 anomalum
652 3184 753 3219 necesse
774 3177 815 3218 est
833 3184 892 3236 pro·

401 3253 537 3318 nuntiari3
552 3263 579 3306 at
593 3271 655 3307 vero
674 3271 719 3323 per
732 3264 832 3307 ceteros
852 3273 892 3306 ca-

399 3360 444 3394 rus
467 3341 501 3392 ru!
525 3359 617 3395 sonum
640 3342 749 3394 miserae
777 3341 891 3395 debeant

401 3428 536 3483 dccliuuri.
565 3430 642 3482 b‘uuc
660 3441 687 3482 et
706 3430 770 3481 huec
793 3449 890 3499 supru-

305 3511 308 3515 ¹
401 3520 474 3572 dicta
495 3517 600 3570 uomina
620 3536 673 3585 quu
686 3519 719 3569 de
732 3535 811 3568 causa
831 3537 890 3587 pro-

397 3621 458 3680 pter
478 3622 560 3659 murra
580 3608 618 3658 vei
640 3617 789 3659 structurus
806 3608 832 3658 in
848 3625 890 3659 su-

400 3697 530 3768 pradictis
565 3695 670 3747 casibus
705 3695 743 3745 ric
774 3697 892 3747 uuomule

404 3784 628 3855 pronuntientur.
644 3782 725 3834 etiarn
745 3783 793 3835 boc
813 3784 838 3834 in
852 3803 891 3835 ra·

403 3873 475 3925 tione
490 3883 631 3924 metrorum
644 3869 684 3921 vel
698 3879 890 3922 structurarum

401 3970 571 4029 conpetenter
604 3956 786 4013 tractabimus.

436 4050 503 4102 Saue
514 4049 541 4102 iu
551 4048 601 4101 hac
611 4047 702 4105 forma.
713 4065 766 4118 qua
778 4048 892 4102 idximus

678 599 937 652 GRAMMATICUS
962 600 1118 650 VA‘HCAN
1126 602 1163 649 US

952 709 1053 775 generis
1066 706 1184 761 feminini
1204 707 1310 763 nominc
1322 705 1440 760 ablativo

949 813 1010 847 casu
1030 797 1132 848 numeri
1150 797 1292 862 singularis
1312 813 1349 846 ια·
1364 795 1440 848 litte·

950 899 979 934 ru
999 882 1134 934 terminari
1145 880 1192 939 ,et
1202 883 1365 936 nominativo
1379 899 1441 933 cusu

949 969 1052 1021 numeri
1071 971 1213 1035 singularis
1233 987 1269 1021 ια·
1290 971 1381 1023 littera
1396 969 1441 1020 de·

949 1058 1042 1115 finiri.
1061 1059 1217 1130 quaeritur,
1236 1075 1290 1128 qur
1315 1058 1348 1111 de
1362 1075 1442 1110 causa

950 1146 1083 1215 Vergilius
1095 1148 1161 1200 baec
1180 1148 1269 1200 leaena
1288 1159 1315 1200 et
1334 1166 1386 1200 non
1400 1147 1440 1200 lec

947 1231 1145 1302 pronuntiarit?
1155 1235 1205 1287 huc
1219 1235 1252 1287 de
1262 1252 1355 1292 cause.
1368 1253 1440 1304 quo-

949 1321 1020 1373 nium
1038 1341 1221 1395 quaecumque
1240 1324 1368 1379 vocubulu
1386 1343 1440 1376 ma·

947 1411 1049 1463 rcuiina
1061 1411 1177 1466 ablativo
1190 1430 1252 1464 casu
1272 1415 1372 1464 uumeri
1383 1412 1438 1464 sin·

947 1499 1046 1564 galeris
1065 1517 1100 1551 ·e·
1124 1499 1213 1554 littera
1238 1497 1437 1553 terminintur.

947 1600 975 1641 et
991 1607 1023 1640 ex
1041 1606 1090 1640 suc
1108 1590 1196 1660 specie
1215 1587 1344 1641 vocabula
1368 1571 1446 1638 femi-'

948 1677 1012 1729 nina
1030 1676 1115 1730 fucere
1129 1687 1252 1747 possunt,
1268 1677 1333 1728 brec
1346 1674 1438 1727 eudem

947 1763 1090 1816 communis
1114 1762 1218 1830 generis
1244 1763 1286 1816 rei
1311 1762 1438 1833 epicoena

949 1849 1131 1920 appellantur.
1157 1859 1205 1901 aut
1223 1858 1294 1900 certe
1319 1847 1439 1899 anomale

949 1936 1174 2006 pronuntiantur.
1193 1952 1337 2003 numquam
1350 1944 1438 1985 tamen

949 2022 983 2074 ad
999 2039 1091 2075 nouum
1104 2021 1238 2091 proprium
1251 2021 1433 2076 declinantur.

950 2123 980 2165 ut
1001 2121 1087 2182 Puta.
1110 2109 1146 2161 rb
1167 2109 1218 2164 hoc
1236 2126 1373 2179 paupere.
1392 2108 1438 2160 hic

949 2211 977 2253 et
1005 2199 1070 2251 haec
1094 2216 1209 2270 pauper.
1243 2198 1316 2268 quod
1339 2197 1440 2265 generis

949 2287 1094 2342 cummunis
1106 2287 1306 2358 pronuntiatur:
1325 2287 1389 2339 item
1404 2286 1438 2337 ab

947 2377 997 2431 boc
1015 2394 1095 2434 sene.
1108 2377 1172 2430 haec
1191 2394 1271 2432 uuus.
1285 2376 1358 2447 quod
1378 2394 1437 2428 uuo·

948 2466 1044 2518 mulum
1063 2468 1226 2539 appellatur:
1247 2467 1308 2519 item
1328 2465 1362 2518 ab
1386 2466 1437 2516 buc

947 2574 1051 2626 passere
1073 2591 1080 2613 ‚
1106 2556 1152 2608 bic
1178 2567 1207 2609 et
1237 2556 1302 2608 haec
1326 2573 1436 2626 passer.

948 2645 1020 2711 quod
1032 2645 1184 2714 epicoenum
1198 2657 1354 2698 enarratur:
1375 2644 1438 2695 item

948 2730 983 2782 ab
1011 2730 1061 2783 boc
1086 2748 1208 2801 erpone,
1236 2731 1302 2782 haec
1320 2730 1436 2793 gallina.

947 2815 1019 2884 quod
1034 2815 1103 2868 idem
1123 2817 1268 2869 anomalum
1285 2815 1435 2867 iudicatur:

946 2902 985 2955 sic
1003 2902 1098 2971 utique
1117 2903 1151 2953 ub
1169 2904 1219 2957 hoc
1234 2903 1382 2958 leone‚huc
1397 2902 1436 2952 le-

946 3007 1012 3041 aena
1031 2991 1175 3057 Vergilium
1190 2992 1333 3043 secundum
1354 3007 1435 3042 sorro-

945 3095 1002 3129 rum
1021 3078 1148 3131 rationem
1162 3079 1280 3130 leaenam
1295 3078 1435 3132 anomale.

946 3186 998 3219 uon
1017 3168 1083 3219 irum
1102 3167 1208 3238 proprio
1222 3183 1285 3219 suno
1301 3167 1435 3219 iuvenitur

943 3257 1141 3326 pronuntiurse.

982 3346 1045 3394 [teru
1072 3342 1098 3393 in
1117 3343 1166 3392 bac
1182 3344 1267 3393 'formu
1286 3341 1436 3409 suprascri-

944 3443 989 3502 ptu
1008 3431 1174 3499 quaeritur.
1206 3448 1260 3496 qur
1290 3430 1324 3479 de
1352 3445 1432 3479 cuusu

945 3519 1077 3585 Vergilius
1092 3545 1109 3556 ·
1126 3535 1276 3587 pauperque
1301 3516 1436 3570 dumus-‚

945 3618 971 3660 et
1006 3626 1056 3659 nou
1090 3623 1204 3676 paupera
1243 3606 1335 3654 domus
1370 3621 1435 3672 pro·
1481 3584 1486 3595 ¹

942 3688 1094 3746 nuntiarit?
1120 3693 1168 3742 buc
1188 3693 1220 3742 de
1239 3709 1336 3746 cuusu.
1360 3708 1433 3757 quu-

943 3783 1013 3835 nium
1038 3800 1218 3852 quaecumque
1236 3781 1363 3834 vocabula
1387 3797 1437 3831 ure·

943 3874 1044 3925 sculinu
1072 3871 1235 3924 nominativo
1259 3888 1321 3922 casu
1340 3889 1436 3924 nume·

945 3959 967 4010 ri
991 3959 1131 4025 singularis
1161 3977 1208 4009 mr·
1241 3959 1337 4012 litteris
1370 3959 1437 4010 ‹leu-

946 4047 1072 4102 uiuntur‚
1088 4057 1115 4100 ct
1139 4044 1257 4100 ablativo
1293 4063 1355 4098 cusu
1390 4064 1442 4098 uu-
