3382 5206
735 599 879 647 armona
906 602 936 648 x.
1246 583 1316 676 143

1330 688 1340 705 Ι

328 706 467 797 nimus,
488 706 582 808 quod
603 711 714 811 prima
735 729 827 785 earet
847 741 1014 813 persona,
1035 742 1112 786 rees
1132 734 1244 812 reest3
1264 746 1347 790 nam

327 857 443 902 resum
470 857 632 907 resumus
655 832 783 906 latinus
805 861 915 906 senno
941 863 1013 905 non
1038 837 1180 935 profert.
1210 834 1345 911 Sensus

325 968 447 1024 eutem
465 952 569 1024 huius
588 954 684 1024 verbi
709 953 768 1025 hie
795 970 874 1042 est,
902 983 1015 1026 reesse
1047 955 1112 1028 hoe
1141 973 1193 1028 est
1214 958 1251 1028 in
1272 985 1348 1030 mu·

260 1108 268 1117 ·
328 1072 462 1144 uitione
481 1073 593 1145 multo
614 1089 769 1171 tempore
789 1073 963 1160 residere,
987 1073 1158 1148 Gratiano
1177 1077 1346 1153 dicente:

327 1203 351 1233 “
383 1188 551 1289 Catnpari
582 1194 627 1290 (a)
660 1191 779 1262 multis
815 1192 852 1262 in
887 1219 964 1263 aree
1000 1209 1140 1265 reerant
1175 1196 1278 1265 annis
1309 1252 1345 1284 „.

327 1309 514 1406 Quaedam
540 1312 647 1383 rerba
674 1327 790 1399 sunt,
819 1340 909 1411 quae
936 1312 1129 1384 secundnm
1157 1342 1345 1412 personam

328 1459 402 1504 non
430 1432 584 1518 habent,
610 1447 650 1504 ut
677 1430 771 1503 soleo
799 1433 912 1519 solet,
940 1430 1090 1505 solemus
1118 1433 1240 1508 solent.

405 1546 462 1620 De
490 1549 752 1646 significatione.
782 1547 860 1621 Cur
881 1578 954 1621 non
981 1551 1095 1621 statim
1120 1569 1198 1649 post
1225 1553 1347 1625 coniu-

327 1669 503 1766 gationem
534 1667 827 1764 significationem
856 1668 1102 1765 exposuerim,
1131 1669 1227 1742 iuxta
1259 1671 1345 1743 Gra·

328 1790 422 1861 tiano
447 1788 608 1884 magistro
633 1789 768 1876 fretus,
797 1787 901 1877 euius
930 1788 965 1858 in
994 1787 1112 1861 schola
1140 1789 1265 1862 decem
1284 1818 1345 1864 an-

330 1936 394 1980 nos
414 1907 514 1993 leci,
541 1906 646 1978 statui
672 1923 750 1980 uta
771 1904 939 2005 qualitate
966 1904 1008 1976 ael
1039 1906 1344 2004 coniugationem,

327 2054 346 2096 a
376 2025 623 2121 coniugatione
650 2025 935 2109 adnumerum,
962 2052 981 2094 a
1006 2051 1156 2096 numero
1184 2025 1228 2096 ad
1257 2027 1344 2123 sigu-

327 2170 426 2229 ram,
454 2171 473 2213 a
500 2144 610 2237 figura
640 2142 683 2215 ad
711 2169 921 2242 personam,
948 2170 967 2212 a
994 2170 1139 2240 persona
1169 2145 1210 2215 ad
1240 2145 1344 2241 signi·

330 2261 548 2348 ficationem,
570 2278 605 2333 et
626 2263 672 2333 ita
693 2263 737 2334 ad
754 2280 909 2361 tempora
923 2262 1144 2360 pervenirem
1166 2281 1232 2336 ete.
1248 2261 1346 2338 Sunt

327 2382 431 2454 verba
457 2409 545 2479 queo
573 2381 768 2479 subreptive
797 2408 898 2476 agere
927 2380 1094 2452 videntur
1114 2398 1178 2454 ete.
1205 2380 1345 2455 Multos

328 2517 466 2589 movet,
493 2529 601 2600 qnare
627 2527 708 2574 eum
727 2502 958 2600 praeteritum
978 2519 1117 2600 tempus
1139 2502 1278 2574 saeculo
1299 2504 1346 2576 sit
1371 2516 1373 2521 '

327 2624 504 2721 primum,
531 2648 631 2693 nunc
659 2622 843 2720 scriptores
864 2650 882 2692 a
902 2624 1078 2720 praesenti
1098 2638 1254 2721 tempore
1273 2651 1346 2697 ver-

327 2745 414 2814 bum
445 2742 671 2815 ordiuntur?
696 2740 846 2814 Veteres
872 2771 891 2814 a
916 2743 1103 2841 praeterito
1129 2800 1138 2830 ,
1166 2759 1200 2815 at
1232 2770 1297 2815 nos
1324 2772 1345 2817 a

328 2881 509 2962 tempore,
531 2891 602 2962 quo
623 2863 835 2951 scribimus,
855 2864 959 2935 verbo
980 2864 1124 2935 initium
1144 2863 1268 2936 alamus
1291 2865 1343 2964 (il

328 3001 393 3057 etc.
408 2982 503 3055 Sunt
515 2984 622 3056 verba
636 3010 725 3080 quae
741 2983 793 3053 vel
810 2982 1015 3055 adiciuntur
1028 2984 1164 3082 syllabis
1178 2984 1232 3055 vel
1246 2984 1346 3057 dimi-

328 3121 501 3177 nuuntur.
528 3101 770 3190 Adiciuntur,
799 3119 839 3174 ut
859 3104 998 3199 legero,
1027 3104 1098 3190 ris,
1128 3104 1199 3199 rit3
1222 3104 1345 3201 legeri-

328 3252 423 3312 mus,
444 3223 549 3311 ritis,
576 3223 672 3318 rint;
699 3240 734 3297 et
759 3225 826 3295 hoc
848 3223 1036 3296 indicativo
1056 3223 1160 3295 modo
1188 3240 1343 3323 tempore

326 3343 526 3441 praesenti,
548 3358 587 3415 ut
605 3342 792 3441 sequentia
809 3342 1013 3432 declarant,
1032 3342 1279 3440 imperfectum
1296 3343 1345 3416 le·

327 3464 514 3557 gerebam,
535 3464 731 3560 perlectum
750 3462 888 3559 legissi,
909 3463 997 3561 plur.
1018 3458 1237 3559 legisseiunt.
1260 3461 1343 3535 Fut.

326 3579 510 3675 legeram,
545 3609 632 3668 res,
663 3596 725 3654 ret.
760 3579 1007 3678 lmperativum
1037 3580 1150 3676 legere
1178 3580 1342 3677 legerat3

327 3695 550 3792 legeramus,
577 3695 722 3792 legerite
749 3696 803 3768 vel
829 3695 1010 3792 legeratis,
1037 3695 1203 3793 legerant.
1231 3693 1344 3770 Futu-

337 3888 341 3901 .
392 3857 430 3922 (a)
448 3867 483 3906 ita
500 3862 549 3906 eod·

409 3989 448 4061 (1)
463 3990 576 4059 Legebat
589 3991 658 4044 hunc
672 3993 779 4060 Virgilii
791 3993 877 4047 locum
892 3991 1053 4047 Gainiredus
1065 3990 1250 4059 grammaticus
1263 3989 1335 4061 apud

338 4093 377 4128 me
396 4077 495 4133 citatus
514 4099 541 4150 p.
561 4078 607 4135 65.

853 4176 957 4255 ‚iram

854 4244 957 4276 ‘'...d
