3382 5206
344 552 413 645 dal
676 579 834 629 canutus
864 580 967 629 rtatt

412 789 536 859 xxv1.
563 811 674 858 inrisa
699 812 947 861 rrruosorrutn
973 815 1016 860 au
1040 814 1246 863 urscrruuos.

323 942 507 1112 Qtrisquis
532 1001 660 1069 alumne
684 1001 762 1069 velis
785 1006 889 1071 varias
911 1027 1104 1095 cognoscere
1125 1028 1238 1070 rerum

363 1112 511 1193 Causas,
535 1111 695 1175 nutricem
714 1134 766 1175 me
793 1107 864 1176 cole
887 1110 986 1178 corde
1010 1110 1108 1200 piam.

320 1216 458 1285 Sedulus
477 1232 543 1283 estu
566 1215 649 1281 milri
675 1214 808 1299 cultor,
830 1213 964 1281 devotus
986 1233 1131 1284 amator,

364 1324 510 1389 Intentus
537 1321 670 1390 humilis
688 1339 821 1410 pectore
843 1338 950 1389 mente
974 1345 1080 1387 mane.

321 1426 464 1496 Aeterne
489 1429 611 1517 poteris
635 1444 760 1493 nostras
783 1427 861 1493 hinc
889 1426 1051 1515 prendere
1077 1449 1195 1516 gazas,

365 1536 456 1619 Quae
478 1532 607 1622 fragiles
627 1556 802 1622 procerum
820 1532 947 1600 divitias
969 1549 1135 1623 superant.

321 1638 400 1721 Quls
421 1635 547 1704 conlata
570 1635 665 1702 simul
684 1637 806 1723 species
829 1660 916 1726 quae
938 1653 1055 1702 cuncta
1079 1634 1209 1702 videtur

364 1742 463 1810 Clara
480 1766 540 1832 per
563 1758 730 1831 aspectum
745 1791 756 1826 ,
770 1741 857 1808 cedit
873 1742 998 1809 honore
1020 1743 1138 1809 minor.

321 1843 381 1914 Ast
403 1869 463 1937 ego
486 1871 568 1938 quae
596 1844 726 1934 pridem
752 1845 878 1912 socidm
895 1845 996 1914 solata
1017 1843 1148 1912 labores

366 1950 511 2019 Atticus
532 1954 632 2018 variis
653 1975 726 2019 sum
747 1953 898 2018 comitata
918 1952 1036 2035 malis,

319 2059 360 2124 ln
383 2056 476 2123 laetis
500 2059 633 2140 tristes,
654 2056 754 2124 laetos
774 2058 809 2122 iu
832 2057 982 2124 tristibus
1007 2082 1078 2125 esse

367 2161 512 2228 Cunctos
538 2162 730 2250 praemonui
755 2162 802 2226 sic
825 2157 894 2228 sore
914 2185 1009 2250 saepe
1035 2184 1132 2228 meos.

320 2267 424 2332 Huius
449 2268 485 2331 iu
510 2264 653 2334 adversis
676 2268 762 2333 vitae
786 2289 845 2333 nec
867 2281 973 2332 morte
995 2266 1137 2356 reliqui,

368 2368 435 2440 Sed
453 2369 587 2438 labente
608 2372 661 2438 die
681 2371 842 2438 lucidiora
863 2370 950 2438 dedi.

441 2578 585 2650 XXVII.
608 2599 784 2650 nantsrru
798 2598 1005 2650 annotatus
1019 2600 1224 2649 urscrrunos.

328 2722 485 2857 Discite
501 2812 589 2855 nuuc
609 2789 714 2878 pueri.
730 2789 852 2860 Docilis
877 2793 941 2858 cito
961 2788 1223 2857 verdunens,

371 2897 536 2983 Tempora
556 2911 792 2983 praetereunt,
814 2921 874 2964 are
897 2913 1025 2965 rotante
1047 2893 1144 2960 diem.

325 2996 461 3067 Arduus
482 3017 518 3066 ut
539 3003 664 3089 sonipes
686 3002 792 3090 carpit
815 3001 901 3069 celer
927 3024 1069 3093 aequora
1089 3023 1209 3083 cursu,

368 3102 424 3171 Sic
448 3101 536 3169 volat
557 3102 623 3170 heu
643 3105 767 3173 iuvenis
782 3129 848 3172 non
863 3122 1052 3173 remanente
1070 3103 1185 3194 gradu.

327 3208 516 3276 Currantur
536 3205 623 3275 sacili
649 3212 680 3275 vi
709 3208 796 3277 lenta
819 3215 989 3278 cacumina
1011 3213 1147 3301 virgae,

368 3312 435 3382 Sed
457 3313 580 3404 rigidos
602 3339 709 3384 ramos
728 3316 861 3386 flectere
885 3341 981 3385 nemo
1003 3315 1098 3382 valet.

324 3420 412 3485 Dum
435 3415 543 3484 faciles
563 3420 662 3485 animi
686 3421 778 3489 vobis
795 3424 860 3489 sint
879 3420 985 3506 sorte,
1004 3412 1157 3502 sedales,

371 3522 504 3589 Discere
527 3548 570 3590 ne
594 3525 702 3613 pigeat
720 3528 802 3591 scita
827 3549 967 3615 superna
988 3525 1057 3592 Dei.

327 3628 378 3695 Ne
404 3628 490 3696 bene
509 3654 699 3698 concessum
719 3633 859 3721 spatium
878 3631 1021 3720 perdatis
1043 3631 1168 3713 inane,

372 3734 458 3802 Nam
480 3739 549 3805 sine
569 3734 717 3806 doctriua
740 3739 804 3805 vita
822 3739 908 3827 perit
930 3736 1110 3805 hominum.
