3382 5206
388 502 455 597 342
661 523 808 574 annonis
835 521 1085 572 stoancsnsts

434 634 483 722 ιζ·
498 636 581 720 Quia
593 634 634 701 de
646 637 753 703 verbis
770 634 969 727 requisistis,
980 649 1148 727 quaesunt
1162 627 1289 722 fulgeo,
1301 629 1382 697 mul-

362 773 440 832 ceo,
455 746 584 833 ferveo,
603 748 747 827 strideo,
761 748 833 816 oleo
847 796 857 830 ,
872 764 965 813 tueor
981 795 992 830 ,
1008 747 1162 828 coniveo,
1176 743 1291 824 sedeo,
1307 766 1383 830 pen-

363 863 454 947 deo,
482 864 576 931 cieo,
605 861 765 945 frendeo,
792 860 892 952 degeo
910 909 921 941 ,
946 858 1116 943 excelleo,
1144 874 1281 950 tergeo,
1306 880 1381 923 cum

363 973 451 1066 apud
467 994 576 1067 poetas
595 975 757 1045 secundae
775 994 806 1042 et
821 961 935 1042 tertiae
953 975 1187 1064 coniugationis
1204 972 1383 1057 legentur,

360 1113 461 1180 quem
479 1112 592 1157 esrum
609 1086 870 1178 coniugationum
889 1086 923 1149 in
943 1107 1036 1172 prose
1055 1085 1157 1174 magis
1178 1101 1288 1149 tenere
1308 1104 1384 1147 eon-

362 1200 494 1280 veniat3
521 1222 575 1267 vos
599 1202 683 1267 scire
709 1195 783 1265 volo
808 1197 884 1286 quie
904 1198 993 1265 Vlll.
1012 1197 1100 1286 prius
1119 1194 1284 1285 proposito
1307 1218 1382 1260 con·

360 1310 530 1402 ingutionis
555 1309 715 1376 secundae
728 1308 872 1398 regulam
888 1323 1019 1373 servant
1041 1309 1077 1371 in
1100 1308 1282 1396 praesenti,
1306 1309 1382 1374 reli·

361 1444 426 1513 que
451 1418 571 1490 deinde
597 1419 830 1508 coniugationis
853 1420 989 1499 tertiae,
1007 1420 1146 1507 exceptio
1164 1419 1232 1483 cieo
1256 1434 1289 1482 et
1308 1442 1382 1507 pen-

361 1529 441 1615 deo,
455 1554 596 1623 quorum
611 1529 770 1618 primum,
780 1528 832 1594 vel
843 1526 1037 1618 simplexrel
1051 1529 1281 1618 compositum,
1296 1555 1381 1597 nurse

360 1659 405 1711 est
427 1640 662 1731 coniugationis
683 1638 866 1707 secundae,
886 1662 973 1705 nune
995 1655 1151 1730 quartae,
1166 1638 1255 1729 quod
1275 1659 1384 1705 osten-

361 1748 444 1815 dunt
461 1745 575 1836 passivi
592 1745 790 1836 praeterite,
809 1770 951 1835 quorum
969 1745 1151 1835 penultima
1168 1762 1215 1810 est
1235 1764 1382 1834 correpta

360 1857 411 1926 vel
429 1853 600 1946 products.
626 1855 767 1931 Pendeo,
782 1880 858 1923 vero
878 1856 1015 1945 simplex
1034 1881 1052 1920 e
1068 1854 1316 1943 suspendendo,
1338 1877 1385 1923 est

357 1965 537 2042 secundae,
552 1979 584 2031 et
598 1988 616 2031 ι
628 1963 801 2048 solvende,
814 1965 946 2032 tertiae:
963 1965 1108 2056 quumvis
1119 1968 1332 2055 compositum
1349 1957 1382 2030 in

352 2098 456 2166 'prosa
472 2098 652 2166 numquam
667 2075 795 2142 dicatur
807 2075 985 2144 secundae,
1002 2075 1085 2140 sicut
1095 2100 1155 2141 nee
1170 2099 1187 2139 u
1201 2076 1298 2144 sedeo
1316 2094 1385 2142 ter-

358 2189 450 2270 tite,
474 2189 533 2255 nisi
558 2203 686 2253 tuntum
709 2187 852 2254 consido.
877 2188 919 2253 Et
942 2185 1146 2270 notandum,
1166 2185 1253 2277 quod
1266 2186 1384 2271 sedeo,

356 2295 406 2365 vel
417 2297 551 2386 simplex
567 2296 616 2364 vel
631 2299 863 2386 compositum,
877 2298 938 2361 sub
952 2298 1046 2362 tertia
1062 2300 1289 2386 coniugatione
1300 2322 1385 2390 geu-

356 2406 410 2474 det
434 2407 616 2496 penultima
634 2408 669 2472 in
689 2435 722 2475 οε·
742 2407 910 2475 desinente
930 2407 1111 2497 producta,
1136 2425 1171 2472 ut
1189 2406 1269 2474 sido.

453 2523 501 2585 15.
525 2518 573 2583 De
597 2518 702 2606 prima
727 2540 857 2608 quoqne
887 2536 919 2585 et
940 2517 1080 2584 secunda
1106 2541 1241 2605 persons
1265 2515 1384 2607 plurali

358 2627 526 2714 praeteriti
558 2625 717 2715 perlecti,
747 2642 778 2693 et
802 2625 901 2692 futuri
933 2628 1129 2693 eoniirnetivi
1156 2628 1243 2695 modi
1269 2677 1278 2711 ,
1306 2649 1387 2717 quas

357 2737 384 2801 si
403 2737 491 2802 bene
510 2736 640 2801 memini
661 2734 757 2805 semel
780 2752 904 2803 tontum
925 2738 959 2802 in
979 2756 1103 2820 metro,
1122 2755 1153 2804 ot
1174 2736 1237 2802 lroc
1256 2738 1290 2803 in
1306 2738 1387 2804 Vir·

357 2843 435 2934 gilio
460 2845 555 2935 legi,
583 2844 669 2912 hanc
696 2847 842 2937 rugulam
872 2870 937 2911 esse
964 2849 1104 2929 sciatis,
1133 2845 1222 2937 qnod
1253 2864 1387 2933 eseeptn

357 2972 504 3047 tempore
530 2961 689 3046 praesenti
715 2958 884 3024 indicativi
910 2956 995 3022 nont
1021 2973 1156 3047 quartae
1181 2959 1386 3048 coniugatio-

355 3066 425 3149 nis,
441 3084 474 3132 et
488 3067 627 3133 secunda
645 3091 785 3157 persona
803 3065 919 3156 plurali
936 3069 1103 3155 praeteriti
1118 3067 1263 3135 eiusdem
1278 3067 1386 3149 modi,

356 3178 390 3242 in
415 3178 504 3243 omni
528 3177 626 3244 modo
648 3175 699 3244 vel
723 3177 950 3266 coniugatione
973 3174 1005 3235 ·i·
1032 3195 1106 3243 ente
1126 3194 1304 3243 extremam
1328 3172 1389 3241 lit-

354 3307 458 3354 terum
470 3288 506 3351 in
521 3284 666 3353 secunde
683 3310 820 3375 persona
836 3284 1015 3375 singulari,
1033 3304 1064 3352 et
1086 3307 1160 3353 aitte
1179 3287 1387 3353 novissimam

353 3391 515 3484 syllabam
532 3394 656 3479 primae
670 3392 722 3458 vel
740 3390 902 3457 secundae
916 3416 1070 3479 personae
1086 3392 1242 3481 pluralis,
1263 3391 1388 3482 ubique

354 3502 465 3567 brevis
489 3503 553 3583 sit,
579 3502 639 3566 nisi
667 3517 796 3566 tanturn
826 3503 891 3585 sis,
914 3504 1045 3574 simus,
1062 3505 1153 3584 sitis,
1175 3502 1278 3583 velis,
1303 3500 1388 3566 veli·
1427 3580 1432 3589 ,

354 3637 446 3696 mus,
469 3613 583 3680 velitis.
608 3613 678 3677 Nec
704 3615 844 3693 mirum,
863 3638 936 3677 eunt
960 3615 1067 3677 (ruinis
1091 3612 1191 3677 verba
1213 3614 1247 3675 in
1266 3610 1386 3678 eisdem

349 3721 429 3788 loeis
444 3721 495 3789 A·
512 3723 561 3788 vel
577 3725 625 3787 ·E·
640 3723 795 3789 habentis
816 3722 912 3814 longe
927 3727 1011 3805 sint,
1030 3740 1161 3809 praeter
1177 3746 1277 3788 unum
1299 3723 1388 3812 quod

325 3833 417 3898 ¹site
440 3832 577 3919 simplex
604 3835 671 3897 sive
693 3835 909 3920 compositum
928 3837 967 3898 sit
992 3832 1054 3897 ·da·
1075 3851 1150 3899 ante
1174 3834 1386 3922 penultimum

351 3939 478 4029 ubique
493 3943 648 4031 corripit,
663 3960 695 4006 nt
718 3941 831 4005 damus
855 3939 1115 4013 eiretunilutnus:
1137 3962 1168 4011 et
1187 3943 1275 4008 uliud
1298 3944 1388 4034 qttod
