3382 5206
1115 589 1137 664 3

360 726 602 813 ΑΒΒΟΝ18
632 723 1037 810 FLORIACENSlS
1138 613 1184 687 ²9

146 882 148 886 ⁸
258 935 603 1027 annsrronrs
627 931 1053 1008 onannancluns
1079 934 1137 1034 (t)

189 1143 416 1221 Dilectissimis
441 1156 476 1218 in
502 1153 634 1220 Christo
657 1151 836 1243 angligenis
865 1149 1021 1217 fratribus
1049 1153 1208 1218 maxima·

229 1291 293 1357 que
319 1266 354 1330 in
376 1267 571 1331 monasterio
595 1266 697 1332 suncti
719 1264 821 1352 putris
840 1261 1007 1328 Benedicti
1034 1262 1096 1327 sub
1115 1261 1208 1328 sebo·

230 1374 261 1438 la
278 1375 404 1439 virtutis
420 1373 612 1464 regulariter
631 1373 730 1440 vitam
745 1371 961 1462 degentibus,
979 1394 1017 1437 ex
1031 1369 1207 1435 nonacen-

227 1486 250 1549 si
280 1485 435 1549 coenobio
464 1483 607 1550 ciusdem
634 1484 735 1571 patris
766 1478 900 1548 vernula
925 1479 1057 1564 Abho,
1081 1503 1200 1572 genere

226 1590 375 1676 francus,
398 1592 594 1681 professione
618 1591 820 1674 inonachus,
841 1591 945 1659 officio
966 1592 1145 1675 diaconus,
1167 1592 1204 1654 in

227 1704 441 1772 essentialiter
467 1709 557 1774 Bono
581 1704 691 1774 salutis
717 1717 894 1792 perpetuae
919 1726 1049 1771 munus·

275 1948 300 1986 r.
327 1854 602 2012 Omnipotentiu
628 1922 758 1988 divinae
781 1924 984 2008 maiestatis,
1006 1948 1092 2014 quae
1119 1938 1205 1994 tm·

86 2102 90 2107 ,
179 2058 259 2122 pora
286 2041 389 2101 mutat
413 2050 445 2102 et
470 2033 631 2114 ordinat,
660 2057 713 2101 rne
743 2036 786 2098 ub
811 2035 946 2103 ineunte
974 2051 1078 2103 cetere
1102 2049 1201 2124 prout
1287 2078 1289 2082 »

178 2143 304 2226 voluit,
325 2141 538 2210 multifariam
567 2161 600 2210 et
623 2143 734 2210 multis
758 2140 863 2208 nrodis
892 2144 1046 2231 temptari
1080 2143 1207 2232 perni-

180 2253 249 2335 sit,
277 2253 386 2342 quoad
415 2251 561 2320 iuvenilis
582 2255 696 2319 aetatis
711 2253 814 2321 robur
838 2252 1086 2319 adversitatibus
1102 2274 1206 2318 assue-

176 2379 285 2429 sceret
308 2412 317 2447 ‚
341 2367 392 2431 cui
417 2363 459 2429 ad
487 2362 652 2430 cumulum
670 2366 797 2431 virtutis
826 2361 958 2431 tandem
985 2379 1205 2431 succresceret

175 2470 389 2555 infortunium
404 2473 533 2540 oblatae
548 2473 819 2564 peregrinationis
833 2472 903 2563 (ης
926 2496 1025 2562 quarn
1040 2474 1100 2541 etsi
1117 2464 1204 2540 lister

175 2592 223 2643 tot
241 2578 408 2669 religiosae
430 2583 513 2651 vitae
539 2585 623 2651 viros
642 2585 711 2650 Deo
734 2597 868 2649 auctore
891 2579 1046 2671 perfero,
1069 2581 1129 2671 qui
1148 2605 1202 2647 me

178 2693 318 2778 quasise
333 2693 417 2781 ipsos
446 2693 612 2781 diligunt,
635 2709 670 2758 nt
690 2694 760 2781 ipsa
780 2716 816 2759 re
837 2692 987 2776 conicio,
1009 2704 1205 2790 nontamen

175 2803 239 2864 voti
270 2803 374 2891 impos
401 2803 470 2868 sine
501 2801 615 2870 dolore
647 2803 817 2871 recordari
850 2800 942 2871 valeo
967 2851 977 2885 ‚
1006 2799 1094 2891 quod
1121 2799 1208 2867 illius

176 2913 238 2977 mei
260 2911 412 3000 spiritalis
433 2911 557 2978 alumni
573 2914 619 2996 (3)
639 2914 911 3002 inpresentiarum
937 2907 1101 2999 corporali
1118 2932 1209 2997 prue-

240 3058 279 3130 (r)
300 3060 398 3113 Auctor
416 3062 487 3114 vixit
499 3061 603 3114 saeculo
616 3060 716 3115 Christi
736 3061 857 3118 decimo.
876 3058 1010 3126 variisque
1027 3056 1134 3128 scriptis
1154 3056 1193 3108 in·

186 3153 303 3210 claruit.
323 3165 350 3206 et
368 3164 452 3206 morte
475 3153 642 3221 martyrica,
667 3154 816 3226 prodigiis.
837 3153 965 3223 cultuque
987 3150 1068 3204 etiam
1085 3186 1092 3207 ‚
1109 3148 1194 3204 veluti

184 3256 309 3303 sanctus.
329 3245 475 3298 celebratus
494 3258 542 3299 est·
561 3245 654 3300 Prodit
675 3258 762 3301 nutem
781 3246 831 3299 boc
850 3246 907 3298 eius
924 3245 1079 3315 opusculum
1096 3261 1129 3296 ex
1147 3259 1193 3294 eo·

185 3339 244 3391 dice
263 3339 334 3406 regio
353 3340 494 3396 vaticano.
513 3342 588 3393 cuius
603 3351 675 3395 netas
696 3342 746 3413 ipsi
767 3340 867 3393 auctori
881 3355 980 3410 suppar
995 3339 1110 3392 ridetur.
1130 3337 1192 3388 Pro·

181 3429 248 3483 lecto
273 3431 353 3483 buius
378 3432 497 3502 opusculi
525 3431 676 3504 perbrevem
701 3443 801 3504 partem
827 3430 945 3497 vulgavit
969 3429 1141 3483 Mabillonius
1163 3428 1191 3479 in

183 3519 322 3573 ancilibus
346 3523 443 3575 Bened.
463 3524 495 3574 T.
519 3525 568 3575 tv.
588 3525 703 3596 append.
723 3544 751 3597 p.
770 3522 820 3579 631
843 3522 917 3587 3sed
943 3522 1009 3592 quie
1029 3519 1191 3593 permulto

180 3612 294 3663 maxima
313 3613 440 3668 hactenus
458 3628 516 3669 erut
535 3616 653 3674 inedita.
671 3632 727 3667 earn
754 3633 801 3684 ego
818 3616 879 3670 beic
898 3615 982 3669 trado.

233 3703 280 3769 (n)
299 3703 337 3756 De
355 3704 475 3759 Abbonis
494 3706 522 3759 in
541 3708 662 3775 Angliarn
676 3708 772 3761 itinere
782 3714 862 3778 ‚gnon
881 3706 944 3762 sine
964 3716 1121 3777 tempestate
1138 3723 1192 3757 me·

177 3795 253 3850 rinu.
273 3795 358 3866 deque
374 3799 432 3851 eius
451 3797 549 3851 ibidem
568 3799 717 3853 litterarum
736 3799 907 3869 magisterio.
927 3800 1029 3866 legetur
1048 3796 1188 3851 Aimoirrua

179 3887 207 3938 in
225 3887 283 3941 viu
302 3890 418 3945 eiusdem
438 3893 558 3947 Abbonis
578 3911 635 3964 cap·
654 3901 680 3964 4.
699 3906 727 3949 et
747 3891 773 3948 5·

231 3980 278 4050 (ὅ)
297 3980 417 4037 Abbonis
436 3984 553 4037 alumnos
573 3986 660 4040 varios
680 3997 801 4040 recenset
819 3984 995 4040 ldrbillonlus
1014 4001 1058 4056 op·
1077 3992 1106 4035 et
1124 3990 1189 4034 terri·

173 4074 222 4124 cit.
243 4093 268 4144 p.
291 4075 349 4129 160.
368 4077 418 4129 Sed
436 4094 575 4145 quemnam
596 4078 656 4131 bele
680 4078 800 4149 designet
824 4080 927 4138 ahts.
950 4077 1060 4134 definire
1079 4091 1132 4130 non
1151 4072 1187 4127 li-
