3382 5206
345 558 416 651 244

318 711 349 746 ru
365 687 466 743 numeri
478 678 620 750 singularis
638 692 673 728 ·e·
687 680 808 742 correpto

322 775 481 836 terminari,
502 764 708 824 haecexnodem
733 757 810 813 abla-

319 870 377 922 tiro
395 881 458 917 caru
469 856 571 913 numeri
586 848 729 920 singularia
744 863 811 900 ean·

321 955 381 1008 dem
399 967 434 1002 ·e·
454 955 615 1015 correptam,
641 939 668 991 iu
686 932 813 1005 ⁸illitte-

320 1058 377 1093 ram
399 1042 573 1092 convertunt,
600 1031 630 1081 et'
646 1025 717 1078 ·bue·
735 1018 813 1089 sylla·

320 1130 384 1184 bam
418 1125 570 1195 arripiunt,
596 1116 668 1189 unde
691 1109 813 1164 dativum

592 565 850 625 GRAMMATICUS
875 567 1078 623 micantis

896 669 1053 738 Quaeritur,
1071 679 1106 734 ab
1134 701 1165 738 eo
1188 687 1262 757 quod
1287 688 1358 743 dixit

863 762 1073 823 Sallustius-sed
1083 770 1234 846 Allobroges
1243 795 1277 830 ex
1285 795 1360 849 prae·

864 866 940 928 oepto
962 859 1121 914 Ciceronis·
1133 864 1297 920 nominativo
1317 872 1359 918 'ca-

865 962 897 998 ru
916 949 1020 1001 numeri
1034 951 1175 1019 singularis
1187 953 1357 1023 Allobrogum

866 1054 901 1088 an
918 1037 1071 1106 Allobroge,
1090 1037 1175 1094 lacere
1189 1041 1294 1098 debeat·
1307 1043 1359 1096 Sed

866 1140 1049 1196 quaecumque
1070 1127 1199 1182 vocabula
1232 1130 1356 1183 maseuli-

320 1220 363 1276 rel
382 1215 531 1269 ablativum
540 1225 629 1263 casum
643 1199 745 1258 nfflfl
759 1197 813 1268 Plu·
849 1209 903 1286 [na
923 1214 1087 1270 nominativo
1108 1234 1171 1270 caru
1191 1219 1292 1272 numeri
1302 1218 1360 1290 plu·

324 1309 387 1363 ralis
406 1305 559 1359 ostendunt.

359 1399 548 1466 Quaecumque
581 1382 687 1438 nomina
718 1373 816 1429 ablati-

324 1505 358 1540 vo
376 1502 439 1538 casu
458 1478 559 1535 numeri
571 1468 711 1542 singularis
728 1466 757 1518 ·i·
772 1463 818 1516 lit·

326 1583 383 1625 tera
400 1566 595 1622 terminantur,
615 1567 644 1612 et
664 1562 756 1625 aptota
774 1565 816 1601 es·

327 1680 356 1718 se
381 1678 433 1713 uon
463 1652 665 1727 repperiuntur,
695 1643 760 1695 haec
784 1637 819 1689 in

327 1750 419 1805 eodem
442 1744 559 1796 ablativo
577 1755 640 1791 catu
655 1728 757 1788 numeri
765 1727 818 1780 tiu-

330 1837 428 1908 gularis
443 1832 511 1883 ·bus·
527 1823 656 1898 syllabam
666 1817 821 1889 accipiunt.

327 1938 354 1980 et
376 1923 496 1976 dativum
517 1927 545 1969 et
567 1909 713 1966 ablativum
732 1918 821 1956 casum

331 2013 432 2070 numeri
452 2007 562 2082 pluralis
577 1999 729 2057 ostendunt.

368 2102 533 2173 Quaeritur,
554 2094 589 2146 ab
609 2085 730 2160 eoquod
751 2078 823 2134 dixit

331 2187 489 2256 Vergilium·
501 2182 590 2237 vultur
603 2177 729 2231 obuneo-
744 2168 825 2220 liuius

334 2280 435 2338 vulturi
447 2294 497 2336 ,an
512 2273 592 2326 liuius
604 2265 728 2322 vulturis,
741 2259 826 2312 iacere

335 2371 441 2426 debeat.
458 2365 508 2418 Sed
535 2369 715 2435 quaecumque
741 2346 826 2402 nomi·

338 2482 372 2516 na
397 2453 560 2512 nominativo
583 2464 647 2500 casu
664 2438 767 2495 numeri
776 2437 829 2489 siu-

340 2546 439 2618 gularis
461 2561 512 2594 ·ur·
534 2530 631 2591 litteris
650 2528 830 2584 deliniuntur,

338 2637 406 2689 haec
425 2630 544 2701 genetivo
563 2641 626 2678 casu
653 2615 755 2673 numeri
774 2612 830 2666 rin-

342 2725 440 2795 guluris
462 2740 493 2774 ·s·
513 2738 568 2772 uon
592 2715 624 2766 .i·
648 2711 738 2763 littera
765 2704 832 2754 deli·

343 2814 468 2867 niuntur,
491 2820 519 2860 et
533 2806 592 2858 ideo
616 2801 724 2853 vultur.
753 2792 833 2845 huius

339 2901 481 2956 vulturis,
508 2914 561 2948 nou
594 2887 716 2944 vulturi,
750 2882 834 2934 lucere

343 2991 548 3042 demonstratur.

380 3074 540 3145 Quaeritur,
569 3067 602 3119 ub
621 3062 740 3134 eoquod
765 3058 836 3110 dixit

343 3165 501 3233 Vergilius·
512 3161 602 3212 umida
620 3156 734 3210 solstitia
753 3181 768 3195 -
787 3167 836 3204 no-

343 3255 474 3306 minativo
491 3268 552 3302 cusu
575 3245 677 3300 numeri
697 3239 837 3309 singularis

343 3345 392 3396 hoc
406 3342 540 3395 solstitiu,
558 3355 592 3388 au
607 3335 657 3388 huc
677 3329 837 3385 solstitium,

345 3434 431 3487 lacere
451 3431 557 3482 debeat.
584 3425 636 3478 Sed
658 3433 839 3492 quaecumque

347 3524 454 3578 nomina
485 3519 586 3586 generis
614 3511 726 3567 neutri,
755 3509 840 3561 noiui·

345 3615 438 3668 nativo
458 3629 519 3663 cusu
542 3606 645 3660 numeri
663 3597 840 3673 pluralis{.ia·

345 3702 444 3755 litteris
471 3700 653 3751 deliniuntur,
687 3693 751 3743 haec
770 3707 844 3741 uum·

344 3806 424 3857 quam
456 3785 621 3838 nnmiurtivo
654 3798 716 3831 casu
740 3775 844 3829 numeri

348 3878 489 3947 singularis
516 3898 554 3930 ·u·
577 3877 667 3929 littera
697 3866 841 3922 terninan-

350 3981 408 4027 ῑυῐ,
427 3981 454 4022 ci
468 3969 528 4022 ideo
548 3969 598 4022 hoe
615 3970 771 4027 solstitium,
792 3989 845 4023 non

355 4062 403 4115 hoc
417 4060 545 4120 solstitiu,
560 4059 645 4113 farere
655 4062 852 4133 pronuntiatur.

869 1304 932 1359 ralis
948 1324 995 1358 ·es·
1011 1306 1108 1361 litteris
1135 1307 1314 1366 deliniuntur,
1333 1318 1361 1360 et

871 1395 1067 1450 auominutivn
1085 1414 1148 1451 casu
1157 1397 1259 1450 numeri
1273 1397 1362 1465 singu·
1390 1454 1392 1459 ,

871 1482 953 1540 laris,
972 1483 1000 1535 iu
1016 1484 1107 1537 eudem
1129 1483 1293 1538 nominativo
1315 1502 1361 1537 ca-

871 1587 904 1623 tu
923 1571 1025 1624 numeri
1043 1571 1166 1642 pluralis,
1184 1591 1229 1644 per
1248 1570 1363 1642 syllabas

872 1678 925 1712 non
943 1668 1082 1715 crescunt,
1101 1659 1167 1711 haec
1185 1660 1212 1711 in
1224 1658 1365 1712 nominati-

874 1767 907 1801 vo
924 1765 986 1801 casu
1013 1748 1114 1802 numeri
1131 1747 1272 1815 singularis
1286 1766 1365 1800 num-

873 1854 954 1906 quam
974 1854 1023 1890 ms·
1039 1835 1136 1891 litteris
1150 1835 1367 1890 definiuntur,et

875 1925 936 1979 iden
955 1924 1000 1977 hic
1007 1923 1173 1992 Allobroges,
1192 1941 1245 1976 non
1262 1923 1307 1975 hic
1323 1923 1367 1978 Al·

875 2016 1015 2085 lobrugus,
1033 2014 1117 2069 iacere
1130 2016 1332 2086 pronuntiatur.

911 2105 1067 2175 Quaeritur.
1081 2120 1135 2174 qua
1148 2101 1182 2155 de
1192 2118 1272 2153 cansa
1281 2099 1371 2166 Vergi-

879 2194 948 2247 lius·
966 2192 1032 2245 haer
1050 2190 1110 2244 finis
1131 2189 1249 2242 Priami·
1272 2188 1372 2242 lemini-

881 2300 915 2334 no
934 2277 1224 2350 generepronuntiarit·
1236 2276 1371 2347 Siquidem

882 2388 1063 2443 quaecumque
1083 2368 1188 2422 uomina
1218 2364 1372 2421 inanimalia

883 2456 967 2509 latina
987 2455 1126 2508 dumtaxat
1144 2452 1309 2506 nominativo
1328 2468 1374 2503 cu-

884 2560 914 2595 ru
946 2542 1047 2595 numeri
1074 2540 1215 2607 singularis
1245 2535 1374 2606 disyllaba

884 2647 941 2684 esse
959 2632 1165 2702 repperiuntur,
1183 2639 1210 2680 ct
1235 2627 1297 2679 nis·
1320 2623 1376 2695 syl-

886 2718 946 2773 laba
955 2719 1129 2773 terminantur
1142 2717 1224 2774 ,haec
1235 2714 1378 2767 secundum

889 2808 1049 2875 analogicum
1070 2805 1256 2874 disciplinam,
1275 2818 1379 2854 mascu-

888 2897 938 2948 lini
961 2894 1061 2963 generis
1081 2911 1137 2945 esse
1155 2889 1312 2961 probantur.
1330 2885 1380 2938 Sed

888 2987 986 3040 hocin
1004 2983 1094 3037 metris
1121 2988 1290 3050 conpetenter
1310 2986 1381 3027 trac-

889 3076 1020 3132 tabimus:
1041 3073 1143 3128 scilicet
1162 3067 1287 3139 quoniam
1307 3082 1381 3137 prop-

891 3178 930 3239 ter
950 3175 1078 3217 metrum,
1102 3161 1151 3211 hoc
1169 3157 1262 3208 iecisse
1288 3153 1381 3219 Vergi-

893 3255 974 3310 lium,
991 3247 1192 3303 declarabimus.

929 3339 1088 3410 Quaeritur,
1103 3334 1136 3385 ab
1144 3327 1253 3399 eoquod
1265 3325 1381 3378 dixitCi·

894 3449 952 3483 cero
975 3457 988 3468 ·
1012 3446 1044 3480 ex
1061 3423 1155 3490 agresti
1177 3418 1283 3473 luxuria
1305 3446 1317 3456 -
1340 3415 1383 3466 liic

895 3532 1025 3589 agrester,
1042 3535 1074 3567 an
1098 3512 1223 3580 agrestis,
1244 3508 1329 3559 lucere
1343 3503 1385 3555 de·

895 3608 969 3660 beat.
989 3605 1038 3657 Sed
1068 3613 1249 3671 quaecumque
1282 3592 1388 3645 nomina

898 3701 926 3752 in
945 3695 1062 3749 ablativo
1084 3710 1145 3742 casu
1171 3685 1271 3741 numeri
1294 3684 1388 3750 singu-

898 3792 961 3845 laris
985 3810 1000 3842 a
1020 3783 1263 3841 nominativorum
1289 3771 1390 3826 numeri

898 3879 1037 3950 singularis
1056 3895 1101 3948 per
1120 3869 1233 3940 syllabas
1257 3885 1310 3918 uon
1333 3880 1390 3916 cre-

899 3979 994 4024 scunt,
1012 3976 1040 4018 et
1060 3965 1087 4015 iu
1106 3959 1196 4012 eodem
1216 3953 1334 4007 ablativo
1352 3967 1391 4002 ea·

901 4075 931 4108 su
950 4051 1050 4109 numeri
1074 4044 1217 4113 singularis
1241 4051 1302 4092 autu.¹
1328 4035 1390 4090 ulti-
