3382 5206
425 559 473 661 76
793 576 944 630 terrram
969 581 998 629 v.

399 689 518 776 solus,
539 705 669 789 populo
689 685 828 766 turbato
844 743 854 776 ,
872 685 975 762 stetit.
1003 683 1107 780 Quod
1130 683 1234 759 multi
1260 685 1403 785 penitus

398 809 633 906 ignorantes,
664 805 811 879 verbum
838 831 986 905 posuere
1013 822 1108 894 ·est·,
1134 804 1227 904 quod
1258 806 1402 879 omnino

396 928 472 1001 sine
495 926 744 1001 coniunctione
766 925 894 998 causali
919 924 999 998 fieri
1021 952 1096 999 non
1117 942 1238 1025 potest.
1261 925 1361 1014 Nam
1375 925 1403 995 si

396 1048 620 1150 hyperbatice
631 1074 727 1120 more
743 1047 782 1120 in
798 1046 910 1138 media
925 1045 1079 1120 dictione
1091 1048 1275 1119 commixto
1297 1046 1404 1118 alium

396 1167 558 1242 ordinem
581 1166 780 1266 posuisset,
809 1165 899 1238 sicut
921 1191 995 1237 non
1021 1192 1101 1237 raro
1125 1164 1304 1262 legimus,
1334 1167 1405 1237 hoc

396 1285 500 1360 modo
522 1286 684 1384 egregius
700 1285 821 1358 doctor
846 1282 1007 1356 edidisset
1025 1283 1070 1384 (a)
1090 1313 1099 1357 z
1121 1295 1145 1328 ⁸‘
1171 1283 1263 1357 solus
1281 1285 1404 1374 miles,
1454 1359 1456 1363 ,

395 1406 556 1479 turbatus
577 1404 672 1477 enim
689 1402 837 1503 populus
865 1418 945 1490 est,
968 1401 1007 1474 in
1037 1401 1110 1474 acie
1132 1402 1236 1477 stetit.

473 1531 508 1622 4.
536 1524 607 1598 Sed
632 1552 731 1597 nnnc
752 1524 797 1598 ad
818 1521 993 1623 participii
1016 1523 1267 1622 expositionem
1283 1582 1293 1614 ,
1308 1525 1406 1598 unde

395 1672 503 1744 paene
529 1669 710 1718 excessum
730 1659 807 1731 est,
836 1659 1030 1742 opportune
1049 1661 1273 1718 revertamur.
1291 1643 1406 1717 Parti·

396 1763 526 1864 cipium
550 1790 627 1862 pars
648 1761 843 1835 eommunis
863 1777 914 1834 est
934 1762 1098 1835 orationis
1122 1820 1131 1851 ,
1160 1761 1254 1862 quod
1276 1763 1407 1858 generi

393 1883 460 1955 bus
482 1899 516 1954 et
538 1879 854 1979 significationibus
876 1880 1085 1980 supponitur
1111 1881 1160 1980 (b)
1181 1909 1223 1954 ac
1247 1880 1406 1954 suffulci-

395 2021 461 2079 tur.
482 1999 555 2075 Sed
578 2001 804 2101 participium
827 2000 993 2101 temporis
1015 2000 1205 2101 praesentis
1229 2029 1271 2073 ex
1296 2001 1408 2074 nomi·

393 2150 439 2196 ne
455 2122 571 2196 omnis
589 2121 727 2219 generis
743 2149 817 2194 csse
833 2119 1019 2209 definitur,
1039 2120 1105 2193 sed
1115 2120 1260 2220 propriis
1274 2121 1406 2218 generi-

393 2242 458 2315 bus
478 2240 656 2341 proiertur
674 2240 735 2338 (c)
751 2237 891 2312 Dicunt
913 2239 1084 2338 quidam,
1107 2238 1280 2338 quaedam
1303 2240 1410 2338 parti·

288 2418 295 2425 -
395 2363 484 2464 cipia
509 2390 530 2436 a
551 2363 665 2435 verbis
690 2380 726 2436 et
753 2361 957 2436 nominihus
984 2361 1081 2462 quasi
1110 2360 1260 2461 quodam
1289 2362 1409 2436 coniu-

394 2485 448 2584 gio
470 2482 659 2585 procreari.
677 2481 787 2557 Unde
815 2498 851 2556 et
872 2482 1037 2554 eumdem
1064 2481 1322 2556 nominativum
1352 2483 1410 2553 lra-

394 2603 480 2677 bent
505 2604 648 2677 nomina
680 2603 814 2702 primae
835 2601 1016 2704 positionis
1040 2619 1142 2702 atque
1163 2600 1280 2703 ipsum
1307 2603 1411 2702 parti-
1503 2662 1511 2687 ,

363 2720 366 2725 ’
394 2724 549 2824 cipium,
570 2741 609 2818 ut
622 2751 746 2797 sensus
763 2781 773 2812 ,
794 2751 956 2821 gressus,
975 2722 1176 2795 intellectus
1192 2727 1207 2811 ‚'
1222 2741 1408 2822 quaestus,

393 2842 536 2931 cultus,
556 2840 757 2941 plantatus,
780 2859 816 2915 et
835 2856 953 2915 cetera
971 2839 1081 2946 :pam
1102 2841 1168 2914 hoc
1186 2842 1411 2941 participium

395 2989 516 3035 sensus
537 2991 578 3034 ex
605 2962 707 3035 verbo
732 2963 864 3061 passivo
894 2963 961 3035 rite
988 2961 1209 3052 assumitur,
1233 2963 1328 3061 quod
1361 2980 1410 3036 est

393 3080 525 3153 sentior
548 3112 557 3157 :
578 3080 626 3153 sic
645 3079 741 3153 enim
768 3079 955 3180 praeterito
989 3097 1147 3181 tempore
1175 3080 1373 3154 declinatur
1400 3138 1410 3170 ,

394 3226 519 3272 sensus
541 3226 645 3287 sum,
668 3222 789 3271 sensus
820 3227 855 3272 es
877 3254 888 3286 ,
913 3226 1033 3272 sensus
1055 3215 1114 3272 est.
1134 3197 1196 3272 Est
1224 3200 1329 3272 etiam
1352 3228 1414 3273 no«

392 3344 475 3391 men
493 3318 587 3419 quod
609 3318 659 3392 sic
680 3317 882 3393 declinatur
904 3376 914 3409 ,
935 3346 1059 3392 sensus
1079 3375 1089 3406 ,
1110 3344 1235 3392 sensus
1255 3375 1264 3407 ‚
1283 3321 1413 3395 sensui.

392 3434 645 3511 Verumtamen
671 3436 839 3537 quiahoc
861 3464 991 3512 nomen
1005 3464 1127 3510 sensus
1145 3465 1186 3510 ex
1213 3439 1317 3511 verbo
1338 3466 1414 3510 nas

399 3555 519 3646 citur,
545 3557 625 3630 ideo
648 3557 870 3658 participium
890 3586 963 3632 non
986 3586 1026 3632 ex
1044 3557 1188 3631 nomine
1203 3557 1263 3630 sed
1282 3585 1323 3630 ex
1340 3586 1414 3630 ver·

395 3672 439 3745 bo
460 3675 582 3748 venire
606 3674 827 3748 credendum
846 3694 907 3751 cst.

478 3795 510 3870 5.
539 3792 612 3867 Sed
639 3795 677 3868 in
706 3794 944 3905 declinatiene
973 3793 1163 3869 similitudo
1188 3793 1410 3895 disparatur:

478 3970 516 4037 (a)
531 3978 586 4024 Coi.
604 3978 732 4021 credisset·
772 3976 810 4037 (ir)
828 3978 883 4027 cod.
901 3981 1039 4038 offeritur.
1079 3973 1116 4038 (e)
1133 3977 1191 4025 cod.
1206 3984 1318 4036 proprius
1335 3993 1407 4045 poete-¹

403 4056 469 4097 ritus
483 4060 614 4115 praefinire
626 4070 665 4098 ur.
