3382 5206
577 541 643 608 536
878 564 905 610 s.
931 557 1110 617 auuautnn
1134 560 1178 612 or
1203 561 1247 612 aa

547 677 585 730 Δ.
611 665 696 750 Quot
717 683 793 733 sunt
816 666 1010 736 divisionum
1031 667 1154 755 species
1178 667 1212 734 iu
1234 662 1400 756 pedibas,
1420 689 1577 756 praeser-
1623 636 1635 657 '

551 785 610 835 tam
634 772 690 860 qui
713 770 754 836 ad
778 775 1006 862 grammaticos
1024 775 1187 864 pertinere
1211 769 1416 845 noscuntur?
1436 773 1484 840 M.
1499 774 1604 839 lusa

550 888 584 940 ta
612 876 702 966 quod
729 901 972 967 praecessorum
1002 880 1177 946 auctoritas
1206 876 1376 949 tradidisse
1407 901 1576 947 memora-

551 995 627 1064 tur,
653 983 740 1048 trina
771 981 935 1051 divisionis
966 983 1116 1051 condicio
1149 982 1322 1051 definiturt
1351 980 1576 1074 quorumdam

548 1106 693 1177 namque
706 1085 827 1175 pedum
841 1111 942 1178 aequa
964 1087 1096 1173 divisio,
1113 1085 1333 1180 quorumdam
1354 1085 1453 1177 dupla
1464 1134 1476 1172 ,
1487 1108 1575 1153 non-

549 1188 718 1257 nullorum
744 1216 822 1259 vero
850 1190 1026 1281 sescuplae
1049 1209 1083 1261 et
1107 1194 1247 1281 primam
1276 1191 1493 1281 dactylicam,
1519 1214 1577 1257 se·

550 1295 691 1363 eandam
718 1297 919 1382 iambicam,
945 1299 1076 1364 tertiam
1099 1299 1285 1389 paeonicam
1310 1299 1495 1389 nuncupari
1520 1321 1577 1364 so·

547 1399 618 1470 lete
638 1405 814 1494 antiquitas
839 1405 952 1472 sensit.

559 1545 564 1555 ·
593 1520 628 1576 Δ.
645 1510 738 1577 Hanc
749 1511 945 1599 tripertitam
960 1506 1158 1576 divisionum
1171 1504 1356 1576 normulam
1368 1508 1504 1578 uberius
1517 1530 1576 1576 ex·

547 1616 626 1703 poni
639 1613 799 1703 supplico.
813 1615 860 1680 M.
874 1614 996 1681 Decem
1009 1629 1086 1680 sunt
1097 1612 1196 1704 pedes
1209 1614 1263 1705 qui
1280 1638 1419 1704 aequam
1433 1610 1578 1681 divisio-

548 1738 627 1783 nem
649 1721 848 1803 sortiuntur,
870 1735 902 1785 et
923 1715 1017 1789 velut
1031 1717 1103 1807 pari
1117 1735 1301 1807 temporum
1325 1715 1577 1807 lanceponde-

548 1842 685 1910 rantur,
701 1849 782 1918 quos
803 1828 935 1894 arsiset
955 1827 1055 1895 thesis
1070 1824 1203 1918 aequali
1223 1825 1429 1891 discretionis
1451 1840 1576 1890 statera

549 1931 733 2021 gubernat,
744 1928 779 1995 id
794 1949 842 1997 est
856 1929 1084 2023 pyrrhichius,
1096 1920 1296 2020 spondaeus,
1311 1928 1482 2022 dactylus,
1497 1952 1576 1995 ana·

550 2049 677 2122 prestus
692 2083 702 2118 ,
721 2033 1028 2123 proceleusmaticus
1039 2083 1049 2119 ,
1062 2033 1302 2125 dispondaeus,
1321 2033 1498 2115 diambus,
1513 2031 1577 2127 ¹di-

551 2138 722 2206 trochaeus
744 2155 967 2229 antespastus,
985 2139 1184 2206 coriambus.
1208 2150 1242 2202 Δ.
1265 2138 1351 2222 Quot
1368 2155 1446 2203 sunt
1472 2136 1574 2228 pedes

550 2248 608 2338 qni
624 2244 792 2315 divisionis
805 2244 962 2337 qualitate
975 2242 1185 2337 partiuntur?
1198 2245 1246 2312 M.
1265 2245 1350 2331 Ser,
1369 2243 1405 2309 id
1419 2260 1468 2310 est
1492 2246 1575 2310 iam-

549 2349 612 2420 bus
626 2399 638 2437 ,
653 2349 846 2427 trochaeus,
862 2351 1016 2419 molossus
1032 2400 1042 2435 ,
1063 2350 1272 2442 tribrachys,
1294 2352 1417 2417 ionicus
1438 2350 1576 2434 minor,

548 2456 675 2524 ionicus
689 2457 818 2541 maior,
830 2480 912 2550 quos
929 2481 1019 2526 nunc
1041 2460 1118 2526 arsis
1133 2481 1221 2524 nunc
1242 2457 1339 2522 thesis
1359 2455 1574 2524 discordante

472 2575 475 2578 ’
550 2579 736 2653 temporum
748 2565 870 2631 trutina
881 2580 1021 2653 vergunt
1035 2581 1066 2630 et
1079 2562 1250 2631 inclinant.
1260 2572 1293 2628 A.
1304 2563 1394 2647 Quae
1409 2576 1456 2626 cst
1466 2584 1574 2628 sescu-

551 2666 606 2756 pla
621 2667 757 2755 divisio,
771 2684 804 2736 et
817 2691 919 2760 quare
935 2668 1021 2736 dicta
1035 2687 1082 2736 est
1094 2717 1103 2752 ‚
1117 2666 1169 2735 vel
1184 2684 1264 2759 quot
1278 2665 1376 2757 pedes
1389 2664 1497 2734 eidem
1518 2666 1573 2733 di·

550 2773 666 2841 visioni
686 2768 861 2843 serviunt?
883 2773 931 2839 Μ.
952 2770 1106 2863 Sescupla
1122 2771 1208 2838 dicta
1223 2789 1269 2840 est
1285 2772 1376 2862 quasi
1391 2772 1490 2836 semis
1505 2771 1572 2836 du·

549 2879 621 2969 pla,
639 2884 718 2970 quia
733 2879 837 2947 altera
852 2904 927 2970 pars
943 2880 1079 2948 alteram
1096 2904 1163 2948 non
1180 2878 1279 2970 duplo
1292 2880 1413 2961 vincit,
1426 2878 1486 2947 sed
1499 2903 1574 2947 me·

551 2985 671 3057 dietate
687 2985 777 3077 dupli
790 3015 800 3060 t
813 2987 940 3054 idcirco
955 3011 1092 3079 aequam
1109 2987 1299 3055 divisionem
1316 2976 1489 3075 temporis,
1511 3012 1574 3054 au-

550 3109 681 3183 gmento
708 3091 798 3162 velut
827 3113 1054 3161 momentanee
1081 3087 1218 3183 hexagio
1243 3090 1387 3181 sescupla
1414 3113 1574 3182 superans

548 3197 812 3289 praeponderat,
830 3201 979 3290 quamvis
1004 3197 1102 3290 dupla
1125 3201 1256 3289 gemino
1276 3217 1400 3264 armata
1423 3215 1574 3289 tempore

548 3302 687 3375 eandem
700 3301 878 3393 sescuplam
890 3303 1077 3391 praecellat.
1090 3305 1241 3394 Denique
1256 3303 1299 3369 ad
1313 3304 1449 3373 eandem
1466 3308 1569 3395 perti-

501 3465 507 3479 .
546 3424 626 3475 nent
651 3406 832 3498 sescuplam
860 3409 907 3477 hii
929 3426 1053 3500 septem
1077 3409 1200 3499 pedes,
1224 3410 1382 3492 bachius,
1409 3408 1573 3499 palimba—
1667 3486 1671 3493 ,

549 3511 663 3597 obius,
679 3510 925 3602 amphimacer,
947 3530 979 3580 ct
998 3537 1137 3604 paeones
1154 3515 1240 3580 ·1111·
1260 3527 1294 3581 Δ.
1309 3516 1380 3600 Quo
1398 3536 1574 3603 argumen-

549 3633 582 3684 to
610 3618 774 3708 quibusve
800 3616 931 3685 indiciis
955 3619 1066 3713 colligi
1092 3637 1190 3711 queat
1212 3638 1320 3685 utrum
1347 3618 1390 3683 ad
1419 3619 1507 3686 arsin
1532 3644 1576 3686 an

548 3720 593 3786 ad
612 3720 718 3791 thesin
735 3721 830 3813 plura
857 3742 1005 3814 tempora
1030 3723 1262 3796 conserantur?
1289 3725 1336 3790 M.
1359 3725 1482 3792 Omnes
1503 3724 1574 3817 syl-

546 3825 643 3895 labae
674 3845 742 3896 tam
764 3832 932 3899 nominum
962 3855 1061 3922 quam
1086 3833 1283 3915 verborum,
1305 3856 1363 3897 seu
1394 3832 1573 3899 cuiuslibet

546 3935 675 4023 partis,
699 3933 814 4003 afines
835 3959 900 4005 nou
915 3937 1100 4027 principio,
1114 3953 1350 4032 numerantnrt
1367 3955 1573 4027 quapropter

545 4054 693 4130 tempora
720 4042 756 4108 iu
777 4042 843 4109 arsi
863 4059 896 4112 et
921 4043 1003 4114 thesi
1025 4043 1215 4112 accentibus
1241 4040 1493 4131 discernuntur,
1507 4044 1565 4136 qui
