3382 5206
423 551 487 644 &a
703 578 1126 634 aurutrrrou

440 678 529 771 Erga
552 678 636 748 uilail
655 684 737 751 Geta
766 698 838 770 eat,
861 708 924 752 uec
948 682 1030 752 uilril
1052 709 1120 753 esee
1146 701 1263 775 puteat·
1381 678 1392 687 ’
1457 684 1532 749 ²6⁰·

397 785 489 852 Unus
513 811 601 855 eram
629 788 737 855 clausa
761 814 836 856 cum
859 795 1004 880 primum
1026 790 1137 883 limina
1162 815 1239 860 voce

440 891 595 976 lutcuui,
617 894 673 962 aed
698 919 750 962 mc
772 893 918 961 reddidit
944 893 999 965 ille
1022 895 1112 962 milri.

393 994 597 1084 Respondiue
625 995 738 1069 mihi?
762 1022 916 1068 uocemue
944 1023 1003 1090 per
1024 998 1106 1067 echo
1132 997 1270 1067 relatam

439 1101 482 1168 Ut
504 1100 584 1170 solet
609 1106 643 1168 iu
663 1100 751 1171 silvia
774 1102 920 1171 reddidit
945 1103 1002 1171 ille
1029 1099 1174 1172 domus?
1319 1154 1322 1159 -

391 1203 494 1278 Ianua
520 1237 572 1279 me
600 1210 725 1281 dudum
750 1230 892 1283 retento
919 1210 1053 1281 cardine
1071 1213 1171 1302 cepit.
1312 1274 1315 1279 .
1450 1221 1525 1287 265.

435 1317 522 1404 Quid
543 1314 689 1409 loquor?
713 1334 749 1384 ut
772 1317 935 1388 subeam,
958 1317 1044 1407 proh
1064 1315 1181 1402 furor,
1200 1318 1293 1385 iutut
1313 1324 1398 1419 ego!

391 1420 587 1509 Accedam,
616 1448 796 1516 quaeram,
824 1448 890 1516 quo
911 1426 954 1494 rit
975 1422 1080 1516 pede,
1110 1423 1232 1493 deute»
1252 1422 1403 1515 capillo,

438 1527 492 1599 Au
517 1532 600 1595 sicut
627 1551 732 1613 vace,
760 1553 900 1620 corpore
921 1530 970 1597 eie
992 1532 1033 1597 sit
1056 1552 1126 1622 ego.

390 1635 552 1719 Quaeram
576 1630 617 1699 de
638 1630 747 1717 lactis,
770 1631 811 1703 de
835 1633 982 1703 mariba,
1009 1652 1057 1703 eat
1083 1633 1323 1702 metuendum
1489 1703 1493 1709 ,

434 1740 509 1809 Νοιι
530 1738 601 1809 leve
618 1787 629 1824 ,
650 1764 692 1808 ue
717 1742 803 1810 Geta
821 1744 864 1809 ait
885 1740 976 1826 duo,
998 1743 1080 1811 aitve
1105 1741 1200 1809 nihil·
1449 1764 1520 1831 ²7⁰·

387 1845 515 1929 Instat,
540 1861 572 1912 et
593 1862 628 1912 ut
645 1843 772 1936 frangat
794 1844 885 1915 illata
908 1848 1062 1939 repagula
1083 1864 1225 1938 portae,

434 1953 589 2020 Concutit
611 1954 694 2019 irata
717 1952 830 2023 limina
856 1953 965 2024 clausa
987 1979 1095 2022 mauu·

389 2057 546 2144 Clamat,
569 2058 646 2126 ades
666 2061 724 2151 qui
749 2085 828 2130 voce
849 2061 951 2131 resera
978 2079 1011 2130 et
1033 2084 1172 2152 corpore
1185 2060 1331 2143 ceum,

432 2166 583 2233 Postibus
602 2168 789 2258 oppositam
813 2192 933 2260 quaeso
960 2167 1083 2260 repelle
1106 2191 1223 2237 aeram·

387 2274 433 2341 Ut
463 2271 617 2358 videam,
637 2297 704 2341 nou
730 2291 767 2343 ιιι
789 2276 951 2362 rubeam,
978 2273 1103 2343 loribus
1124 2273 1353 2358 semiclausis,
1446 2268 1519 2352 ²7⁵·

431 2374 570 2444 Aemula
594 2377 621 2443 ai
645 2377 707 2444 tibi
728 2380 793 2445 aiut
816 2377 959 2447 vultibus
985 2403 1043 2446 ora
1068 2379 1157 2445 meir.

387 2523 454 2662 N
457 2618 499 2660 ou
519 2592 591 2677 aic,
617 2589 720 2659 Arcas
742 2591 815 2675 eit,
834 2614 898 2660 nou
922 2609 969 2661 eat
990 2590 1062 2660 leve
1092 2588 1205 2660 fallere
1225 2591 1350 2660 Getam

428 2694 491 2763 Cui
513 2694 619 2774 libet;
644 2695 768 2761 intrare
786 2695 818 2761 vi
838 2697 976 2785 nequit,
998 2711 1069 2761 arte
1090 2716 1198 2782 parea·

383 2799 447 2866 llic
474 2814 591 2892 rogat,
613 2796 670 2865 ille
689 2815 809 2888 neget,
834 2798 889 2865 hic
909 2801 1031 2883 instat,
1054 2815 1087 2864 ιιι
1112 2796 1169 2865 ille
1188 2798 1349 2888 repellit,

427 2905 563 2976 Viribus
583 2922 744 2991 utuntur,
768 2903 884 2973 fortior
907 2903 1011 2973 Areae
1029 2905 1128 2972 adeat.
1443 2894 1518 2959 ²8⁰·

382 3012 491 3104 Iurgia
517 3013 752 3097 commiscent,
777 3014 928 3104 poetique
950 3010 1084 3079 adnixus
1105 3015 1218 3078 inanes

426 3118 549 3186 Fundit
570 3120 605 3184 iu
627 3121 809 3209 oppositum
833 3120 934 3186 tristis
957 3137 1094 3210 uterque
1114 3119 1229 3185 minas.

382 3222 512 3291 Clamat
538 3225 649 3308 Geta,
673 3247 779 3290 aeram
803 3226 886 3314 poeti
907 3224 941 3290 ui
966 3222 1143 3314 dempserit
1166 3221 1274 3308 ultro,

425 3329 592 3412 Pessime,
614 3330 679 3395 iam
700 3329 785 3396 vires
810 3329 937 3396 noverit
962 3351 1039 3396 ecce
1063 3353 1162 3395 meas.

380 3433 483 3500 Deme
510 3458 615 3501 seram
641 3433 722 3523 poeti
744 3432 856 3518 celer,
878 3435 1054 3523 improbet
1079 3436 1111 3501 ni
1134 3437 1199 3501 cito
1223 3434 1378 3523 pandat,
1444 3436 1521 3507 aut.

425 3542 578 3608 Protinus
606 3542 753 3630 opposito
774 3542 872 3606 ianua
895 3539 979 3609 suste
999 3540 1104 3608 cadet

380 3647 497 3735 Turpe
516 3644 600 3713 mihi
622 3645 789 3714 cumulare
814 3670 926 3737 preces
958 3650 1015 3736 qui
1037 3670 1152 3737 cogere
1169 3668 1320 3741 paetum.

426 3751 514 3837 Quid
537 3750 615 3820 lacis
642 3747 836 3823 Alcmena?
858 3775 956 3843 surge
978 3750 1115 3818 reclude
1138 3750 1287 3821 domum.

379 3856 495 3945 Turpe
515 3853 554 3922 fit
579 3857 673 3923 uxori
698 3880 764 3924 nou
788 3879 959 3924 occursare
985 3857 1101 3937 marito

422 3964 509 4030 Dum
531 3961 643 4047 redit;
665 3985 742 4031 ecce
767 3980 841 4030 tuue
865 3961 980 4031 limina
997 3963 1079 4043 Geta
1102 3978 1200 4030 teuet.
