3382 5206
734 577 777 627 DE
801 581 984 634 tuvxmto..
1281 588 1326 667 71

334 712 419 769 nato
432 693 560 768 venire
575 688 709 791 possint
721 719 732 784 ;
743 690 839 790 quod
857 690 1100 792 quia'certum
1114 721 1188 767 non
1204 693 1361 791 babent,

334 817 526 917 nequiter·
546 812 696 887 omnino
716 813 879 885 refutant
900 810 961 914 (a).
979 810 1055 885 Sed
1073 815 1177 888 nobis
1191 816 1291 891 aliud
1309 816 1365 892 vi?

332 939 443 1012 detur
469 958 547 1010 esse
573 933 847 1033 nequicquam,
867 931 967 1006 aliud
991 934 1188 1032 nequiter:
1208 937 1358 1039 nequic-

333 1085 445 1158 quam
471 1056 571 1132 enim
601 1081 666 1154 pro
691 1054 770 1126 sine
799 1080 905 1126 causa
933 1052 988 1125 vel
1019 1054 1151 1127 frustra
1184 1055 1360 1156 intellegi·

334 1195 396 1251 tur
415 1207 426 1273 3
445 1176 616 1278 nequiter
636 1201 722 1247 vero
746 1172 791 1247 ad
810 1172 916 1272 peius
934 1172 1084 1272 prolicit.
1104 1173 1221 1248 Multi
1250 1177 1359 1252 etiam
1445 1242 1455 1259 ,

329 1312 516 1397 quaerunt
539 1353 549 1384 ,
578 1320 691 1395 quare
705 1291 789 1392 qui·
804 1291 843 1362 in
868 1289 987 1364 medio
1008 1291 1118 1365 situm
1139 1293 1210 1383 sit,
1236 1310 1273 1368 et
1290 1323 1356 1396 pro

333 1441 513 1514 nequam,
532 1413 781 1514 nequicquam
793 1408 933 1506 legatur
947 1438 958 1505 3
975 1437 1060 1483 cum
1075 1411 1184 1483 etiam
1198 1439 1357 1512 nequam

332 1533 371 1604 in
394 1535 442 1633 (bl
464 1534 564 1606 omni
588 1559 673 1606 casu
693 1558 825 1628 genere
848 1547 884 1603 et
903 1557 1057 1604 numero
1079 1532 1153 1631 (c),
1175 1531 1225 1605 ita
1248 1533 1356 1608 etiam

334 1654 583 1727 adverbialiter
603 1652 741 1726 adsumi
762 1651 881 1752 possit.
909 1648 982 1725 Sed
1001 1669 1148 1753 propter
1172 1652 1357 1728 discretio-

336 1798 421 1844 nem
443 1789 588 1845 tantum
616 1773 684 1845 hoc
715 1770 1002 1845 additamentum
1035 1771 1175 1844 mediae
1203 1772 1354 1871 syllabae

333 1884 540 1989 susceptum
566 1906 627 1964 est.
659 1887 837 1963 Ceterum
862 1890 1033 1989 nequiter
1057 1905 1121 1962 aut
1146 1889 1354 1989 simpliciter

332 2041 374 2083 ex
401 2037 560 2110 nequam
588 2011 795 2111 accipiant,
824 2026 886 2083 aut
914 2039 956 2083 ex
984 2038 1060 2084 sese
1087 2012 1187 2084 nasci
1214 2011 1354 2086 intelle·

334 2151 438 2231 gant,
456 2133 541 2232 quia
559 2132 663 2205 aliter
679 2158 754 2205 non
770 2131 925 2227 habent;
945 2148 1009 2204 aut
1025 2131 1054 2204 si
1073 2132 1184 2230 magis
1199 2151 1351 2232 putent,

313 2269 316 2273 “
334 2253 480 2353 penitus
502 2269 683 2351 respuant.

413 2372 447 2446 6.
472 2371 683 2472 Requirunt
707 2372 815 2445 etiam
840 2388 966 2444 utrum
1000 2399 1041 2444 ex
1064 2372 1265 2473 participiis
1294 2373 1353 2447 ad·

332 2492 452 2564 verbia
473 2492 572 2566 nasci
591 2493 753 2592 possint3
775 2508 810 2565 et
832 2491 861 2564 si
890 2491 1025 2591 possint
1048 2546 1058 2580 ,
1084 2492 1213 2591 quibus
1243 2494 1352 2592 parti·

334 2611 463 2710 cipiis,
485 2628 611 2684 utrum
630 2638 673 2684 ex
696 2610 863 2684 omnibus
887 2638 934 2682 an
955 2638 997 2683 ex
1023 2609 1213 2708 aliquibus.
1234 2610 1351 2712 Spon-

329 2730 397 2802 deo
424 2729 571 2830 quidem
595 2752 652 2803 me
681 2730 787 2802 etiam
811 2727 927 2830 palam
957 2729 1124 2802 omnibus
1148 2729 1274 2828 peritis
1296 2758 1351 2804 or·

331 2853 384 2923 bis
409 2852 677 2950 professurum,
698 2850 795 2951 quod
816 2848 981 2923 adverbia
1011 2878 1051 2922 ex
1077 2851 1277 2952 participiis
1296 2852 1350 2925 in·

328 2969 538 3041 dubitanter
551 2968 708 3042 veniant.
722 2966 763 3040 Si
780 2984 904 3040 autem
915 2969 1105 3067 quaeritur
1124 2996 1166 3040 ex
1185 2998 1256 3069 quo
1272 2997 1350 3070 par-

328 3089 450 3188 ticipio
469 3147 478 3178 ,
500 3089 619 3162 dicam
637 3106 678 3162 ut
703 3107 870 3189 expertus
897 3116 977 3161 sum
1000 3090 1113 3189 ,quia
1141 3118 1182 3162 cx
1206 3090 1348 3190 partici-

328 3209 387 3308 pio
423 3211 591 3308 temporis
618 3209 806 3309 praeteriti
837 3207 1029 3283 cuiuslibet
1054 3209 1154 3281 verbi
1182 3210 1348 3283 adverbia

330 3343 534 3400 sumuntur.
551 3325 605 3399 Ex
621 3327 761 3399 duobus
782 3343 901 3398 autem
918 3324 1043 3397 suturis
1062 3327 1262 3427 participiis
1281 3329 1349 3403 ori-
1435 3313 1441 3325 ’

327 3448 448 3544 ginem
476 3448 525 3546 (d)
555 3447 716 3519 adverbia
746 3446 965 3545 sumpsisse,
996 3448 1273 3544 comprobatur:
1298 3451 1349 3522 di-

328 3568 441 3639 cimus
466 3567 563 3639 cnim
585 3566 758 3640 docenter
780 3567 959 3666 sapienter
984 3566 1162 3638 instanter
1186 3596 1350 3667 perseve-

328 3705 458 3761 ranter.
480 3685 709 3787 Quamquam
730 3689 933 3761 secundum
955 3685 1187 3784 Galbungum
1209 3718 1250 3762 ex
1270 3719 1349 3791 par·

327 3807 450 3906 ticipio
470 3807 668 3904 praesentis
681 3807 850 3906 temporis
865 3806 970 3879 activi
985 3807 1081 3879 verbi
1100 3809 1194 3880 sumi
1215 3811 1349 3886 abnua-

392 3994 428 4054 (ι)
446 3995 633 4055 (lod-resteterit,
667 3999 706 4057 (b)
725 3997 853 4040 (lod-sicu!
870 4005 901 4038 ιἠ.
936 3997 972 4057 (a)
991 3999 1192 4048 cadumum.
1225 4001 1266 4061 (d)
1287 4001 1345 4051 cod,

332 4079 466 4130 per-deornm
484 4091 524 4131 pru
540 4080 664 4130 originem.
