3382 5206
344 565 415 639 226

318 694 361 750 liis
379 711 440 752 octo
456 697 546 753 formis
564 700 728 753 definiuntur
755 709 819 751 tsn-

317 798 374 841 tnnr
392 806 443 841 ·us·
463 805 520 842 eus·
540 806 598 842 eus·
612 788 662 841 ius·
682 806 740 841 uus·
760 806 818 840 uus·

322 894 407 931 ‘⁰⁸⁸0‘

480 962 524 1021 50·
545 982 580 1017 ns
604 980 659 1018 0ns·

356 1051 543 1121 Quaecumque
577 1051 684 1104 nomina
718 1049 822 1118 generis

322 1137 443 1192 feminini
473 1139 591 1193 ablativo
620 1155 681 1189 casu
716 1136 819 1190 nrrmcri

322 1228 463 1296 singularis
476 1249 511 1281 ·o·
527 1228 618 1281 littere
630 1228 823 1282 terminantur.

322 1328 350 1370 et
369 1318 532 1371 nominativo
552 1334 613 1368 cusu
634 1315 736 1368 numeri
763 1318 820 1367 sin-

322 1405 421 1473 gularis
441 1422 492 1458 ms·
517 1403 616 1458 litteris
642 1413 702 1473 post
729 1419 821 1453 conso·

324 1504 430 1547 nantem
449 1493 633 1549 deliniuntur.
658 1501 687 1542 ut
704 1499 768 1558 putu
788 1486 822 1540 eb

323 1582 373 1635 hac
383 1599 513 1653 cupresso.
523 1580 587 1632 haee
597 1597 743 1651 cupressus.
758 1577 821 1627 haec

324 1671 358 1724 sd
384 1670 435 1725 hoc
462 1669 609 1740 exemplum
638 1666 819 1719 declinentur.

323 1760 431 1814 llumcri
449 1758 609 1827 singularis.
632 1754 697 1807 haec
716 1771 819 1824 cupies

324 1864 388 1903 sus.
414 1847 495 1899 huius
519 1843 653 1916 cupressi,
679 1841 741 1894 huic
768 1861 820 1894 cu-

325 1954 437 2009 presso,
455 1935 525 1987 hanc
542 1950 694 2004 cupressum
710 1969 717 1988 .
737 1951 754 1986 o
772 1950 824 1985 cu-

324 2043 429 2097 presso.
449 2023 483 2076 nb
502 2024 551 2075 hec
569 2040 697 2093 cupressu
719 2022 819 2074 Nume-

323 2113 346 2166 ri
373 2111 503 2183 pluralis.
524 2111 575 2164 hee
603 2110 740 2180 cupressi,
770 2109 822 2160 hn-

325 2218 382 2252 rum
401 2217 597 2270 cupressorum.
617 2198 658 2250 his
677 2196 821 2266 cupressis.

325 2287 373 2341 ln
392 2300 545 2357 cupressos.
573 2304 590 2339 o
623 2284 764 2354 cupressi.
788 2281 822 2333 ab

325 2375 368 2429 liis
394 2374 533 2445 cupressis·
564 2373 606 2424 Sic
625 2382 653 2425 et
671 2370 724 2423 nlia
745 2386 822 2435 gene·

325 2464 361 2517 ris
379 2461 499 2515 feminini
515 2460 640 2514 nomine.
659 2474 728 2527 quae
747 2454 822 2507 ablu-

326 2553 382 2606 tivo
413 2569 475 2604 casu
501 2548 601 2602 numeri
622 2545 763 2613 singularis
784 2564 820 2599 ·o·

324 2640 414 2692 littero
431 2637 624 2691 terminantur.
639 2646 666 2687 ct
686 2633 824 2686 nominati·

327 2745 360 2780 vo
385 2742 448 2777 cusu
474 2720 576 2776 numeri
604 2720 745 2786 singularis
771 2735 823 2769 ·us·

330 2813 427 2868 littoris
458 2821 518 2883 post
546 2818 731 2862 consonantem
757 2805 825 2857 defi-

330 2902 460 2956 niuntur.
483 2896 517 2949 nd
541 2894 688 2965 exemplum
707 2891 824 2963 cupressi

327 3006 374 3061 per
405 3002 492 3040 omnes
521 3001 616 3036 casum
647 2980 823 3033 declinantur.

365 3078 442 3131 Nunc
459 3075 487 3126 in
506 3074 556 3124 linc
568 3070 750 3143 suprascripte
771 3068 824 3123 lor-

329 3183 370 3217 mn
381 3165 430 3216 linc
444 3179 586 3216 monemus,
596 3159 669 3230 quod
681 3158 731 3212 hoc
745 3175 826 3209 unum

329 3273 421 3307 nomen
435 3263 538 3305 tautum
553 3250 735 3319 repperiatur,
754 3247 825 3318 quod

331 3352 437 3412 proptor
463 3338 591 3418 ratipuem
612 3353 733 3388 sonorum
753 3351 827 3399 geue·

328 3441 384 3483 tivo
405 3467 411 3480 .
442 3427 554 3481 dativo,
578 3434 606 3476 et
623 3422 745 3474 vocativo
764 3437 825 3471 casu

328 3519 428 3569 numeri
446 3511 587 3578 singularis
599 3547 606 3567 .
625 3527 671 3562 ncc
685 3527 737 3560 non
748 3520 775 3559 et
783 3525 828 3558 no·

327 3616 479 3663 ‚nrinotivm
503 3599 614 3654 dativo.
635 3596 755 3648 vocativo
771 3631 778 3651 ‚
801 3603 828 3645 et

327 3695 444 3746 ¹oblntiwi
458 3708 519 3740 cusu
543 3687 644 3739 numeri
660 3685 780 3756 pluralis,
790 3684 829 3736 sic

329 3783 445 3834 mummio
455 3779 635 3829 confirmatum
645 3774 680 3826 sit
691 3773 827 3829 declinari.

329 3870 355 3920 id
367 3881 406 3938 cst
427 3867 506 3917 liuius
518 3863 627 3922 domus,
648 3859 711 3912 huic
721 3860 810 3911 domui
821 3895 844 3945 .-

328 3980 344 4012 ο
362 3960 473 4016 domuss
492 3955 543 4006 hue
564 3954 679 4006 domus.
710 3952 752 4003 liis
779 3951 828 4002 do-

330 4048 433 4103 mibus.
451 4066 466 4100 o
484 4046 597 4101 domus,
617 4042 651 4093 ub
670 4043 711 4095 his
739 4041 829 4095 domi-

584 589 841 639 autumemus
869 591 1000 640 VATlCA
1012 592 1077 639 NUS

873 698 937 751 bus:
952 711 980 751 nt
1010 717 1073 752 vcro
1095 719 1140 768 per
1152 706 1252 758 ceteros
1266 721 1365 761 eunus

874 787 908 837 nd
922 804 1014 839 sonum
1031 789 1145 857 cupressi
1164 789 1261 844 debent
1286 793 1374 846 decli·

873 874 941 926 nuri.
961 874 1038 926 Nunc
1061 893 1114 942 qus
1128 875 1161 928 dc
1178 893 1258 930 cause
1277 896 1373 951 supra·

873 960 974 1013 dictum
986 979 1078 1014 nomen
1094 964 1122 1015 in
1132 965 1292 1034 supradictis
1305 968 1374 1019 casi-
1428 988 1432 995 ·

873 1049 923 1102 hus
952 1062 1059 1120 propter
1082 1069 1159 1105 sonos
1187 1054 1225 1105 sic
1250 1056 1371 1109 snomslc

875 1139 1292 1210 confirmatumsitpronuntiari.
1307 1161 1367 1196 cum

874 1226 908 1276 ud
943 1226 1011 1296 ipsos
1038 1245 1115 1279 sonos
1130 1232 1294 1289 venerimus.
1316 1232 1371 1286 illic

874 1314 923 1365 hoc
932 1327 1100 1384 conpetenter
1108 1316 1373 1374 tractabimusllune

875 1401 902 1454 in
933 1403 984 1455 bec
1004 1401 1085 1456 forme
1104 1405 1204 1471 generis
1230 1405 1371 1468 seminini.

873 1509 927 1560 qus
953 1492 1070 1545 diximus
1094 1492 1210 1547 ublntivo
1235 1513 1297 1550 cusu
1317 1517 1370 1551 nu-

875 1580 938 1632 meri
958 1580 1098 1647 singularis
1116 1581 1223 1634 nomine
1238 1601 1273 1635 -oo
1293 1582 1371 1637 litte·

876 1685 904 1717 ru
919 1667 1069 1722 terminari.
1088 1677 1116 1719 et
1137 1669 1299 1723 nominativo
1322 1688 1370 1722 cn-

872 1770 903 1805 su
922 1754 1023 1805 numeri
1041 1753 1184 1818 singularis
1204 1773 1254 1808 ·us·
1273 1757 1371 1811 litteris

873 1850 931 1909 post
958 1852 1144 1894 consonantem
1169 1842 1291 1900 definiri.
1318 1844 1369 1896 boc

873 1944 1024 1984 monemus.
1043 1929 1116 1997 quod
1131 1947 1163 1982 ex
1178 1948 1208 1983 es
1220 1930 1278 2000 plus
1290 1947 1371 1999 quum

874 2013 985 2080 triginti
1003 2014 1056 2066 duo
1066 2018 1141 2072 soni.
1160 2017 1210 2069 hoc
1220 2027 1260 2068 est
1286 2035 1367 2088 quum

876 2101 986 2165 triginta
1014 2100 1068 2154 duo
1086 2104 1209 2161 nomine,
1229 2124 1282 2158 non
1309 2125 1373 2177 pos·

875 2200 930 2242 sint
949 2190 1081 2244 exhiheri.
1101 2194 1141 2245 De
1165 2192 1247 2247 l'orrne
1272 2197 1375 2263 generis

876 2279 1016 2336 seminini,
1037 2299 1090 2350 qun
1102 2279 1219 2336 ablativo
1237 2301 1300 2336 casu
1320 2303 1372 2338 nu·

875 2369 939 2421 meri
950 2369 1090 2436 singularis
1101 2373 1208 2424 nomine
1224 2393 1262 2426 σο·
1283 2374 1374 2428 litters

875 2456 1067 2513 terminentur,
1087 2469 1114 2510 ct
1132 2459 1295 2514 nominativo
1312 2479 1374 2516 casu

876 2544 977 2596 numeri
998 2544 1140 2610 singularis
1154 2563 1204 2598 ·us·
1221 2545 1318 2601 litteris
1333 2567 1376 2602 un·

877 2642 902 2684 te
913 2645 1098 2687 consonantem
1108 2634 1282 2692 deliniuntur.
1292 2655 1375 2706 quan·

877 2729 933 2772 tum
952 2720 1173 2792 retroposcebst.
1193 2726 1374 2779 tractavimus·

877 2890 920 2950 51.
934 2911 969 2948 nr
982 2912 1055 2950 uns·
1072 2913 1133 2951 sus·
1151 2913 1206 2950 ms·
1225 2915 1286 2952 ons·
1309 2917 1373 2954 nus·

913 3069 1099 3138 Quaecumque
1107 3069 1213 3122 nomina
1230 3071 1332 3136 generis
1344 3071 1377 3126 lc·

879 3160 972 3211 minini
992 3159 1108 3213 ablativo
1132 3177 1194 3212 casu
1208 3163 1310 3214 numeri
1323 3163 1378 3214 sin·

879 3247 978 3312 gularis
1004 3267 1039 3300 ·o·
1070 3247 1160 3301 litters
1179 3249 1375 3307 terminentur.

879 3342 907 3386 et
926 3334 1091 3388 nominativo
1117 3353 1179 3388 casu
1200 3337 1300 3389 numeri
1319 3338 1377 3391 sin-

880 3424 977 3490 gularis
995 3424 1183 3494 suprascriptis
1202 3424 1290 3478 lormis
1310 3428 1377 3480 defl-

880 3512 1011 3570 niuntur.
1033 3513 1098 3567 hacc
1113 3531 1220 3584 pcrruro
1237 3531 1315 3568 sonos
1339 3515 1376 3568 el-

881 3602 989 3657 ficiunt,
1022 3613 1050 3654 ct
1077 3601 1136 3654 idco
1169 3603 1218 3654 hoc
1245 3619 1379 3656 monemus

880 3701 912 3741 ut
924 3690 987 3741 liuec
999 3707 1068 3760 quac
1082 3700 1183 3760 reporta
1199 3688 1313 3748 luerint,
1326 3691 1377 3744 sal·

880 3796 913 3829 vo
930 3795 1022 3843 genere
1039 3797 1104 3836 suo,
1120 3778 1263 3831 adsimiles
1283 3779 1378 3834 lormes

881 3866 982 3931 generis
1000 3866 1140 3918 masculini
1156 3865 1334 3919 declinentur.
