3382 5206
364 600 414 692 4⁰
734 619 884 668 rrrsrors
903 621 952 670 ur.

336 731 487 832 partium
513 787 522 818 ‚
544 757 632 829 quae
654 746 733 803 octo
752 747 834 803 sunt
858 788 867 820 ,
888 757 1036 805 numero
1055 760 1176 807 verum
1194 762 1266 809 csse
1287 764 1349 811 no-

336 852 507 951 rerimu83
524 876 646 924 verum
665 850 747 950 quis
766 853 913 925 verbum
923 852 1137 928 multimodis
1151 858 1196 955 (a)
1206 883 1246 929 ac
1263 856 1352 930 mul·

333 972 459 1046 tifarias
484 970 588 1044 habel
611 971 796 1044 sententias
828 1029 838 1061 ,
864 970 1072 1046 Terentium
1096 1003 1169 1048 non
1198 978 1352 1076 oportuit

332 1092 503 1169 contraire
531 1089 732 1163 doctoribus
758 1090 819 1162 has
846 1088 941 1162 ·Xll·
954 1109 1066 1190 partes
1091 1094 1196 1167 verbo
1224 1095 1351 1169 adscri-

331 1209 527 1298 bentibus,
559 1236 643 1309 quas
670 1208 738 1280 nisi
761 1206 911 1305 legitime
940 1209 1234 1308 adprobaverint,
1262 1232 1349 1287 tunc

331 1325 608 1428 reprehendendi
628 1343 710 1400 sunt
729 1355 769 1400 ac
788 1326 1016 1427 discerpendi.

359 1429 366 1446 ⁸
410 1445 444 1526 5.
465 1444 583 1521 Status
601 1447 707 1544 igitur
724 1447 820 1519 verbi
838 1446 895 1521 hie
916 1464 967 1521 est
978 1505 988 1537 ‚
1000 1449 1094 1548 quod
1111 1451 1222 1523 omnis
1240 1451 1347 1525 dictio

332 1585 436 1668 atque
455 1556 542 1640 ratio
561 1563 804 1639 vel=sententia
823 1593 934 1666 usque
954 1566 996 1638 ad
1016 1568 1110 1644 verbi
1136 1569 1348 1643 locutionem

329 1688 489 1763 differtur
512 1745 522 1778 ,
543 1702 578 1759 et
597 1686 850 1786 quodammodo
870 1689 1094 1764 rnutilicatur.
1115 1686 1216 1763 Sicut
1235 1720 1346 1792 usque

331 1808 375 1882 ad
390 1809 478 1907 regis
489 1805 695 1880 sententiam
706 1807 1014 1908 auctoritatemque
1025 1809 1121 1882 nulla
1135 1811 1185 1912 (b)
1198 1811 1347 1910 populus

328 1954 434 2028 prope
446 1927 498 2001 uti
506 1941 639 2026 potest,
653 1922 743 1996 nihil
754 1923 890 2024 loquela
903 1983 912 2015 ‚
927 1927 1014 1999 nihil
1026 1930 1253 2002 numerositas
1264 1958 1347 2003 con·

327 2049 510 2148 siliumque
530 2045 683 2147 perlicit3
703 2044 750 2117 ita
770 2046 873 2117 etiam
891 2049 1069 2121 universae
1091 2049 1252 2123 orationis
1271 2079 1346 2149 par-

326 2186 402 2258 tes,
421 2168 504 2242 licet
522 2192 725 2240 numerosae
745 2165 814 2238 sint
835 2184 868 2239 et
888 2166 997 2241 clarae
1018 2225 1028 2256 ‚
1049 2170 1114 2242 nisi
1134 2187 1250 2242 tamen
1269 2199 1343 2242 vcr-

325 2289 411 2362 bum
430 2288 604 2376 adsuerit,
624 2287 899 2360 infirmantur.ct
919 2287 1167 2363 nullificantur.
1179 2288 1286 2363 Unde
1308 2306 1343 2362 et

324 2424 432 2481 status
457 2407 553 2481 verbi
580 2434 599 2479 a
625 2405 804 2478 nonnullis
829 2406 937 2478 virtus
964 2424 1219 2505 nuncupatur:
1247 2409 1342 2507 quod

325 2525 540 2599 verissimum
561 2541 611 2597 est
635 2582 644 2614 ,
664 2525 745 2625 quia
766 2541 800 2596 et
819 2526 1007 2599 testimonii
1030 2527 1137 2600 virtus
1157 2528 1194 2599 in
1214 2526 1344 2600 indica-

323 2647 393 2720 tivo
414 2664 450 2719 et
470 2645 668 2746 imperativo
692 2644 745 2718 vel
773 2645 919 2718 maxime
944 2645 1091 2719 traditur
1118 2647 1254 2735 modo,
1279 2648 1341 2746 qui

324 2766 399 2839 duo
410 2765 448 2838 in
459 2766 554 2840 verbi
570 2765 723 2839 oratione
745 2763 931 2836 firmissimi
950 2763 1118 2838 dicuntur
1136 2765 1239 2840 modi.
1254 2763 1341 2859 Qui·

324 2885 405 2959 dam
424 2902 551 2959 statum
570 2885 666 2959 verbi
685 2885 781 2957 hunc
802 2912 874 2956 esse
894 2883 1129 2975 dicunt‚cum
1143 2887 1255 2958 solum
1266 2914 1341 2958 ver-

322 3007 408 3080 bum
428 3007 501 3080 sine
521 3006 594 3080 ullo
612 3005 752 3078 alterius
771 3006 876 3105 partis
896 3005 1058 3079 orationis
1082 3005 1283 3078 adiumento
1305 3035 1338 3078 e-

324 3126 471 3215 dicitur,
491 3143 531 3199 ut
545 3154 608 3224 ego
620 3123 717 3222 lego,
738 3142 774 3197 et
786 3125 887 3214 dico,
908 3141 943 3197 et
954 3124 1035 3198 dixi.
1057 3121 1163 3217 Quod
1178 3125 1207 3196 si
1225 3126 1271 3198 ita
1287 3128 1335 3226 (c)

321 3263 373 3320 est
394 3301 404 3336 ,
424 3246 485 3319 uhi
504 3245 611 3318 virtus
631 3243 806 3344 apparebit
828 3300 838 3334 ,
863 3244 893 3317 si
920 3272 1019 3343 agere
1050 3245 1196 3318 verbum
1222 3245 1337 3318 visum

319 3395 393 3441 non
413 3364 673 3440 sueritPVirtus
687 3365 781 3437 enim
800 3365 895 3438 verbi
915 3366 1015 3438 activi
1035 3393 1107 3439 non
1126 3365 1166 3438 in
1180 3367 1247 3440 hoc
1261 3383 1336 3439 tan·

321 3505 397 3561 tum
416 3484 613 3584 agnoscitur
636 3541 646 3575 ‚
666 3483 760 3585 quod
780 3483 893 3584 ipsum
911 3486 1055 3558 verbum
1079 3485 1116 3557 in
1147 3486 1241 3559 omni
1261 3514 1334 3559 ora-

321 3607 415 3680 tione
443 3607 594 3707 primum
618 3605 780 3706 loquatur
803 3662 814 3694 ‚
838 3631 959 3679 verum
985 3605 1088 3679 etiam
1115 3633 1197 3679 cum
1224 3606 1336 3680 activo

320 3725 458 3798 haereat
477 3723 581 3796 casui.

393 3841 427 3916 6.
446 3838 503 3913 De
519 3842 585 3916 hoe
600 3859 688 3916 statu
704 3842 831 3914 librum
849 3842 1137 3940 elegantissimum
1148 3870 1249 3942 supra
1262 3843 1334 3917 dic-

408 4018 501 4084 (0112
520 4023 569 4068 tud.
594 4035 620 4069 ut
637 4032 715 4075 retro,
732 4039 775 4068 uon
796 4023 956 4070 nttrlte'modas·
1013 4020 1096 4089 (1,)Ῑᾶ
1117 4035 1153 4071 est
1170 4031 1325 4072 auctoritate.

328 4093 364 4158 (t)
382 4098 437 4144 dud·
457 4099 505 4152 stt.
