3382 5206
735 523 788 594 π’
804 548 943 597 norrun
964 518 972 531 ⁶
1278 553 1325 627 ¹9

337 680 455 737 autem
473 659 630 742 dicimus
660 674 700 730 ut
726 657 881 730 sciamus
903 712 915 747 ‚
941 656 1027 758 quid
1060 656 1105 730 sit
1129 660 1353 740 accusativus

334 782 377 857 de
403 808 531 881 genem
562 776 771 859 masculino.
792 758 863 850 H'ic
884 776 1109 852 accusativus
1136 806 1239 855 casm
1265 799 1350 874 eat,

330 901 486 1002 quinon
505 925 655 998 graecus
676 893 737 969 sed
757 894 890 969 latinus
913 951 923 985 ,
949 923 1023 970 non
1042 896 1176 971 dubius
1201 898 1263 974 aed
1280 900 1349 976 ior·

332 1020 376 1096 tis
394 1036 430 1094 et
449 1016 586 1093 stabilis
605 1046 616 1094 a
641 1017 775 1091 etenim
792 1043 940 1114 graecus
958 1018 1180 1094 accusativus
1207 1035 1278 1094 tam
1297 1019 1350 1094 in·

330 1155 449 1215 certus
468 1153 524 1212 est
544 1153 581 1213 et
600 1154 674 1224 tam
691 1137 901 1226 obscurus,
928 1153 971 1212 ut
991 1153 1115 1213 utrum
1139 1138 1188 1212 sit
1203 1165 1348 1215 accusa·

329 1257 421 1333 tirus
439 1282 486 1331 an
505 1253 617 1344 alius,
628 1252 773 1330 nonnisi
792 1281 857 1355 per
874 1255 1023 1350 verbum
1033 1282 1140 1354 agens
1159 1256 1262 1332 facile
1273 1259 1349 1360 pdo-

329 1379 376 1455 sit
392 1376 538 1476 agnosci
550 1374 665 1452 :unde
685 1391 723 1448 et
742 1373 846 1448 multi
865 1392 1071 1449 nostrorum
1083 1403 1148 1475 pro
1165 1376 1350 1476 explanan-

327 1497 382 1573 dis
392 1520 543 1571 casuum
551 1492 851 1569 declinationibus
861 1493 1008 1570 latinam
1021 1495 1179 1593 regulam
1194 1496 1233 1570 in
1253 1520 1348 1594 grae·

330 1616 381 1694 cis
400 1633 607 1716 extorquere
630 1616 676 1714 (a)
698 1613 887 1688 voluerint
913 1612 1050 1712 Regula
1068 1631 1189 1690 autem
1206 1641 1349 1706 accusa·

328 1736 390 1812 tiri
410 1763 514 1820 casus
531 1726 634 1809 latini
652 1735 740 1808 baec
759 1734 849 1825 erit,
863 1753 905 1809 ut
923 1735 1219 1838 quotiescumque
1240 1735 1279 1811 in
1292 1759 1348 1811 m·

328 1854 433 1933 luerit
450 1856 685 1952 terminatus(
700 1871 845 1954 propter
866 1854 967 1930 illum
986 1855 1230 1933 accusativum
1239 1882 1348 1958 quem

327 2000 427 2073 saepe
448 1989 486 2045 et
505 1974 588 2047 trito
608 1972 764 2046 diximus
784 1998 969 2061 sermone,
990 1970 1025 2044 id
1046 1989 1100 2046 est
1120 1972 1217 2047 illius
1235 1973 1348 2048 nomi·

329 2093 385 2170 nis
403 2093 499 2193 quod
520 2092 739 2195 productum
758 2096 828 2191 est)
844 2092 894 2190 (bl
908 2109 944 2165 et
963 2090 1200 2190 monsyllabus
1219 2092 1290 2185 sit,
1304 2110 1346 2170 ut

330 2240 409 2313 spes
426 2213 501 2313 spei
521 2239 620 2314 spem
641 2269 652 2302 ,
677 2239 732 2285 res
751 2211 801 2283 rei
831 2236 937 2298 rem,
964 2226 999 2284 et
1020 2228 1135 2284 cetera
1163 2213 1175 2311 (
1187 2212 1346 2312 exceptis

329 2334 557 2434 iuquamiol
579 2331 775 2407 necessario
795 2330 992 2406 brevietur:
1011 2358 1053 2422 ac
1075 2331 1111 2407 iu
1125 2332 1345 2436 oblinitus,

330 2471 474 2554 excepto
495 2452 661 2526 sii-ante
680 2448 842 2523 habuerit
865 2505 875 2536 ‚
902 2449 1131 2548 producatur.

413 2572 468 2649 16.
495 2569 568 2645 Sed
588 2570 671 2670 quia
692 2586 762 2642 tam
783 2567 886 2641 multi
906 2596 978 2641 non
1000 2567 1160 2642 modode
1175 2569 1347 2644 accusati·

254 2737 257 2740 >
328 2723 369 2767 vo
389 2722 473 2767 casu
494 2750 509 2779 ,
528 2691 589 2766 sed
608 2691 652 2764 de
672 2691 839 2764 omnibus
859 2689 999 2762 casibus
1019 2689 1055 2761 in
1079 2688 1347 2768 metrorumde·
1416 2688 1419 2702 i

329 2811 508 2886 mensione
531 2825 727 2883 tractarunt
750 2865 760 2895 ‚
786 2835 850 2904 ego
877 2807 920 2880 ad
951 2809 1059 2881 finem
1089 2807 1239 2882 huiusce
1271 2825 1345 2882 ten-

329 2932 415 3004 ‹lens
435 2929 617 3030 epistolae,
633 2928 877 3030 quaestionem
896 2953 1003 3026 quam
1021 2927 1185 3002 nonnulli
1205 2954 1277 3000 nou
1299 2929 1346 3003 la·

330 3047 431 3119 cilem
454 3048 501 3146 (c)
526 3045 767 3146 praeterierint
791 3101 801 3132 ‚
822 3061 863 3117 ut
883 3043 1068 3117 difficilem
1086 3062 1192 3146 atque
1218 3045 1344 3120 obscu-

329 3194 401 3240 ram
421 3167 607 3240 eventilare
629 3184 823 3265 utcumque
845 3165 1008 3238 conabor.
1026 3163 1144 3239 Miror
1164 3192 1245 3263 ergo
1260 3193 1346 3266 quo·

329 3288 430 3360 modo
449 3286 587 3361 caelum
611 3285 766 3358 nuncin
789 3284 917 3357 scholis
945 3282 1153 3359 Latinorum
1176 3286 1346 3370 neutrali-

328 3423 382 3480 ter
401 3405 571 3503 singulari
591 3430 738 3477 numero
757 3402 978 3493 declinetur,
998 3403 1091 3476 etin
1111 3403 1240 3504 plurali
1258 3430 1345 3479 maa·

328 3526 472 3621 culin03
492 3552 577 3598 cum
597 3526 662 3597 hoc
681 3540 814 3596 veteres
834 3551 902 3598 nec
923 3524 1110 3598 habuerint
1131 3525 1167 3597 in
1188 3552 1258 3599 usu
1276 3553 1343 3604 neo

326 3648 468 3721 ornniuo
487 3645 668 3728 audierint
689 3674 698 3721 ι
724 3644 822 3717 nulla
842 3644 937 3718 cuim
963 3645 1096 3718 ratione
1124 3646 1266 3720 delendi
1286 3675 1346 3750 po·

389 3845 427 3908 (ι)
443 3851 481 3891 lta
498 3845 549 3890 eod.
589 3837 630 3903 (b)
646 3844 746 3888 Additur
763 3846 784 3886 in
802 3844 851 3888 eorl.
862 3846 976 3894 asueru,
994 3843 1016 3886 id
1033 3851 1069 3887 cst
1084 3844 1203 3890 haesura.
1215 3851 1286 3910 Atqui
1303 3858 1342 3894 ιο.

330 3933 367 3969 tns
384 3927 419 3969 bic
435 3925 499 3969 lucau
513 3923 553 3969 vel
564 3926 685 3970 mendosus
697 3927 725 3967 ds
738 3938 814 3976 more,
831 3922 868 3969 sel
887 3927 1039 3986 perobscurus
1055 3931 1099 3968 ast·
1131 3924 1169 3988 (e)
1187 3933 1245 3974 κω
1262 3934 1339 3989 psum

328 4001 430 4046 mulli
438 3999 526 4064 facile
541 3995 742 4058 praeterierint?
