3382 5206
734 614 776 657 nt
813 612 965 658 nonina.

324 733 381 792 post
422 742 459 772 ·u·
490 722 604 773 litteram
630 719 813 773 defluuntur,

326 820 455 877 tyrrauturu
475 809 544 859 ratio
556 807 694 877 poscebat.
716 816 816 857 tracta-

331 902 422 950 rimus·

451 983 495 1048 48.
524 1004 558 1038 aa
581 1002 671 1049 ⁸Qnrs·

362 1077 547 1142 Quaecumque
577 1076 683 1125 nmuina
718 1073 819 1135 gcueris

328 1165 465 1216 masculini
486 1163 601 1214 ¹rlrlativu
630 1180 692 1213 casu
719 1162 819 1212 numcri

328 1254 466 1321 singularis
477 1276 513 1302 m·
524 1254 613 1304 littura
626 1252 801 1305 terminantur
813 1285 821 1306 ι

329 1352 357 1392 rt
376 1341 540 1393 nominativo
558 1357 620 1391 casa
640 1340 740 1390 numeri
763 1340 821 1389 sin-

329 1427 426 1493 gularis
436 1445 524 1495 ·quus·
534 1425 636 1494 syllaba
646 1426 821 1481 definiuntur,

330 1528 359 1568 ut
371 1529 435 1586 puta
443 1515 476 1566 ab
486 1517 535 1569 hoc
545 1533 623 1584 equo,
637 1515 770 1583 hiceqaus
779 1513 821 1583 (r)

330 1603 394 1655 hacc
407 1604 442 1654 ad
459 1603 508 1655 hoc
528 1602 675 1672 exemplam
689 1600 822 1651 declinan-

330 1698 380 1739 tur·
393 1689 498 1740 Nuurcri
508 1687 661 1753 singularis,
670 1685 714 1737 bic
727 1702 821 1754 equus·

331 1774 410 1825 buius
441 1774 502 1842 equi
524 1810 530 1830 ‚
551 1776 612 1824 huic
636 1791 723 1842 equo.
752 1773 823 1824 bunc

330 1877 443 1928 cauum,
470 1879 486 1912 ο
503 1879 588 1928 eque.
617 1859 712 1911 ubuoc
743 1876 822 1928 equo.

331 1949 438 2000 b'umcrr
459 1950 565 2016 pluralis
587 1987 592 2004 ,
617 1950 644 1998 lri
667 1948 749 2019 equi.
773 1948 822 2000 ho·

332 2057 388 2089 rum
412 2057 556 2108 equorum.
584 2040 624 2088 liis
650 2038 747 2106 cquis,
776 2038 823 2090 hus

329 2144 431 2194 equos.
454 2147 470 2177 o
494 2130 581 2194 cqui,
611 2124 645 2175 ab
669 2125 709 2176 his
737 2126 822 2192 cquis.

332 2213 374 2264 Sic
391 2225 418 2266 et
432 2215 484 2266 alra
500 2214 600 2279 gcucris
618 2213 756 2265 masculini
780 2231 823 2265 uc·

332 2303 401 2353 mina
428 2320 496 2370 quac
517 2302 632 2357 ablativo
651 2319 713 2353 casu
738 2318 822 2352 uume-

335 2392 357 2442 ri
376 2393 515 2456 singularis
526 2410 562 2443 ·o·
573 2391 664 2443 littera
684 2390 822 2443 terminan-

334 2490 391 2534 tur.
410 2491 437 2530 ct
450 2480 613 2532 nominativo
636 2496 699 2531 casu
724 2479 824 2530 numeri

333 2566 473 2631 singularis
487 2584 575 2635 ·quus·
589 2564 690 2634 syllaba
700 2564 826 2619 definiun-

337 2668 394 2713 tur,
414 2657 447 2708 arl
468 2659 613 2727 cxcurplum
631 2660 693 2727 equi
705 2677 749 2730 pcr
768 2677 825 2712 om·

335 2763 380 2797 uus
401 2763 494 2795 casuus
513 2746 689 2799 declinantur.

371 2833 447 2882 lianc
463 2834 486 2882 in
498 2833 547 2884 lmc
558 2839 736 2906 suprascripta
746 2834 827 2887 launa

337 2920 384 2972 lmc
409 2938 556 2978 muucmas,
576 2923 648 2991 quud
665 2923 719 2975 sint
739 2925 828 2994 aliqua

339 3011 442 3061 numina
476 3028 545 3079 quac
567 3011 698 3064 intculmn
723 3026 828 3083 propter

338 3110 419 3150 metra
440 3100 481 3151 vel
499 3111 645 3153 structuras
664 3120 695 3154 ex
712 3102 828 3154 allatius

338 3206 399 3238 casu
421 3188 521 3241 numeri
541 3189 682 3257 singularis
706 3212 742 3243 ιο·
766 3193 832 3244 ulti-

339 3299 408 3332 mum
423 3292 449 3333 et
469 3282 495 3332 in
526 3299 589 3331 mm.
610 3282 711 3334 litteras
725 3303 830 3336 convcr-

338 3378 413 3422 tant,
424 3378 454 3419 ut
468 3369 615 3431 genetivum
627 3386 714 3420 casum
731 3371 832 3421 umnrri

338 3455 444 3523 pluralis
455 3456 587 3513 efficiant,
607 3468 714 3527 utputa
732 3458 765 3509 ab
782 3458 832 3509 lmc

339 3563 423 3613 equo,
450 3543 544 3597 borum
571 3565 676 3614 equum·
696 3549 745 3599 Srrl
771 3548 834 3600 lmcc

338 3632 468 3699 quaesiuit
480 3635 595 3690 nomina,
605 3646 631 3686 ct
643 3653 696 3703 qua
711 3636 744 3686 ‹lc
756 3654 834 3689 causa

341 3738 372 3770 cx
385 3721 539 3788 supradicto
553 3738 614 3772 casu
629 3722 759 3774 interdurn
779 3741 835 3791 pro·

340 3824 397 3877 μιν
418 3821 498 3859 matra
520 3812 557 3858 rrl
578 3821 724 3860 structurus
746 3833 780 3861 ·u·
800 3813 834 3862 ul·

339 3909 430 3949 trurmu
450 3908 476 3948 ct
503 3916 529 3946 ru
553 3914 616 3946 urm·
637 3897 739 3951 litteras
768 3919 831 3952 cuu-

411 4085 454 4156 (r)
472 4090 525 4134 Cod·
545 4091 594 4133 lrcic
611 4099 633 4134 ct
651 4091 706 4135 alibi
723 4107 793 4150 equs.

1274 586 1342 658 225

873 728 991 772 rer-tunt,
1009 726 1039 768 ut
1053 716 1200 782 genetivum
1216 733 1306 768 casum
1323 733 1369 768 nu·

876 806 938 854 mcri
948 803 1057 874 plaralIs
1070 804 1186 856 elliciaut
1196 843 1203 861 ‚
1214 805 1264 858 lroc
1278 805 1305 857 in
1320 825 1371 859 rne-

878 894 926 944 tris
959 891 1000 943 vel
1027 904 1168 945 structuris
1203 903 1371 963 conpetenter

878 978 1059 1031 tractabimus.

914 1067 978 1118 ltcrn
999 1067 1026 1117 in
1044 1066 1095 1117 hac
1118 1067 1297 1137 suprascripta
1320 1066 1371 1121 for-

880 1172 920 1204 ma
946 1154 1110 1223 quaeritur,
1144 1174 1198 1225 qua
1228 1157 1261 1208 de
1291 1175 1371 1208 causa

878 1260 963 1310 equus
982 1259 1027 1312 pcr
1052 1259 1089 1311 ·q·
1108 1253 1137 1294 et
1151 1262 1204 1296 non
1221 1261 1268 1314 per
1281 1260 1313 1293 ιι·
1330 1243 1374 1294 lit·

879 1343 961 1383 teram
990 1327 1140 1384 scribatur?
1165 1331 1216 1383 hac
1246 1333 1279 1385 dc
1306 1349 1370 1382 cau-

880 1434 910 1469 sa
931 1453 938 1473 .
967 1418 1092 1486 quoniam
1118 1435 1300 1488 quaecumque
1326 1436 1376 1470 uo·

881 1506 951 1558 mina
973 1508 1001 1559 in
1027 1507 1149 1576 quolibet
1169 1527 1232 1562 casu
1257 1509 1284 1560 in
1312 1506 1378 1559 ulti·

881 1612 922 1645 rna
959 1593 1061 1662 syllaba
1092 1614 1139 1666 per
1180 1616 1218 1666 ·q·
1259 1596 1377 1649 litteram

879 1681 1044 1739 scribantur.
1070 1684 1134 1736 hacc
1151 1702 1198 1755 per
1216 1700 1304 1737 omnes
1328 1700 1374 1732 ca-

881 1792 946 1827 suus
967 1776 995 1828 in
1015 1776 1110 1828 ultima
1128 1776 1170 1830 rel
1198 1794 1279 1847 prope
1308 1774 1374 1826 ulti-

882 1877 945 1929 tima
975 1869 1077 1938 syllaba
1107 1887 1152 1938 per
1193 1887 1229 1938 ·q·
1259 1867 1376 1919 litteram

881 1961 1042 2016 scribuntur.
1056 1959 1131 2009 [lunc
1146 1955 1172 2008 in
1183 1955 1233 2008 hac
1244 1952 1324 2007 forma
1338 1969 1377 2016 gc·

882 2050 953 2102 ruris
963 2045 1103 2100 masculini
1114 2082 1121 2102 ,
1135 2062 1188 2112 qua
1198 2041 1314 2094 dirimas
1334 2037 1376 2089 ab·

879 2141 961 2192 latrro
980 2153 1041 2188 casu
1061 2131 1161 2188 numeri
1176 2129 1317 2198 singularis
1333 2146 1378 2179 uo·

880 2227 950 2278 mina
972 2244 1007 2278 ·o·
1021 2224 1111 2276 littera
1122 2221 1255 2274 terminari
1266 2256 1272 2275 .
1284 2230 1312 2271 et
1332 2235 1378 2270 no·

880 2315 1009 2367 minativo
1023 2329 1084 2364 casu
1107 2310 1208 2361 numeri
1233 2307 1378 2373 singularis

883 2421 972 2475 0quus·
986 2399 1087 2470 syllaba
1098 2398 1201 2450 deliniri
1210 2434 1217 2454 .
1226 2395 1276 2449 boc
1289 2412 1381 2448 monc-

883 2509 949 2545 mus.
958 2487 1029 2559 quod
1041 2505 1072 2538 ca
1087 2504 1118 2538 ea
1129 2486 1273 2554 plusquam
1285 2500 1380 2534 wu-

883 2579 960 2634 soni.
983 2577 1032 2628 lroc
1056 2586 1096 2626 est
1117 2573 1175 2643 plus
1192 2588 1271 2640 quam
1287 2585 1380 2621 maru·

885 2666 1007 2720 nomina,
1024 2663 1189 2732 nonpossint
1202 2657 1329 2713 exhiberi·
1346 2658 1383 2707 llc

886 2758 966 2809 l'orura
978 2752 1078 2820 generis
1089 2746 1228 2800 masculini
1240 2782 1247 2802 ‚
1266 2762 1320 2814 qua
1339 2744 1384 2794 ‹li-

886 2846 972 2898 ximus
991 2839 1109 2893 ablativo
1127 2856 1191 2891 casu
1210 2836 1311 2888 numeri
1329 2834 1382 2884 sin·

886 2931 984 2998 gularis
998 2927 1106 2980 nomina
1127 2945 1163 2978 ιο·
1184 2923 1274 2976 littera
1295 2919 1384 2974 termi-

887 3021 962 3076 nari,
981 3027 1008 3068 et
1026 3013 1189 3068 nominativo
1203 3029 1263 3063 casu
1282 3007 1384 3062 numeri

888 3104 1029 3172 singularis
1039 3118 1128 3171 ·quus·
1148 3096 1250 3168 syllaba
1265 3097 1384 3151 ‹lclluiri.

889 3205 1018 3267 quantum
1038 3194 1107 3244 ratio
1124 3186 1385 3269 poscebat,yracra-

890 3287 982 3340 vimus.

938 3463 982 3532 49.
1004 3477 1039 3512 na
1061 3473 1172 3512 carras
1192 3469 1339 3509 rrumrun.

893 3582 1048 3692 Feminini
1066 3631 1302 3702 genaunorum,
1321 3646 1390 3696 quac

893 3726 1011 3778 ablativo
1029 3743 1091 3775 casu
1120 3722 1221 3774 numeri
1247 3719 1391 3784 singularis

895 3837 929 3865 ·u·
948 3816 1035 3866 littera
1049 3812 1241 3868 terminantur,
1252 3807 1316 3861 haer
1347 3827 1390 3858 uu·

873 3904 1023 3955 ·ruruatirc
1041 3919 1102 3952 cusu
1122 3897 1225 3951 numcri
1251 3896 1394 3963 singularis
