3382 5206
755 594 800 640 D‘ss
829 595 985 644 norim.

352 691 409 744 tivo
427 708 488 743 casu
509 693 609 744 numeri
630 694 773 761 singularis
796 714 846 750 no·

260 838 266 848 ·
350 777 421 829 mina
440 787 503 833 dor·
523 782 563 835 vel
582 800 643 835 dor·
664 782 772 852 syllabis
796 783 845 837 dc-

350 866 440 924 finiri‚
457 881 485 922 et
504 870 534 922 in
552 890 644 937 genere
659 873 785 927 feminino
803 874 844 927 vel

351 967 444 1011 neutro
470 976 573 1012 necesse
592 978 648 1014 erse
666 965 784 1016 anomale
802 964 844 1017 rel

336 1030 339 1035 ¹
349 1063 398 1115 pro
418 1046 551 1101 locutione
571 1050 738 1119 pronuntiari
759 1088 765 1108 .
792 1050 843 1103 hoe

348 1138 497 1191 monendis.
515 1135 588 1205 quod
606 1136 712 1206 plurimi
720 1138 779 1190 roni
793 1139 842 1192 boc

348 1231 389 1270 est
420 1223 531 1291 plurima
551 1225 655 1276 nomina
671 1226 773 1295 possint
793 1243 841 1278 ea-

349 1305 451 1359 biberi:
466 1321 494 1363 at
505 1328 566 1364 vero
579 1311 612 1363 de
626 1312 721 1364 ceteris
734 1310 839 1368 formis·

346 1392 445 1461 quibus
463 1399 564 1461 generis
583 1397 721 1451 masculini
735 1399 841 1451 nomina

348 1479 467 1535 ablativo
485 1501 546 1536 casu
561 1487 660 1538 numeri
680 1486 840 1553 singularis.

349 1586 382 1621 e·
400 1570 490 1624 littera
515 1574 616 1628 scilicet
645 1587 766 1647 correpta
785 1586 840 1628 ter·

347 1660 448 1715 minata
468 1663 630 1717 nominativo
649 1663 691 1716 vel
718 1666 840 1719 vocativo

344 1764 406 1799 casu
425 1749 526 1801 numeri
538 1750 686 1818 singularis
705 1752 840 1805 definiun-

345 1846 407 1894 tur.
435 1837 485 1890 hoo
512 1837 540 1891 in
561 1839 634 1893 sonis
667 1851 837 1911 conpetenter

344 1925 528 1980 tractabimus.
547 1929 614 1981 Sane
635 1929 661 1981 in
680 1929 731 1981 hac
748 1929 837 2002 {forma

343 2013 446 2079 generis
467 2016 605 2068 masculini
619 2052 627 2074 .
643 2034 698 2086 qua
720 2015 836 2068 diximus

342 2104 508 2158 nominativo
527 2121 590 2156 casu
612 2105 716 2158 numeri
741 2105 836 2172 ringu-

342 2191 405 2245 laris
423 2193 529 2251 nomino
551 2203 612 2246 ·tor·
626 2191 729 2262 syllaba
748 2191 836 2244 tcrmi·

341 2282 416 2339 nari,
434 2280 484 2334 hoc
503 2298 661 2338 monemus.
686 2280 759 2351 quod
785 2280 835 2332 hoc

340 2388 422 2422 unum
440 2388 551 2426 nomeu.
579 2370 650 2424 idest
676 2379 798 2421 -auctor
819 2396 833 2407 ·

339 2472 447 2531 propter
464 2477 542 2513 sonos
560 2458 705 2512 communis
735 2458 835 2525 generis

338 2564 394 2601 esse
411 2557 549 2618 oporteat:
569 2549 614 2601 sed
632 2566 688 2619 qua
708 2547 741 2599 de
755 2564 835 2599 consa

339 2652 431 2695 auctor
458 2651 564 2712 propter
588 2659 665 2694 sonos
691 2640 836 2693 communis

337 2730 440 2797 generis
458 2749 515 2784 erse
533 2742 671 2802 oporteat.
686 2730 735 2782 boc
756 2730 783 2782 in
797 2749 835 2783 so·

336 2818 378 2871 nis
397 2829 568 2891 conpetenter
587 2816 770 2871 tractabimus·

389 2992 433 3050 28.
454 3011 490 3049 or
511 3012 621 3050 ornrrr
636 3012 779 3049 rrurnrno

335 3098 490 3210 Feminini
516 3153 616 3220 generis
627 3153 746 3210 uomina.
763 3170 833 3223 quae

334 3241 450 3296 ablativo
474 3259 536 3294 casn
560 3244 663 3295 numeri
689 3242 831 3310 singularis

334 3346 366 3379 ιο·
376 3329 466 3382 littera
478 3340 597 3400 correpta
608 3331 792 3387 terminantur,
804 3342 831 3383 ct

333 3427 424 3486 aptota
432 3435 488 3470 ease
498 3437 550 3469 non
561 3418 756 3488 repperiuntur,
765 3418 831 3471 haec

330 3504 364 3556 ad
393 3505 444 3557 boc
476 3505 623 3576 exemplum
654 3505 829 3574 declinantur.

333 3591 441 3643 liumeri
460 3591 621 3659 singularis.
640 3591 705 3644 haec
728 3593 803 3644 sedes
822 3630 830 3649 ‚

329 3682 412 3734 huius
430 3680 500 3743 sedis
514 3718 522 3737 .
541 3681 604 3733 huic
622 3681 697 3738 sedi.
710 3681 779 3733 hanc
790 3698 830 3733 se·

329 3768 409 3825 dem,
430 3766 551 3824 oaedes.
571 3766 668 3819 abbae
688 3768 755 3820 sede.
774 3769 831 3821 Nu-

330 3858 393 3907 useri
419 3855 557 3926 pluralis,
590 3855 640 3907 hae
658 3856 755 3913 sedes.
779 3857 828 3908 hu·

328 3963 386 3996 rum
409 3944 523 4002 sedum.
551 3945 594 3997 his
620 3943 750 4000 sedibus.
781 3946 829 3999 bas

326 4030 418 4089 aedes,
438 4051 454 4085 o
474 4031 575 4101 sedes¹
599 4030 632 4085 ab
650 4033 694 4088 his
713 4032 827 4089 sedibus.

1287 576 1356 651 205

901 698 968 749 Sane
987 697 1050 750 liano
1069 701 1170 767 generis·
1198 700 1319 754 seminini
1344 719 1394 755 no-

898 785 970 837 rnina
989 804 1060 855 quae
1079 788 1196 842 diximus
1216 789 1334 843 ablativo
1346 808 1393 843 ca·

896 887 927 922 su
946 875 1048 925 numeri
1067 876 1209 943 singularis
1239 893 1273 927 σε·
1300 877 1392 931 littera

896 971 1015 1031 correpta
1036 964 1174 1015 terminari
1194 1000 1201 1019 ‚
1232 964 1281 1016 hoc
1300 983 1392 1019 mone-

896 1063 970 1114 mur.
989 1049 1061 1116 quod
1080 1051 1262 1107 nominativo.
1281 1051 1324 1104 vel
1341 1072 1391 1106 vo·

895 1135 982 1188 cativo
1000 1153 1062 1187 casu
1078 1137 1177 1190 numeri
1189 1136 1331 1204 singularis
1345 1158 1390 1191 ra·

893 1221 941 1274 riis
975 1223 1064 1277 lorrnis
1099 1226 1271 1279 definiantur.
1314 1227 1391 1279 Nunc

893 1320 960 1378 quot
981 1312 1021 1364 vel
1038 1313 1136 1382 quibus
1151 1314 1232 1365 variis
1251 1313 1341 1367 formis
1361 1315 1389 1368 in

891 1397 1047 1467 supradicto
1063 1416 1126 1451 casu
1144 1399 1291 1471 supradicti
1310 1419 1388 1467 geno-

892 1483 929 1535 ris
957 1493 1063 1539 uomina
1089 1488 1265 1545 deliniantur,
1292 1488 1342 1543 line
1360 1495 1388 1542 in

892 1573 964 1627 souis
981 1587 1152 1646 conpetenter
1172 1577 1354 1631 tractabimus.

946 1762 991 1820 29.
1011 1767 1045 1803 nr
1073 1764 1183 1805 ornere
1210 1768 1330 1806 rroruo·

892 1865 946 1980 N
947 1926 1016 1978 entri
1048 1928 1148 1992 generis
1176 1925 1281 1980 nominu
1312 1944 1383 1997 qnae

890 2011 1007 2069 oblativa
1025 2032 1086 2068 casu
1112 2016 1213 2069 numeri
1241 2015 1382 2081 singularis

890 2119 925 2153 ·e·
949 2104 1039 2156 littora
1064 2105 1165 2157 scilicet
1182 2114 1302 2173 correpta
1328 2114 1385 2157 ter-

888 2190 1081 2249 minantur.et
1100 2204 1192 2263 aptota
1211 2192 1252 2244 vel
1272 2192 1384 2263 triptota

887 2298 943 2334 esse
962 2301 1015 2334 non
1034 2285 1236 2353 repperiuntur,
1262 2284 1328 2338 haee
1347 2286 1382 2336 ad

887 2369 939 2424 lroc
957 2372 1102 2440 exemplum
1122 2372 1301 2425 declinantur.
1330 2374 1383 2425 llu-

888 2456 950 2508 mcri
968 2457 1128 2523 singularis,
1144 2459 1194 2510 lroc
1213 2469 1320 2530 pectus.
1334 2460 1382 2512 hu-

889 2545 930 2596 ius
948 2548 1078 2615 pectoris.
1095 2547 1156 2598 huic
1177 2548 1278 2616 pectori
1297 2584 1304 2606 ‚
1332 2548 1381 2601 hoc

888 2644 996 2704 pectus.
1015 2655 1031 2687 o
1050 2646 1160 2704 pectus,
1176 2635 1209 2687 ab
1228 2636 1277 2688 hoc
1297 2648 1381 2708 pecto·

888 2741 925 2776 rc·
955 2722 1061 2774 Numeri
1090 2723 1219 2793 pluralis,
1243 2725 1308 2776 haec
1335 2744 1382 2797 pe.

888 2825 964 2868 ctora
981 2851 988 2870 .
1008 2813 1099 2864 horum
1118 2823 1269 2883 pectorum.
1283 2813 1326 2864 his
1340 2829 1381 2885 pe·-

887 2898 1022 2954 oloribus,
1042 2899 1103 2949 lraec
1123 2908 1244 2967 pectora,
1257 2918 1275 2953 0
1294 2910 1381 2971 pecto·

881 3006 934 3044 ra,
954 2985 988 3037 nb
1001 2986 1043 3038 liis
1060 2984 1221 3054 pectoribus·
1236 2984 1302 3042 Sanc
1316 2985 1381 3036 haec

885 3073 984 3140 generis
1004 3072 1090 3124 nentri
1112 3072 1232 3127 nomina.
1251 3088 1322 3142 quae
1337 3070 1382 3122 di·

883 3161 970 3212 ximus
998 3158 1114 3211 ablativo
1137 3176 1198 3209 casu
1212 3157 1314 3210 numeri
1327 3158 1382 3209 sin·

884 3248 981 3315 gulnrir
1001 3266 1034 3298 ·e·
1053 3247 1144 3298 littera
1164 3246 1267 3297 scilicet
1291 3261 1380 3296 corre-

884 3346 929 3404 pta
956 3332 1118 3387 terminari.
1148 3332 1197 3384 lroc
1223 3348 1378 3386 monemus.

884 3422 956 3492 qnod
982 3421 1166 3475 nominativo,
1193 3419 1234 3472 vel
1251 3419 1376 3475 vocativo

884 3530 946 3563 casu
957 3511 1056 3562 numeri
1076 3509 1217 3573 singularis
1231 3506 1311 3560 variis
1322 3506 1377 3559 lor-

884 3598 933 3649 nris
955 3595 1122 3647 deliniuntur.
1152 3594 1228 3643 n'une
1246 3601 1312 3660 quot
1340 3592 1379 3643 vel

882 3682 980 3753 quibus
999 3681 1079 3733 vanis
1097 3680 1188 3731 sonnis
1206 3678 1234 3730 in
1253 3679 1379 3748 supradi-

882 3771 932 3822 ctis
961 3769 1065 3820 casibus
1093 3765 1242 3836 sopradicti
1275 3765 1377 3831 generis

882 3858 987 3910 nomina
1013 3855 1195 3911 definiuntur.
1215 3853 1264 3907 hoc
1284 3853 1310 3905 in
1329 3872 1376 3908 so·

882 3946 923 3999 nis
948 3954 1117 4016 conpetenter
1142 3940 1326 3996 tractabimus.
