3382 5206
727 576 872 623 ΙΡΙΤΟΙΙΕ
898 578 928 623 X.

612 802 658 875 x.
685 801 751 877 oo
777 800 954 877 vitono.
984 812 1037 901 (t)

316 952 524 1123 Memini
553 1068 634 1127 me,
663 1068 748 1114 cum
771 1067 883 1113 essem
900 1040 1190 1116 adulescentulus
1208 1042 1343 1117 schola·

319 1162 419 1237 ribus
438 1161 565 1237 studiis
585 1161 754 1249 deditus,
773 1159 929 1260 quodam
952 1160 1157 1235 interfuisse
1177 1163 1238 1235 (lie
1259 1191 1342 1237 con-

316 1282 441 1355 ventui
469 1280 800 1378 gronunoticorum‚
827 1279 890 1378 qui
911 1307 986 1353 non
1007 1280 1127 1353 minus
1149 1308 1261 1382 quam
1280 1282 1339 1353 tri·

318 1402 413 1499 ginta
442 1400 478 1473 io
509 1426 624 1475 unum
651 1399 752 1499 positi
781 1399 819 1471 in
846 1398 950 1473 laude
977 1400 1107 1475 ortium
1137 1419 1177 1474 et
1204 1401 1337 1476 decore

320 1518 564 1620 componendo
593 1518 701 1592 multa
729 1519 959 1619 quaesivere,
987 1538 1024 1593 et
1047 1521 1114 1595 hoo
1140 1548 1269 1597 omnes
1289 1550 1341 1595 re·

319 1657 456 1717 clavero
483 1697 492 1729 ‚
524 1640 620 1741 quod
653 1639 743 1712 niliil
775 1638 896 1713 utilius
931 1640 1174 1741 componendi
1208 1656 1337 1727 esset,

317 1786 425 1861 quom
443 1758 540 1831 vei-bi
563 1758 673 1846 ratio,
690 1758 791 1831 cuius
810 1758 1037 1859 dispositione
1056 1760 1173 1834 omnio
1191 1760 1342 1833 latinita-

320 1880 363 1953 tis
391 1894 501 1951 status
530 1877 712 1976 perficitur
742 1877 781 1948 in
809 1878 984 1978 positione
1011 1906 1225 1979 quaooorum
1253 1876 1340 1951 Ver·

318 2000 404 2071 bum
431 1997 542 2095 igitur
568 1997 708 2072 duobus
729 2026 770 2070 ex
791 1998 903 2071 modio
924 2014 1089 2086 constat,
1116 2025 1180 2072 ver
1202 2025 1247 2071 ex
1267 2024 1339 2069 ver·

317 2118 401 2189 ltere
428 2117 523 2216 quod
549 2115 670 2215 lingua
691 2118 827 2214 gutturi
847 2117 1003 2214 inlligit;
1030 2114 1113 2189 bum
1133 2117 1337 2191 tex-bucino

321 2238 416 2339 quod
444 2266 509 2310 vox
539 2240 657 2311 roboat
687 2256 752 2314 etc.
782 2238 1103 2333 Querimoniantur
1128 2266 1194 2311 cur
1221 2239 1262 2311 in
1290 2268 1342 2314 or·

319 2358 401 2431 dine
428 2360 617 2431 vorborum
636 2358 782 2458 qualitas
802 2359 958 2458 primum
976 2359 1125 2457 ponitur
1151 2374 1218 2434 etc.
1245 2359 1342 2433 Indi·

320 2478 453 2551 cotivus
480 2478 525 2549 oli
554 2478 619 2549 hoc
648 2476 809 2565 dicitur,
837 2478 918 2576 quia
944 2494 980 2550 et
1005 2504 1097 2576 quae
1125 2494 1204 2550 aeta
1230 2494 1342 2567 sunt,

323 2614 359 2671 ot
379 2626 467 2697 quoe
488 2614 668 2694 aguntur,
691 2614 728 2667 ot
748 2624 837 2695 quae
858 2613 1032 2692 agentur,
1060 2623 1123 2695 per
1150 2596 1271 2694 ipsum
1289 2596 1342 2669 in·

320 2717 510 2805 dicantur,
538 2736 578 2788 ut
599 2715 706 2802 vido,
734 2716 847 2787 violavi
868 2773 878 2804 ,
898 2716 1024 2789 violabo
1046 2734 1113 2792 otc.
1140 2716 1342 2791 Infinitivuo

323 2866 342 2909 a
363 2837 578 2937 quibusdam
599 2836 911 2910 conminuit-titivm
930 2836 1107 2910 vocitatur
1127 2854 1194 2911 etc.
1209 2834 1344 2910 Teren·

322 2954 372 3030 tio
393 2956 534 3031 (licente
563 2972 586 3000 ‘⁶
618 2957 776 3028 curritur
796 2985 813 3027 a
835 2956 954 3029 castris
985 3013 1009 3044 ‚,
1036 2974 1102 3031 etc.
1130 2955 1340 3030 Meditativa

322 3076 454 3161 voilia,
476 3092 514 3147 ut
535 3075 697 3148 lacturio.
717 3118 743 3128 --
764 3072 1068 3174 Frequontotiva,
1096 3092 1135 3148 ut
1161 3101 1241 3147 amo
1261 3074 1343 3149 ami-

323 3210 366 3268 to.
394 3238 419 3249 -·
449 3193 595 3265 Fervet-o
624 3193 755 3265 dicitur
780 3194 825 3265 do
846 3193 1021 3281 libidine,
1051 3195 1161 3268 calere
1187 3223 1271 3269 vero
1297 3194 1339 3267 de

327 3316 441 3387 coloro
473 3315 625 3415 corporis
655 3332 718 3387 oto.

405 3433 683 3529 (Ioniugatioiics
713 3451 780 3504 tres
807 3451 918 3519 suut,
947 3433 988 3504 ab
1017 3461 1035 3504 a
1060 3489 1069 3519 ,
1097 3435 1141 3505 ab
1171 3463 1190 3506 e
1215 3490 1224 3521 ,
1252 3434 1295 3505 ab
1321 3433 1340 3507 i.

325 3555 522 3647 Quaeritur
551 3582 658 3653 quaro
690 3554 891 3649 coniugatio
921 3553 997 3626 sit?
1025 3552 1109 3625 ldeo
1140 3554 1339 3652 coniugatio

323 3692 489 3763 vocatur,
518 3676 600 3775 quio
628 3691 695 3745 tota
721 3675 876 3747 latinitas
904 3674 959 3745 his
981 3674 1092 3746 tribus
1120 3675 1231 3748 veluti
1260 3702 1345 3777 quo-

327 3795 406 3866 dam
439 3797 519 3891 iugo
551 3811 795 3868 sustentatur:
822 3794 879 3865 alii
906 3821 987 3866 vero
1018 3809 1159 3894 propter
1186 3794 1347 3868 ordinem

370 4060 408 4132 (t)
428 4060 499 4112 Citot
516 4060 584 4110 lione
597 4078 669 4111 ononi
685 4059 858 4129 epitoomoin
872 4067 972 4129 partem
994 4055 1124 4124 Virgilius
1141 4075 1168 4129 p.
1183 4054 1229 4113 36·
1241 4054 1286 4132 57·
1299 4054 1342 4129 59·
