3382 5206
1261 575 1306 650 35

329 717 533 823 pastophori
564 715 693 817 aliique
719 710 884 788 nonnulli
913 714 1019 790 simdl
1051 744 1091 791 nc
1122 712 1223 791 illurn
1249 602 1351 790 intil-

328 855 445 954 ligunt
464 855 507 928 ad
528 853 724 927 ministeria
750 851 961 942 abductum,
982 879 1070 926 vana
1090 880 1152 953 spe
1171 851 1267 941 lusi,
1286 852 1348 924 bo·

329 1020 375 1064 na
395 1019 472 1065 mea
497 989 640 1090 pignori
659 984 832 1089 capiunt,
854 989 1145 1090 contumeliisque
1172 988 1349 1062 lacessunt
1435 1084 1438 1089 ,

327 1124 366 1195 in
394 1141 538 1197 tantum
565 1141 605 1197 ut
632 1124 806 1222 lapidibus
837 1150 980 1223 quoque
1006 1123 1098 1196 fores
1126 1148 1219 1195 meas
1247 1148 1350 1222 appe-

329 1278 416 1338 tant.
444 1260 686 1358 Quamobrem
712 1290 775 1359 ego
807 1261 1007 1334 advenienti
1034 1258 1223 1334 Posidonio
1253 1285 1352 1358 prae·

329 1397 550 1471 torianorum
578 1399 757 1496 praefecto
792 1423 909 1468 mense
939 1394 1174 1495 pharmuthi,
1209 1394 1351 1467 occurri

330 1532 367 1603 in
395 1533 501 1605 ianua
521 1564 530 1609 ε
556 1533 630 1632 ipse
652 1548 768 1605 autem
793 1531 958 1605 homiues
979 1530 1058 1604 illos
1079 1529 1124 1605 ad
1145 1546 1349 1604 sevocatus

330 1665 524 1765 castigavit.
544 1664 621 1740 Oro
643 1667 774 1765 igitur,
801 1667 917 1742 o-sol
944 1694 1033 1758 rex,
1061 1695 1108 1742 ne
1129 1693 1186 1740 me
1214 1665 1254 1738 in
1289 1692 1351 1738 cu-

326 1799 443 1873 stodia
478 1799 671 1897 degentem
703 1801 876 1897 deseras3
906 1827 1059 1891 verum,
1091 1801 1122 1873 si
1154 1797 1223 1872 tibi
1253 1797 1349 1871 vide·

326 1929 452 2021 bitur,
480 1931 616 2005 scribas
646 1932 689 2005 ad
711 1932 977 2023 Posidonium,
1006 1951 1049 2007 ut
1067 1932 1267 2006 immunem
1285 1928 1350 2003 rni-

327 2066 482 2140 nisterio
502 2065 738 2167 Apollonium
767 2097 843 2143 esse
873 2069 992 2160 sinat,
1013 2071 1088 2169 qui)
1106 2092 1253 2141 mecum
1271 2092 1348 2140 ver·

328 2217 444 2274 setur:
473 2217 576 2298 cogat
595 2200 745 2303 insuper
773 2201 852 2276 illos
874 2203 917 2276 ad
939 2201 1164 2276 reddendam
1183 2200 1272 2275 mihi
1291 2227 1350 2274 su·

327 2337 481 2436 perioris
507 2338 679 2438 temporis
708 2339 973 2440 stipendiorum
1002 2338 1218 2438 pecuniam3
1241 2339 1351 2411 hanc·

328 2498 397 2569 que
425 2467 464 2540 in
485 2486 671 2567 posterum
690 2472 756 2545 rite
784 2473 879 2545 iuste
902 2471 1131 2571 benigneque
1153 2498 1173 2543 a
1192 2496 1250 2542 me
1270 2494 1350 2569 per-

328 2603 398 2702 cipi
432 2623 546 2680 curet.
577 2603 663 2678 Tibi
692 2636 775 2680 vero
802 2608 1000 2707 liberisque
1031 2606 1101 2678 tuis
1119 2602 1188 2676 isis
1209 2630 1252 2675 ac
1282 2600 1347 2674 Se·

329 2737 423 2834 rupis
467 2736 590 2835 diique
635 2738 828 2814 duodecim
864 2737 1211 2838 heracleopolitanae
1246 2732 1347 2806 urbis

325 2872 507 2969 praesides
544 2875 828 2951 dominationem
857 2895 970 2949 terrae
993 2872 1129 2960 omnis,
1154 2895 1262 2969 quam
1294 2866 1348 2940 sol

327 3010 471 3107 aspicit,
495 3014 665 3091 tribuant.

765 3146 902 3219 l'alcte.
