3382 5206
592 519 657 608 542
862 547 889 592 u
913 539 1091 592 tuuuatsn
1118 543 1292 594 rnouoous

565 641 725 714 Similiter
738 659 772 711 st
792 641 984 733 imperativo
998 641 1097 712 modo
1123 660 1267 733 tompore
1286 645 1450 733 praesenti
1469 668 1599 713 secun-

568 749 609 816 da
627 771 767 840 persona
789 771 926 818 numero
940 747 1123 841 singulari,
1145 765 1181 815 ut
1195 749 1293 818 iubeo
1311 749 1385 817 iussi
1407 749 1513 818 iuba,
1536 749 1599 816 sul-

511 845 516 856 ’
562 879 624 948 geo
645 853 851 954 fulsi'fulge,
881 855 973 924 rideo
999 856 1056 922 risi
1079 853 1177 939 ride,
1199 853 1327 946 mulgeo
1344 853 1441 922 mulsi
1469 854 1596 947 mulge.

565 963 652 1033 Sunt
671 961 735 1030 alia
750 962 896 1032 eiusdem
910 960 1147 1052 coniugatiouis
1158 985 1249 1053 quoa
1269 961 1304 1026 in
1322 963 1501 1050 praeterito
1521 985 1597 1052 par·

567 1066 651 1137 scoto
666 1066 888 1154 concordant,
903 1065 960 1136 sed
974 1067 1169 1156 imperativo
1180 1065 1345 1155 praedicta
1360 1089 1501 1155 parsona
1515 1065 1596 1131 iam·

567 1174 650 1240 bum
673 1196 738 1244 non
763 1173 961 1265 spondaeum
980 1170 1141 1254 eliciunt,
1159 1188 1194 1237 ut
1215 1169 1306 1238 faveo
1325 1169 1388 1238 favi
1408 1171 1510 1252 ἔπιες
1535 1190 1596 1256 ut,

570 1278 702 1347 Christe
724 1278 797 1346 lura
819 1279 924 1356 votiss
948 1300 1063 1346 moneo
1086 1278 1173 1345 movi
1198 1300 1316 1345 mora·
1343 1300 1459 1345 manao
1487 1283 1594 1347 mansi

567 1407 663 1452 mano
676 1432 687 1467 ,
701 1405 802 1473 pareo
819 1382 893 1471 pari
911 1404 993 1470 pave
1006 1402 1017 1459 ς
1042 1397 1148 1463 ut,-·
1162 1379 1290 1449 Heliam
1303 1380 1393 1448 corvi
1420 1383 1594 1472 quondam

568 1512 689 1579 pavere
704 1488 863 1558 ministri.
878 1522 925 1539 -
938 1486 980 1552 Et
999 1484 1096 1576 longe
1112 1484 1248 1553 inferius
1260 1522 1302 1539 -
1316 1511 1432 1578 agmen
1453 1491 1547 1579 pavit
1563 1492 1595 1556 i·

567 1593 861 1664 normo-Sedeo
884 1591 954 1660 sedi
975 1591 1073 1678 sede,
1093 1591 1189 1661 video
1210 1592 1277 1659 vidi
1307 1592 1403 1678 vide,
1427 1611 1460 1661 et
1480 1616 1593 1667 cetera

566 1694 694 1768 similia.
709 1706 741 1769 A
756 1701 852 1767 tertia
873 1722 1005 1791 quoque
1033 1699 1261 1792 coniugatione
1284 1724 1359 1766 curn
1378 1705 1414 1768 in
1431 1710 1596 1792 praeteri·

568 1824 640 1873 tum
648 1804 832 1897 perlectum
844 1808 950 1896 primu
970 1828 1107 1895 persona
1124 1804 1227 1894 vergit
1242 1855 1252 1890 ,
1270 1807 1450 1896 spondaeus
1469 1810 1596 1902 figura·

568 1928 644 1981 tur,
668 1928 704 1978 ut
718 1911 827 1978 scribo
851 1909 995 1993 scribsi,
1016 1907 1127 2000 scalpo
1147 1909 1289 1999 sculpsi,
1311 1912 1423 2002 sculpo
1447 1916 1596 2005 sculpsi,

555 2041 648 2108 rapo
662 2020 771 2108 repsi,
784 2039 895 2108 mergo
908 2017 1029 2099 mersi,
1048 2037 1148 2104 serpo
1161 2018 1281 2104 serpsi,
1292 2017 1378 2084 cudo
1394 2017 1490 2104 cudi,
1506 2045 1595 2088 rum-

568 2147 610 2213 po
634 2124 709 2213 rupi
726 2172 737 2205 ,
753 2120 833 2191 cedo
856 2123 962 2204 cessi,
983 2119 1093 2210 saepio
1109 2121 1230 2210 saepsi,
1250 2118 1372 2210 plaudo
1385 2121 1511 2212 plausi,
1532 2123 1594 2192 sar·

493 2284 496 2291 .
567 2231 620 2298 oio
640 2229 743 2313 sarsi,
765 2228 881 2302 haurio
894 2226 1014 2310 hausi,
1035 2227 1139 2294 sarcio
1153 2227 1257 2310 nni,
1280 2228 1378 2297 flecto
1396 2229 1469 2297 floxi
1486 2280 1497 2314 ,
1516 2256 1593 2324 regn

568 2337 658 2422 rexi,
678 2332 761 2402 veho
776 2335 868 2417 vexi,
882 2330 947 2424 figo
963 2331 1040 2416 liri,
1065 2335 1138 2402 vivo
1149 2331 1248 2415 riri,
1271 2334 1356 2400 meio
1379 2335 1506 2419 miuri,
1533 2339 1594 2406 tin·

570 2464 610 2532 go
631 2441 738 2524 tinxi,
761 2439 856 2529 cingo
871 2437 956 2505 cinxi
972 2485 982 2520 ,
1000 2459 1081 2528 sugo
1102 2436 1198 2520 suxi,
1220 2458 1281 2504 uro
1297 2439 1377 2506 ussi,
1404 2440 1502 2508 trudo
1521 2461 1595 2512 tru-

568 2548 619 2630 si,
640 2567 745 2637 coquo
773 2543 868 2626 cori,
896 2539 979 2608 duco
1006 2539 1092 2608 duai·
1117 2538 1300 2609 Sumuntur
1323 2544 1422 2611 etiam
1445 2546 1594 2618 eiusdem

566 2651 661 2741 pedis
684 2647 832 2737 exempla
859 2646 901 2712 ab
927 2643 1085 2712 adverbio
1119 2644 1284 2737 qualitatis
1310 2665 1342 2716 et
1376 2653 1595 2741 quantitatis,

569 2774 605 2824 ut
631 2773 761 2836 sancte,
783 2770 871 2820 caste
886 2802 897 2835 ,
915 2749 1032 2835 docte,
1055 2775 1158 2836 care,
1178 2750 1266 2837 late,
1291 2750 1399 2848 longe.
1413 2755 1450 2824 si
1484 2777 1595 2828 autern

569 2859 652 2928 haec
668 2860 799 2926 nomina
819 2854 941 2925 suerint
962 2855 1100 2923 vocativi
1125 2880 1241 2939 casus,
1263 2856 1306 2922 sd
1328 2859 1521 2930 trochaeum
1547 2889 1597 2932 rea

571 2966 727 3056 (ligantur
747 2985 813 3030 nou
840 2956 884 3027 ad
904 2959 1117 3050 spondaeum.
1131 2959 1278 3028 Plurima
1304 2989 1434 3056 quoque
1460 2970 1600 3055 pur-tici.

567 3074 621 3163 pia
651 3088 796 3159 tempore
821 3068 987 3156 praesenti
1007 3065 1160 3156 spondaei
1184 3065 1311 3158 legibus
1336 3094 1401 3136 non
1420 3068 1597 3163 refragan-
1640 3152 1653 3181 ,

573 3196 628 3246 tut·
646 3175 703 3246 sed
717 3176 960 3266 suffragantur,
983 3192 1020 3241 ut
1041 3172 1175 3257 dicens,
1194 3173 1339 3259 ducens,
1362 3179 1496 3259 vivens,
1524 3199 1600 3249 tur·

571 3307 675 3373 gens,
697 3279 854 3361 trudens,
873 3295 1043 3364 sternens,
1065 3296 1227 3363 stertens,
1248 3281 1415 3351 scandens·
1438 3296 1464 3346 Δ
1484 3286 1600 3358 Partes

570 3388 753 3456 orationum
777 3406 862 3477 quae
880 3381 1046 3474 spondaeo
1065 3383 1253 3450 subduntur
1275 3408 1341 3476 quo
1359 3405 1499 3455 accentu
1516 3414 1601 3479 pro-

566 3489 723 3562 ¹ferendas
745 3483 849 3558 sunt?
872 3487 920 3556 M.
940 3481 1066 3556 Omnes
1086 3488 1222 3581 quidem
1241 3505 1306 3554 tam
1322 3491 1481 3579 positione
1496 3519 1599 3586 quarn

570 3617 686 3667 natura
708 3594 826 3688 longas
844 3593 1038 3684 regulariter
1059 3612 1233 3662 acuunt-ur.

921 3805 1041 3895 Incipit
1068 3803 1109 3871 ds
1135 3807 1256 3903 iambo.

610 4030 643 4086 Δ.
664 4017 802 4085 lambini
820 4015 910 4107 pedis
926 4014 1071 4107 exempla
1099 4019 1251 4109 primitus
1265 4043 1282 4085 a
1297 4022 1432 4095 nomine
1456 4029 1600 4098 uenian-
