3382 5206
722 594 866 644 serrone
893 594 936 642 iv.
1054 558 1059 572 ’
1240 594 1306 646 121

325 718 407 795 tur,
428 706 475 780 ita
494 723 535 781 ut
554 701 745 803 Origenes:
762 705 919 805 “positis
941 705 978 777 in
998 731 1085 806 pure
1106 706 1270 783 fratribus
1288 736 1340 781 so·

325 824 380 899 lus
393 828 439 928 (a)
455 825 561 900 evasit
575 883 599 916 ,‚
611 827 679 900 hoo
697 843 752 900 est
767 826 805 898 in
820 852 968 900 carcere.
984 822 1125 927 Corpus
1143 854 1162 900 a
1180 826 1339 902 custodia

325 944 479 1022 dicitur:
494 963 601 1046 caput
615 973 635 1018 a
650 946 798 1048 capitote
819 945 911 1020 sumi
933 963 1072 1020 certum
1090 964 1158 1024 est:
1170 937 1267 1022 unde
1289 974 1342 1025 ca·

328 1092 410 1165 pere
431 1064 583 1139 dicimus
596 1093 685 1166 quae
698 1066 935 1155 comedimus,
947 1083 984 1140 et
995 1083 1114 1140 tenere
1126 1092 1219 1167 quae
1232 1092 1340 1142 manu

328 1184 526 1282 tangimus,
546 1214 609 1261 seu
630 1184 839 1284 cogitatione
860 1212 899 1259 ac
919 1186 1096 1261 memoria
1109 1182 1249 1259 Oculus
1265 1183 1342 1259 diei

235 1404 238 1409 Ι
326 1301 479 1395 dicitur,
507 1332 549 1378 eo
574 1303 668 1406 quod
698 1303 837 1377 occulta
867 1300 1045 1405 pervideat
1073 1329 1114 1377 ac
1134 1301 1342 1402 perlustret:

327 1424 420 1496 auris
452 1451 493 1497 eo
517 1422 611 1524 quod
638 1422 798 1496 auditum
823 1421 992 1495 sermonis
1018 1449 1060 1495 ex
1080 1420 1230 1494 internis
1255 1420 1342 1494 hau·

329 1543 407 1617 riat
428 1541 579 1632 Pectus,
599 1543 755 1645 eoquod
775 1558 910 1642 spectat
927 1541 970 1615 ad
990 1539 1104 1616 cordis
1123 1539 1342 1631 secreta‚di·

329 1662 423 1735 oitur
446 1689 467 1734 a
494 1662 689 1763 pectendo,
716 1662 752 1736 id
780 1678 831 1736 est
855 1660 1112 1752 discernendo,
1137 1660 1233 1734 unde
1260 1686 1341 1762 pec·

330 1796 405 1853 cata
424 1780 605 1857 dicuntur.
631 1781 753 1858 Ubera
776 1781 919 1855 nonnisi
938 1781 1128 1855 mulierum
1145 1780 1342 1868 dicuntur,

330 1926 419 1998 quae
447 1899 490 1972 ab
521 1900 680 1974 ubertate
711 1899 810 1973 lactis
835 1914 1109 1999 nuncupantur:
1137 1898 1167 1972 si
1194 1898 1233 1971 in
1260 1897 1342 1971 viris

330 2016 483 2092 volueris
514 2019 723 2109 nominari,
758 2019 867 2093 virilia
897 2036 1004 2092 erunt
1032 2047 1121 2119 quae
1150 2018 1343 2091 humorum
1380 2072 1389 2102 ,.

333 2138 565 2213 inundatione
596 2140 794 2214 exuberant.
821 2137 956 2212 Venter
985 2165 1004 2210 a
1032 2138 1130 2212 renti
1155 2136 1342 2241 spiramine

334 2256 386 2331 sio
405 2256 563 2353 dicitur3
588 2259 672 2358 quia
692 2274 726 2330 et
744 2273 867 2331 ventus
886 2256 1014 2329 abhoc
1035 2282 1164 2329 nomen
1187 2256 1343 2357 accipit,

334 2375 431 2477 quod
444 2403 506 2477 per
519 2402 640 2449 omnes
650 2404 754 2449 venas
764 2434 774 2466 ,
783 2376 932 2448 latebras
943 2391 1110 2476 artusque
1127 2375 1236 2448 totius
1253 2401 1349 2448 orca·

335 2514 432 2570 turae
451 2495 639 2595 perveniat.
658 2494 796 2593 Lingua
815 2524 834 2569 a
853 2494 1047 2593 lingueudo
1067 2494 1209 2570 dieitur.
1227 2492 1345 2567 Philo·

337 2617 436 2715 sophi
453 2616 623 2690 virtutem
643 2633 679 2691 et
701 2602 844 2690 cursum
865 2642 991 2688 manus
1020 2630 1052 2687 et
1077 2614 1183 2715 pedes
1208 2640 1347 2687 voeare-

336 2754 445 2828 runt,
472 2765 629 2840 quorum
647 2738 836 2816 nominum
855 2754 1055 2837 monoptota
1076 2736 1265 2810 declinatio
1291 2754 1345 2810 est

338 2887 401 2960 per
419 2859 537 2933 omnia
557 2885 705 2957 genera:
725 2887 742 2930 a
765 2885 887 2931 mane·
907 2886 1008 2955 ergo,
1030 2857 1097 2930 hoc
1118 2874 1169 2932 est
1189 2856 1345 2947 virtute,

337 3006 462 3054 manus
480 2978 669 3079 appellatae
688 2994 795 3073 sunt3
817 2996 851 3051 et
875 3006 894 3051 a
909 3006 990 3078 per·
1000 2976 1128 3078 pedes,
1149 2975 1244 3077 quod
1257 2992 1309 3049 est
1327 3003 1346 3049 a

339 3127 457 3175 cursu.
478 3099 571 3173 Hinc
592 3123 705 3200 equus
724 3099 766 3171 ab
786 3099 959 3198 aequitate
981 3124 1104 3172 cursus
1120 3096 1261 3171 dicitur.
1280 3092 1349 3168 Vir

341 3248 361 3296 a
378 3221 505 3294 virtute
525 3219 885 3293 nominaturtmulier
902 3247 921 3290 a
935 3218 1149 3292 mulitudine
1164 3219 1175 3316 (
1184 3218 1216 3316 ι)
1228 3241 1348 3290 sexus:
1421 3206 1427 3212 ’

340 3368 428 3415 uxor
452 3367 542 3440 quae
566 3367 585 3412 a
609 3339 682 3411 viro
708 3338 812 3412 suerit
839 3355 979 3411 uxorata
999 3338 1035 3408 in
1056 3337 1161 3410 coitu.
1188 3334 1259 3407 Sed
1280 3332 1349 3407 coi·

340 3475 397 3532 tue
416 3456 620 3557 generaliter
638 3456 769 3530 dicitur
789 3457 901 3530 omnis
924 3457 1084 3531 coeuntia
1103 3456 1172 3530 sive
1191 3451 1348 3541 uinetis,

342 3577 414 3651 sive
441 3575 649 3650 concordiae
675 3576 744 3647 sive
770 3575 1038 3648 connubiorum.
1069 3572 1140 3647 Cor
1163 3590 1348 3646 vocatura

343 3695 565 3794 eormptione
585 3721 763 3768 sensuum.

405 3891 443 3952 (a)
459 3895 515 3941 cod.
526 3895 599 3938 satus.
618 3898 675 3952 Ergo
693 3894 728 3938 rel
748 3895 848 3944 astons,
865 3894 901 3938 vol
919 3896 991 3939 solus.

425 4053 472 4122 (r)
492 4050 586 4104 Confer
605 4070 694 4123 prou..
706 4073 728 4106 v.
743 4070 781 4109 υ.
795 4050 841 4103 ιώί
861 4053 983 4106 rnulitas.
