3382 5206
359 607 427 654 222

327 714 433 767 uomina
444 714 472 765 in
482 710 642 784 supradictis
653 709 756 763 casibus
766 727 814 782 per

325 802 392 856 durs
405 802 437 854 ·i.
453 800 556 853 litteras
574 799 670 860 scribi;
689 798 816 868 quonium

327 907 508 960 quaecumque
525 888 630 941 nomina
650 887 750 955 generis
763 904 817 937 ma-

326 978 423 1033 sculini
443 977 559 1031 ablativo
578 995 638 1028 cusu
654 976 814 1028 nurncrisin·

326 1068 425 1135 ssularis
449 1086 484 1119 ·o·
503 1066 591 1118 littera
623 1065 814 1118 terminantur,

327 1155 392 1207 lracc
409 1154 499 1206 cadcm
526 1171 558 1204 .0·
588 1152 705 1202 litteram
730 1152 758 1201 in
784 1149 813 1199 .i.

326 1243 368 1296 rel
384 1243 425 1294 .ii·
435 1243 537 1295 litteras
547 1250 701 1294 convertunt
713 1274 720 1294 .
731 1248 758 1290 ct
773 1254 815 1289 su-

325 1332 459 1401 pradictus
492 1347 588 1382 cassius
623 1328 730 1396 quamlo
769 1343 813 1395 per

325 1438 406 1472 unum
422 1419 450 1469 .i.
459 1428 486 1470 et
495 1416 602 1487 quando
616 1432 662 1485 pcr
672 1413 737 1464 duos
750 1411 812 1464 scri·

323 1509 439 1564 bantur,
457 1503 607 1561 ostendunt·

361 1601 427 1651 ltcm
447 1596 475 1648 in
493 1594 543 1645 hac
561 1588 738 1661 suprascripta
766 1586 814 1638 sor·

324 1708 367 1743 ma
385 1685 536 1759 quaeritur,
557 1699 609 1750 qua
628 1679 661 1731 rlc
675 1694 752 1730 causa
771 1676 815 1727 bic

323 1776 411 1831 ebrius
430 1783 458 1825 ct
489 1788 541 1823 non
568 1769 612 1819 hic
643 1764 704 1817 eber
738 1762 815 1812 dica-

325 1880 370 1922 tur
392 1863 403 1915 l
431 1863 481 1914 hac
508 1861 541 1910 ‹le
567 1873 664 1911 carisa,
689 1851 813 1921 quoniam

325 1966 506 2027 quaecumque
525 1945 630 1999 nomina
644 1939 759 1993 ablativo
771 1955 814 1988 ca·

327 2063 357 2098 su
391 2037 495 2094 numeri
525 2030 665 2100 singularis
698 2030 740 2081 io·
767 2027 814 2078 lit-

323 2129 387 2186 teris
419 2122 581 2177 deliniuntur
607 2154 614 2174 ‚
645 2116 710 2168 hacc
736 2130 812 2164 nunr-

323 2236 403 2293 quam
431 2209 594 2267 nominativo
621 2223 681 2256 casu
713 2202 814 2253 nmncri

323 2304 464 2375 singularis
482 2319 525 2352 ,ετ
545 2295 642 2348 litteris
654 2290 815 2344 concludun-

324 2411 374 2453 tur.
395 2396 471 2448 Nunc
497 2406 555 2440 curn
584 2394 611 2437 et
642 2383 692 2434 hoc
720 2398 813 2432 ncmcn

323 2486 358 2540 ab
375 2484 424 2537 hoc
442 2477 515 2533 ebrio
529 2473 612 2525 lacere
632 2468 816 2533 intellegatur.

324 2576 419 2643 utiquc
442 2571 491 2619 ianr
510 2564 554 2615 hic
572 2560 682 2613 ebrius.
702 2575 752 2607 nrm
769 2553 814 2604 hic

322 2661 402 2716 cbcr.
421 2658 506 2709 lacere
520 2645 718 2722 pronuntiatur.
739 2642 814 2692 llunc

325 2751 351 2802 in
369 2749 419 2799 hac
439 2738 618 2813 sasprascripta
638 2732 719 2785 lurma
739 2747 815 2793 genc-

321 2837 357 2891 ris
371 2827 528 2887 masculini,
546 2841 599 2893 qua
612 2819 726 2871 diximus
740 2814 815 2865 abla-

322 2925 379 2979 tivo
397 2937 458 2972 casu
477 2910 578 2966 numeri
597 2905 739 2974 singularis·
763 2922 812 2954 no-

321 3009 393 3065 mina
403 3004 536 3059 .c.littcra
556 2993 707 3048 terminari,
723 3002 749 3042 ct
769 3009 811 3041 no·

325 3096 453 3152 minatirc
472 3106 534 3140 casu
552 3082 651 3136 numeri
671 3077 810 3146 singularis

324 3203 376 3239 ·us·
394 3177 495 3251 syllaba
514 3186 573 3246 post
593 3173 623 3223 ·i·
638 3172 752 3222 litteram
767 3167 810 3218 de·

321 3272 392 3329 liniri
405 3271 471 3329 ,boc
481 3279 613 3318 monemus
625 3297 631 3318 ‚
649 3257 722 3328 quod
736 3275 767 3309 ex
778 3274 810 3309 ca

320 3357 507 3434 quamplurimi
523 3350 653 3409 soni‚huc
667 3360 707 3402 cst
720 3366 809 3417 quam·

321 3449 434 3523 plurima
452 3442 574 3497 uomina.
587 3437 687 3510 possint
698 3435 807 3488 exbibe-

321 3538 352 3589 ri.
364 3537 402 3587 Dc
420 3532 502 3584 lorma
527 3528 627 3594 generis
653 3525 808 3583 masculini,

316 3638 375 3695 flua
393 3619 510 3673 ablativo
528 3632 588 3667 casu
608 3613 708 3665 numeri
723 3615 809 3679 singu-

320 3713 384 3767 laris
404 3709 509 3763 numius
520 3725 553 3759 ιο.
563 3706 651 3757 littcra
667 3703 808 3755 terminan-

321 3812 382 3856 tur,
398 3809 425 3849 et
444 3792 608 3848 nominativo
627 3808 688 3842 casu
708 3792 807 3842 numeri

320 3880 461 3951 singularis
470 3896 517 3931 ms·
531 3877 633 3947 syllaba
645 3889 703 3946 pust
719 3878 746 3929 .i·
758 3879 807 3930 lit.

319 3983 402 4025 tcram
423 3966 599 4021 definiuntur.
620 3975 749 4033 quantum
768 3982 808 4018 ra·

318 4059 357 4113 tic
376 4051 518 4128 poscebat.
540 4051 720 4106 tractavimus.

600 604 856 655 GRAMMATICUS
888 608 1091 658 VATleltl'S

1004 713 1047 777 isa
1067 732 1102 767 ur
1118 734 1198 798 jour·

904 803 1090 875 Quaecumque
1125 808 1232 861 numina
1261 808 1363 876 generis

867 891 1006 943 masculini
1029 891 1145 948 ablativo
1167 911 1231 947 casu
1252 897 1358 949 numeri

867 974 1008 1042 singularis
1019 999 1051 1031 ·ο·
1061 979 1150 1032 littera
1166 982 1359 1039 renntnantur.

866 1075 893 1114 et
911 1066 1077 1120 nominativo
1095 1086 1157 1120 casu
1184 1071 1284 1122 numeri
1302 1072 1361 1123 siu-

866 1153 964 1217 gularis
984 1173 1052 1207 ·ous·
1073 1156 1168 1209 litteris
1184 1158 1362 1216 deliniuntur,

867 1251 897 1291 ut
913 1253 978 1310 puta
998 1242 1031 1295 ab
1046 1244 1096 1296 linc
1109 1246 1187 1302 lnoo.
1198 1246 1242 1297 hic
1262 1247 1361 1304 Inous,

866 1326 931 1379 hacc
953 1330 986 1380 ad
1004 1329 1052 1383 buc
1065 1332 1211 1402 exemplum
1222 1333 1361 1385 doelinau·

867 1425 917 1466 tur.
928 1417 950 1468 N
955 1417 1183 1483 umerisiugularis
1193 1456 1201 1476 ,
1214 1419 1258 1470 bic
1273 1421 1360 1476 lucus,

865 1503 944 1557 liuius
971 1506 1050 1563 lnoi.
1076 1506 1140 1559 huic
1178 1508 1260 1563 lnou.
1287 1507 1360 1559 hunc
1427 1490 1431 1497 ²

866 1591 982 1648 lucum,
1006 1613 1022 1645 ο
1044 1594 1129 1652 lucc,
1156 1593 1190 1645 ab
1211 1594 1261 1646 lrcc
1284 1595 1358 1646 Inoo.

865 1676 974 1730 Numeri
994 1679 1102 1750 pluralis
1114 1718 1121 1737 ,
1133 1680 1161 1732 bi
1181 1680 1239 1733 lnoi
1249 1717 1255 1736 .
1265 1680 1359 1733 borum

867 1765 1008 1824 lnoornm,
1028 1766 1071 1820 his
1092 1768 1183 1824 lucis,
1201 1768 1248 1821 hos
1268 1768 1361 1821 lucos.

865 1855 972 1912 claui,
992 1855 1027 1907 ub
1046 1856 1088 1908 bis
1100 1855 1180 1910 lucis.
1200 1855 1243 1907 Sic
1260 1867 1286 1908 et
1307 1855 1360 1906 ulia

865 1942 966 2006 generis
985 1943 1123 1995 mumulini
1147 1942 1268 2000 nomina,
1289 1959 1360 2011 quac

865 2029 982 2100 ablativo
1003 2048 1065 2082 casu
1093 2032 1194 2084 numeri
1217 2030 1359 2099 singularis

867 2137 901 2170 ·ο·
921 2118 1013 2171 littera
1034 2119 1218 2175 terminantur,
1230 2128 1258 2171 et
1270 2117 1357 2171 uomi-

865 2209 956 2261 uativo
987 2226 1050 2261 casu
1088 2209 1189 2261 numeri
1218 2208 1360 2274 singularis

866 2314 933 2348 ·ous·
944 2295 1039 2347 litteris
1051 2295 1223 2351 definiuntur,
1231 2294 1266 2346 ad
1275 2312 1359 2347 caeru·

865 2383 937 2451 plum
956 2383 1014 2435 luni
1026 2418 1032 2438 .
1046 2400 1093 2453 per
1106 2399 1194 2435 omnes
1205 2399 1299 2435 casuus
1315 2382 1358 2434 dc
1395 2438 1399 2449 ¹

864 2469 1006 2521 clinantur.

901 2557 976 2609 b'unc
994 2557 1019 2607 in
1043 2556 1093 2607 hac
1111 2555 1290 2626 suprascripta
1308 2556 1357 2609 lur-

866 2665 907 2696 ma
939 2646 1105 2713 quinctium,
1140 2662 1193 2713 qua
1226 2645 1261 2698 tle
1293 2663 1358 2696 cuu-

866 2749 895 2784 sa
926 2731 1034 2783 dativus
1059 2743 1087 2783 ct
1118 2729 1250 2784 ablativus
1282 2749 1359 2785 casus

866 2820 966 2872 numeri
985 2820 1141 2888 singularis,
1152 2836 1199 2872 nec
1212 2838 1264 2873 non
1283 2839 1359 2888 genc-

866 2911 936 2962 tivns
959 2921 986 2962 ct
1015 2909 1180 2961 acccusativns
1204 2926 1279 2962 casus
1306 2930 1359 2963 un·

862 3001 926 3051 mcri
947 2997 1074 3067 pluralis,
1090 2997 1117 3048 in
1136 2996 1228 3047 ultima
1240 2998 1280 3050 vel
1294 3018 1357 3068 pru-

861 3105 893 3157 pc
922 3088 1040 3137 ultimam
1059 3081 1185 3151 syllabam
1215 3102 1260 3154 pcc
1288 3086 1358 3139 duas

861 3199 896 3231 ·o·
916 3179 1019 3231 litteras
1044 3172 1222 3226 scribantur?
1250 3175 1301 3227 hac
1321 3178 1355 3231 de

860 3285 938 3319 cansa
949 3304 955 3322 .
974 3264 1102 3333 quoniam
1113 3280 1294 3333 quaecumque
1304 3284 1353 3319 no-

860 3356 931 3407 mina
956 3351 1073 3404 ablativo
1091 3368 1153 3402 cusu
1173 3353 1273 3401 numeri
1299 3354 1356 3404 siu-

859 3443 959 3511 gularis
973 3461 1008 3493 ·u·
1022 3441 1111 3492 littera
1122 3439 1315 3496 terminantur,
1330 3453 1357 3494 ct

858 3531 1021 3584 nominativo
1046 3546 1109 3581 casu
1130 3529 1232 3580 numeri
1259 3528 1357 3594 singu-

858 3619 921 3670 laris
948 3634 1016 3669 ·ous·
1043 3615 1140 3668 littcris
1164 3616 1352 3673 deliniuntur.

857 3705 922 3756 haec
940 3714 1049 3773 exceptu
1067 3703 1187 3769 genetivo
1209 3721 1271 3755 casu
1302 3723 1356 3756 uu·

857 3794 922 3845 meri
940 3792 1040 3844 scilicet
1058 3791 1168 3861 pluralis
1186 3810 1232 3862 per
1252 3803 1353 3846 cctcros

858 3900 952 3936 casuus
970 3883 1029 3953 pari
1055 3899 1162 3934 numero
1189 3878 1354 3949 syllabarum

857 3967 1028 4025 scribuntur.
1048 3978 1075 4021 et
1092 3967 1151 4020 idco
1168 3967 1233 4020 hacc
1246 3969 1354 4023 nomina

860 4057 889 4111 iu
910 4055 1072 4127 supradictis
1091 4054 1197 4111 casibus
1219 4072 1264 4126 ρττ
1284 4055 1352 4110 (luas
