<?xml version="1.0" encoding="UTF-8"?>
<!DOCTYPE html PUBLIC "-//W3C//DTD XHTML 1.0 Transitional//EN"
    "http://www.w3.org/TR/xhtml1/DTD/xhtml1-transitional.dtd">
<html xmlns="http://www.w3.org/1999/xhtml" xml:lang="en" lang="en">
 <head>
  <title>
</title>
<meta http-equiv="Content-Type" content="text/html;charset=utf-8" />
  <meta name='ocr-system' content='tesseract 3.04.00' />
  <meta name='ocr-capabilities' content='ocr_page ocr_carea ocr_par ocr_line ocrx_word'/>
</head>
<body>
  <div class='ocr_page' id='page_1' title='image "./classicorumauct00vatigoog_0522.png"; bbox 0 0 3382 5206; ppageno 0'>
   <div class='ocr_carea' id='block_1_1' title="bbox 548 542 1208 644">
    <p class='ocr_par' dir='ltr' id='par_1_1' title="bbox 548 542 1208 644">
     <span class='ocr_line' id='line_1_1' title="bbox 548 542 1208 644; baseline 0.002 -32"><span class='ocrx_word' id='word_1_1' title='bbox 548 560 708 614; x_wconf 71' lang='lat' dir='ltr'>canutus</span> <span class='ocrx_word' id='word_1_2' title='bbox 732 559 906 626; x_wconf 74' lang='lat' dir='ltr'>arraona.</span> <span class='ocrx_word' id='word_1_3' title='bbox 1137 542 1208 644; x_wconf 67' lang='lat'>457</span> 
     </span>
    </p>
   </div>
   <div class='ocr_carea' id='block_1_2' title="bbox 177 664 1187 3736">
    <p class='ocr_par' dir='ltr' id='par_1_2' title="bbox 202 664 1137 1281">
     <span class='ocr_line' id='line_1_2' title="bbox 208 664 1137 763; baseline 0.005 -29"><span class='ocrx_word' id='word_1_4' title='bbox 208 665 293 734; x_wconf 83' lang='lat' dir='ltr'>Cum</span> <span class='ocrx_word' id='word_1_5' title='bbox 317 666 452 733; x_wconf 89' lang='lat' dir='ltr'>canibus</span> <span class='ocrx_word' id='word_1_6' title='bbox 477 664 594 735; x_wconf 86' lang='lat' dir='ltr'>densas</span> <span class='ocrx_word' id='word_1_7' title='bbox 617 669 758 735; x_wconf 80' lang='lat' dir='ltr'>nimium</span> <span class='ocrx_word' id='word_1_8' title='bbox 782 671 1005 763; x_wconf 78' lang='lat' dir='ltr'>perstringere</span> <span class='ocrx_word' id='word_1_9' title='bbox 1030 668 1137 739; x_wconf 81' lang='lat' dir='ltr'>silvas.</span> 
     </span>
     <span class='ocr_line' id='line_1_3' title="bbox 205 774 1122 866; baseline 0.001 -24"><span class='ocrx_word' id='word_1_10' title='bbox 205 774 240 842; x_wconf 89' lang='lat' dir='ltr'>Si</span> <span class='ocrx_word' id='word_1_11' title='bbox 266 776 327 841; x_wconf 93' lang='lat' dir='ltr'>sub</span> <span class='ocrx_word' id='word_1_12' title='bbox 354 774 469 842; x_wconf 84' lang='lat' dir='ltr'>froude</span> <span class='ocrx_word' id='word_1_13' title='bbox 489 776 607 866; x_wconf 82' lang='lat' dir='ltr'>lepus,</span> <span class='ocrx_word' id='word_1_14' title='bbox 632 779 659 842; x_wconf 89' lang='lat' dir='ltr'>si</span> <span class='ocrx_word' id='word_1_15' title='bbox 681 778 779 844; x_wconf 88' lang='lat' dir='ltr'>ramis</span> <span class='ocrx_word' id='word_1_16' title='bbox 805 774 935 843; x_wconf 88' lang='lat' dir='ltr'>damma</span> <span class='ocrx_word' id='word_1_17' title='bbox 959 777 1020 845; x_wconf 92' lang='lat' dir='ltr'>snb</span> <span class='ocrx_word' id='word_1_18' title='bbox 1049 776 1122 844; x_wconf 84' lang='lat' dir='ltr'>altis</span> 
     </span>
     <span class='ocr_line' id='line_1_4' title="bbox 205 881 1007 973; baseline 0.009 -29"><span class='ocrx_word' id='word_1_19' title='bbox 205 881 392 966; x_wconf 79' lang='lat' dir='ltr'>Mansisset,</span> <span class='ocrx_word' id='word_1_20' title='bbox 417 898 528 950; x_wconf 85' lang='lat' dir='ltr'>nostro</span> <span class='ocrx_word' id='word_1_21' title='bbox 557 881 671 951; x_wconf 83' lang='lat' dir='ltr'>delusa</span> <span class='ocrx_word' id='word_1_22' title='bbox 694 899 740 950; x_wconf 84' lang='lat' dir='ltr'>est</span> <span class='ocrx_word' id='word_1_23' title='bbox 764 885 878 947; x_wconf 85' lang='lat' dir='ltr'>territa</span> <span class='ocrx_word' id='word_1_24' title='bbox 903 899 1007 973; x_wconf 90' lang='lat' dir='ltr'>gestu.</span> 
     </span>
     <span class='ocr_line' id='line_1_5' title="bbox 205 986 1103 1075; baseline -0.001 -20"><span class='ocrx_word' id='word_1_25' title='bbox 205 989 317 1055; x_wconf 84' lang='lat' dir='ltr'>Firma</span> <span class='ocrx_word' id='word_1_26' title='bbox 337 1010 396 1075; x_wconf 89' lang='lat' dir='ltr'>pcr</span> <span class='ocrx_word' id='word_1_27' title='bbox 416 986 590 1055; x_wconf 90' lang='lat' dir='ltr'>undisonos</span> <span class='ocrx_word' id='word_1_28' title='bbox 611 986 789 1053; x_wconf 81' lang='lat' dir='ltr'>credebam</span> <span class='ocrx_word' id='word_1_29' title='bbox 808 986 945 1052; x_wconf 86' lang='lat' dir='ltr'>brachis</span> <span class='ocrx_word' id='word_1_30' title='bbox 963 986 1103 1071; x_wconf 90' lang='lat' dir='ltr'>fluctus,</span> 
     </span>
     <span class='ocr_line' id='line_1_6' title="bbox 214 1088 1111 1186; baseline -0.002 -28"><span class='ocrx_word' id='word_1_31' title='bbox 214 1091 298 1158; x_wconf 91' lang='lat' dir='ltr'>Cum</span> <span class='ocrx_word' id='word_1_32' title='bbox 318 1095 450 1160; x_wconf 88' lang='lat' dir='ltr'>niveum</span> <span class='ocrx_word' id='word_1_33' title='bbox 474 1118 613 1186; x_wconf 88' lang='lat' dir='ltr'>quercus</span> <span class='ocrx_word' id='word_1_34' title='bbox 635 1093 764 1183; x_wconf 91' lang='lat' dir='ltr'>pondus</span> <span class='ocrx_word' id='word_1_35' title='bbox 787 1109 938 1158; x_wconf 81' lang='lat' dir='ltr'>curvaret</span> <span class='ocrx_word' id='word_1_36' title='bbox 962 1088 1004 1155; x_wconf 86' lang='lat' dir='ltr'>ad</span> <span class='ocrx_word' id='word_1_37' title='bbox 1023 1115 1111 1158; x_wconf 84' lang='lat' dir='ltr'>arva·</span> 
     </span>
     <span class='ocr_line' id='line_1_7' title="bbox 202 1197 1017 1281; baseline -0.005 -14"><span class='ocrx_word' id='word_1_38' title='bbox 202 1200 236 1267; x_wconf 92' lang='lat' dir='ltr'>Si</span> <span class='ocrx_word' id='word_1_39' title='bbox 259 1201 383 1266; x_wconf 77' lang='lat' dir='ltr'>invenis</span> <span class='ocrx_word' id='word_1_40' title='bbox 410 1223 542 1267; x_wconf 87' lang='lat' dir='ltr'>mecum</span> <span class='ocrx_word' id='word_1_41' title='bbox 561 1197 663 1266; x_wconf 83' lang='lat' dir='ltr'>voluit</span> <span class='ocrx_word' id='word_1_42' title='bbox 684 1198 881 1266; x_wconf 74' lang='lat' dir='ltr'>contendere</span> <span class='ocrx_word' id='word_1_43' title='bbox 900 1223 1017 1281; x_wconf 89' lang='lat' dir='ltr'>cursu,</span> 
     </span>
    </p>

    <p class='ocr_par' dir='ltr' id='par_1_3' title="bbox 200 1304 988 1500">
     <span class='ocr_line' id='line_1_8' title="bbox 200 1304 970 1405; baseline 0 -34"><span class='ocrx_word' id='word_1_44' title='bbox 200 1307 275 1371; x_wconf 83' lang='lat' dir='ltr'>Post</span> <span class='ocrx_word' id='word_1_45' title='bbox 296 1329 348 1373; x_wconf 91' lang='lat' dir='ltr'>me</span> <span class='ocrx_word' id='word_1_46' title='bbox 373 1305 522 1374; x_wconf 77' lang='lat' dir='ltr'>confusus</span> <span class='ocrx_word' id='word_1_47' title='bbox 541 1305 643 1372; x_wconf 77' lang='lat' dir='ltr'>fracta</span> <span class='ocrx_word' id='word_1_48' title='bbox 666 1304 786 1371; x_wconf 89' lang='lat' dir='ltr'>virtute</span> <span class='ocrx_word' id='word_1_49' title='bbox 805 1307 970 1405; x_wconf 71' lang='lat' dir='ltr'>remansit·</span> 
     </span>
     <span class='ocr_line' id='line_1_9' title="bbox 201 1407 988 1500; baseline 0.005 -28"><span class='ocrx_word' id='word_1_50' title='bbox 201 1407 333 1476; x_wconf 86' lang='lat' dir='ltr'>Nudatn</span> <span class='ocrx_word' id='word_1_51' title='bbox 353 1410 475 1500; x_wconf 85' lang='lat' dir='ltr'>gelidos</span> <span class='ocrx_word' id='word_1_52' title='bbox 495 1410 678 1476; x_wconf 74' lang='lat' dir='ltr'>tolerabam</span> <span class='ocrx_word' id='word_1_53' title='bbox 704 1410 825 1478; x_wconf 81' lang='lat' dir='ltr'>vertice</span> <span class='ocrx_word' id='word_1_54' title='bbox 848 1408 988 1476; x_wconf 80' lang='lat' dir='ltr'>nimbos.</span> 
     </span>
    </p>

    <p class='ocr_par' dir='ltr' id='par_1_4' title="bbox 198 1511 1054 1794">
     <span class='ocr_line' id='line_1_10' title="bbox 200 1511 1054 1603; baseline 0.004 -25"><span class='ocrx_word' id='word_1_55' title='bbox 200 1515 303 1581; x_wconf 87' lang='lat' dir='ltr'>Nocte</span> <span class='ocrx_word' id='word_1_56' title='bbox 323 1538 411 1582; x_wconf 88' lang='lat' dir='ltr'>meos</span> <span class='ocrx_word' id='word_1_57' title='bbox 431 1538 550 1603; x_wconf 82' lang='lat' dir='ltr'>parvus</span> <span class='ocrx_word' id='word_1_58' title='bbox 570 1513 746 1587; x_wconf 85' lang='lat' dir='ltr'>claudebat</span> <span class='ocrx_word' id='word_1_59' title='bbox 764 1537 896 1580; x_wconf 91' lang='lat' dir='ltr'>somnus</span> <span class='ocrx_word' id='word_1_60' title='bbox 915 1511 1054 1592; x_wconf 74' lang='lat' dir='ltr'>ocellos3</span> 
     </span>
     <span class='ocr_line' id='line_1_11' title="bbox 198 1619 993 1711; baseline 0.004 -27"><span class='ocrx_word' id='word_1_61' title='bbox 198 1620 363 1709; x_wconf 84' lang='lat' dir='ltr'>Optabam</span> <span class='ocrx_word' id='word_1_62' title='bbox 384 1620 514 1710; x_wconf 87' lang='lat' dir='ltr'>placido</span> <span class='ocrx_word' id='word_1_63' title='bbox 541 1619 621 1686; x_wconf 88' lang='lat' dir='ltr'>caeli</span> <span class='ocrx_word' id='word_1_64' title='bbox 640 1619 838 1711; x_wconf 89' lang='lat' dir='ltr'>splendentis</span> <span class='ocrx_word' id='word_1_65' title='bbox 862 1619 908 1685; x_wconf 81' lang='lat' dir='ltr'>ab</span> <span class='ocrx_word' id='word_1_66' title='bbox 935 1645 993 1687; x_wconf 80' lang='lat' dir='ltr'>axe</span> 
     </span>
     <span class='ocr_line' id='line_1_12' title="bbox 198 1724 950 1794; baseline -0.003 -2"><span class='ocrx_word' id='word_1_67' title='bbox 198 1727 362 1792; x_wconf 84' lang='lat' dir='ltr'>Auroram</span> <span class='ocrx_word' id='word_1_68' title='bbox 382 1725 485 1794; x_wconf 89' lang='lat' dir='ltr'>laetus</span> <span class='ocrx_word' id='word_1_69' title='bbox 510 1727 629 1793; x_wconf 87' lang='lat' dir='ltr'>teneris</span> <span class='ocrx_word' id='word_1_70' title='bbox 650 1724 778 1792; x_wconf 89' lang='lat' dir='ltr'>lusurus</span> <span class='ocrx_word' id='word_1_71' title='bbox 800 1726 835 1790; x_wconf 89' lang='lat' dir='ltr'>in</span> <span class='ocrx_word' id='word_1_72' title='bbox 854 1727 950 1791; x_wconf 84' lang='lat' dir='ltr'>arvis·</span> 
     </span>
    </p>

    <p class='ocr_par' dir='ltr' id='par_1_5' title="bbox 195 1829 1080 2241">
     <span class='ocr_line' id='line_1_13' title="bbox 197 1829 1032 1923; baseline 0 -26"><span class='ocrx_word' id='word_1_73' title='bbox 197 1834 250 1898; x_wconf 91' lang='lat' dir='ltr'>lre</span> <span class='ocrx_word' id='word_1_74' title='bbox 273 1831 437 1902; x_wconf 81' lang='lat' dir='ltr'>frementis</span> <span class='ocrx_word' id='word_1_75' title='bbox 461 1833 537 1923; x_wconf 91' lang='lat' dir='ltr'>equi</span> <span class='ocrx_word' id='word_1_76' title='bbox 558 1833 666 1899; x_wconf 89' lang='lat' dir='ltr'>sonitu</span> <span class='ocrx_word' id='word_1_77' title='bbox 685 1829 858 1922; x_wconf 86' lang='lat' dir='ltr'>studioque</span> <span class='ocrx_word' id='word_1_78' title='bbox 879 1829 1032 1910; x_wconf 78' lang='lat' dir='ltr'>volebam</span> 
     </span>
     <span class='ocr_line' id='line_1_14' title="bbox 200 1936 1052 2030; baseline 0.002 -27"><span class='ocrx_word' id='word_1_79' title='bbox 200 1941 265 2004; x_wconf 85' lang='lat' dir='ltr'>Per</span> <span class='ocrx_word' id='word_1_80' title='bbox 283 1938 404 2029; x_wconf 85' lang='lat' dir='ltr'>plateas</span> <span class='ocrx_word' id='word_1_81' title='bbox 422 1963 539 2030; x_wconf 86' lang='lat' dir='ltr'>magua</span> <span class='ocrx_word' id='word_1_82' title='bbox 562 1960 691 2003; x_wconf 88' lang='lat' dir='ltr'>mecum</span> <span class='ocrx_word' id='word_1_83' title='bbox 716 1936 890 2003; x_wconf 88' lang='lat' dir='ltr'>comitante</span> <span class='ocrx_word' id='word_1_84' title='bbox 911 1954 1052 2006; x_wconf 80' lang='lat' dir='ltr'>caterva.</span> 
     </span>
     <span class='ocr_line' id='line_1_15' title="bbox 198 2041 1080 2136; baseline 0.001 -27"><span class='ocrx_word' id='word_1_85' title='bbox 198 2044 332 2112; x_wconf 89' lang='lat' dir='ltr'>Comtus</span> <span class='ocrx_word' id='word_1_86' title='bbox 351 2070 441 2113; x_wconf 86' lang='lat' dir='ltr'>eram</span> <span class='ocrx_word' id='word_1_87' title='bbox 466 2044 600 2136; x_wconf 87' lang='lat' dir='ltr'>gemmis</span> <span class='ocrx_word' id='word_1_88' title='bbox 619 2060 650 2111; x_wconf 89' lang='lat' dir='ltr'>et</span> <span class='ocrx_word' id='word_1_89' title='bbox 673 2042 797 2111; x_wconf 88' lang='lat' dir='ltr'>mundo</span> <span class='ocrx_word' id='word_1_90' title='bbox 819 2041 961 2130; x_wconf 83' lang='lat' dir='ltr'>fulgidus</span> <span class='ocrx_word' id='word_1_91' title='bbox 982 2067 1080 2127; x_wconf 88' lang='lat' dir='ltr'>auro,</span> 
     </span>
     <span class='ocr_line' id='line_1_16' title="bbox 195 2147 919 2241; baseline -0.003 -24"><span class='ocrx_word' id='word_1_92' title='bbox 195 2149 397 2238; x_wconf 87' lang='lat' dir='ltr'>Splendebat</span> <span class='ocrx_word' id='word_1_93' title='bbox 421 2176 512 2220; x_wconf 86' lang='lat' dir='ltr'>roseo</span> <span class='ocrx_word' id='word_1_94' title='bbox 532 2153 627 2241; x_wconf 78' lang='lat' dir='ltr'>vestis</span> <span class='ocrx_word' id='word_1_95' title='bbox 645 2150 775 2241; x_wconf 84' lang='lat' dir='ltr'>perfusa</span> <span class='ocrx_word' id='word_1_96' title='bbox 800 2147 919 2217; x_wconf 90' lang='lat' dir='ltr'>colore.</span> 
     </span>
    </p>

    <p class='ocr_par' dir='ltr' id='par_1_6' title="bbox 180 2250 1187 3305">
     <span class='ocr_line' id='line_1_17' title="bbox 194 2250 1099 2348; baseline 0.001 -30"><span class='ocrx_word' id='word_1_97' title='bbox 194 2254 349 2321; x_wconf 90' lang='lat' dir='ltr'>Morbida</span> <span class='ocrx_word' id='word_1_98' title='bbox 370 2256 555 2348; x_wconf 87' lang='lat' dir='ltr'>languentis</span> <span class='ocrx_word' id='word_1_99' title='bbox 572 2257 682 2323; x_wconf 88' lang='lat' dir='ltr'>subito</span> <span class='ocrx_word' id='word_1_100' title='bbox 706 2259 733 2321; x_wconf 91' lang='lat' dir='ltr'>si</span> <span class='ocrx_word' id='word_1_101' title='bbox 755 2254 904 2321; x_wconf 87' lang='lat' dir='ltr'>membra</span> <span class='ocrx_word' id='word_1_102' title='bbox 926 2250 1099 2337; x_wconf 83' lang='lat' dir='ltr'>videbam,</span> 
     </span>
     <span class='ocr_line' id='line_1_18' title="bbox 193 2359 1034 2431; baseline 0 -6"><span class='ocrx_word' id='word_1_103' title='bbox 193 2360 400 2428; x_wconf 88' lang='lat' dir='ltr'>Claudebam</span> <span class='ocrx_word' id='word_1_104' title='bbox 421 2365 571 2431; x_wconf 89' lang='lat' dir='ltr'>manibus</span> <span class='ocrx_word' id='word_1_105' title='bbox 593 2364 730 2430; x_wconf 87' lang='lat' dir='ltr'>demisso</span> <span class='ocrx_word' id='word_1_106' title='bbox 755 2363 877 2431; x_wconf 86' lang='lat' dir='ltr'>vertice</span> <span class='ocrx_word' id='word_1_107' title='bbox 897 2359 1034 2426; x_wconf 87' lang='lat' dir='ltr'>vultum·</span> 
     </span>
     <span class='ocr_line' id='line_1_19' title="bbox 190 2467 1187 2564; baseline 0 -29"><span class='ocrx_word' id='word_1_108' title='bbox 190 2472 285 2540; x_wconf 91' lang='lat' dir='ltr'>Nunc</span> <span class='ocrx_word' id='word_1_109' title='bbox 308 2474 422 2556; x_wconf 89' lang='lat' dir='ltr'>tussis,</span> <span class='ocrx_word' id='word_1_110' title='bbox 440 2473 595 2564; x_wconf 83' lang='lat' dir='ltr'>gemitus,</span> <span class='ocrx_word' id='word_1_111' title='bbox 619 2471 758 2564; x_wconf 83' lang='lat' dir='ltr'>languor</span> <span class='ocrx_word' id='word_1_112' title='bbox 777 2494 850 2538; x_wconf 89' lang='lat' dir='ltr'>mea</span> <span class='ocrx_word' id='word_1_113' title='bbox 871 2471 994 2552; x_wconf 79' lang='lat' dir='ltr'>viscera</span> <span class='ocrx_word' id='word_1_114' title='bbox 1012 2467 1187 2560; x_wconf 80' lang='lat' dir='ltr'>frangunt,</span> 
     </span>
     <span class='ocr_line' id='line_1_20' title="bbox 190 2574 1010 2666; baseline 0 -23"><span class='ocrx_word' id='word_1_115' title='bbox 190 2578 233 2643; x_wconf 87' lang='lat' dir='ltr'>Et</span> <span class='ocrx_word' id='word_1_116' title='bbox 261 2578 355 2647; x_wconf 92' lang='lat' dir='ltr'>dolor</span> <span class='ocrx_word' id='word_1_117' title='bbox 376 2578 503 2647; x_wconf 87' lang='lat' dir='ltr'>ardenti</span> <span class='ocrx_word' id='word_1_118' title='bbox 526 2577 694 2646; x_wconf 85' lang='lat' dir='ltr'>succendit</span> <span class='ocrx_word' id='word_1_119' title='bbox 717 2574 867 2666; x_wconf 89' lang='lat' dir='ltr'>lampade</span> <span class='ocrx_word' id='word_1_120' title='bbox 885 2592 1010 2666; x_wconf 88' lang='lat' dir='ltr'>pectus.</span> 
     </span>
     <span class='ocr_line' id='line_1_21' title="bbox 187 2682 1041 2774; baseline 0 -24"><span class='ocrx_word' id='word_1_121' title='bbox 187 2684 325 2750; x_wconf 85' lang='lat' dir='ltr'>Brachia</span> <span class='ocrx_word' id='word_1_122' title='bbox 352 2684 435 2751; x_wconf 88' lang='lat' dir='ltr'>sessa</span> <span class='ocrx_word' id='word_1_123' title='bbox 460 2701 562 2750; x_wconf 91' lang='lat' dir='ltr'>ruunt</span> <span class='ocrx_word' id='word_1_124' title='bbox 581 2684 775 2772; x_wconf 86' lang='lat' dir='ltr'>consumptis</span> <span class='ocrx_word' id='word_1_125' title='bbox 797 2683 925 2750; x_wconf 78' lang='lat' dir='ltr'>uiribus</span> <span class='ocrx_word' id='word_1_126' title='bbox 947 2682 1041 2774; x_wconf 85' lang='lat' dir='ltr'>aptis·</span> 
     </span>
     <span class='ocr_line' id='line_1_22' title="bbox 187 2785 1046 2880; baseline 0.001 -28"><span class='ocrx_word' id='word_1_127' title='bbox 187 2788 293 2855; x_wconf 90' lang='lat' dir='ltr'>Nocte</span> <span class='ocrx_word' id='word_1_128' title='bbox 319 2789 434 2878; x_wconf 89' lang='lat' dir='ltr'>dieque</span> <span class='ocrx_word' id='word_1_129' title='bbox 457 2791 548 2880; x_wconf 88' lang='lat' dir='ltr'>gravi</span> <span class='ocrx_word' id='word_1_130' title='bbox 577 2788 771 2879; x_wconf 81' lang='lat' dir='ltr'>franguntur</span> <span class='ocrx_word' id='word_1_131' title='bbox 792 2811 888 2853; x_wconf 85' lang='lat' dir='ltr'>crura</span> <span class='ocrx_word' id='word_1_132' title='bbox 911 2785 1046 2871; x_wconf 90' lang='lat' dir='ltr'>dolore,</span> 
     </span>
     <span class='ocr_line' id='line_1_23' title="bbox 186 2894 1036 2987; baseline 0.001 -27"><span class='ocrx_word' id='word_1_133' title='bbox 186 2896 351 2962; x_wconf 88' lang='lat' dir='ltr'>Invalidus</span> <span class='ocrx_word' id='word_1_134' title='bbox 373 2920 432 2987; x_wconf 87' lang='lat' dir='ltr'>per</span> <span class='ocrx_word' id='word_1_135' title='bbox 452 2921 528 2962; x_wconf 88' lang='lat' dir='ltr'>rura</span> <span class='ocrx_word' id='word_1_136' title='bbox 553 2897 690 2979; x_wconf 85' lang='lat' dir='ltr'>trahor,</span> <span class='ocrx_word' id='word_1_137' title='bbox 713 2895 872 2987; x_wconf 84' lang='lat' dir='ltr'>raptando</span> <span class='ocrx_word' id='word_1_138' title='bbox 896 2894 1036 2979; x_wconf 84' lang='lat' dir='ltr'>vacillo,</span> 
     </span>
     <span class='ocr_line' id='line_1_24' title="bbox 185 3003 1055 3097; baseline 0.002 -27"><span class='ocrx_word' id='word_1_139' title='bbox 185 3003 256 3071; x_wconf 85' lang='lat' dir='ltr'>Nec</span> <span class='ocrx_word' id='word_1_140' title='bbox 279 3030 409 3097; x_wconf 87' lang='lat' dir='ltr'>possum</span> <span class='ocrx_word' id='word_1_141' title='bbox 432 3006 594 3073; x_wconf 87' lang='lat' dir='ltr'>recubans</span> <span class='ocrx_word' id='word_1_142' title='bbox 618 3009 775 3072; x_wconf 86' lang='lat' dir='ltr'>maeroris</span> <span class='ocrx_word' id='word_1_143' title='bbox 797 3027 929 3095; x_wconf 85' lang='lat' dir='ltr'>surgere</span> <span class='ocrx_word' id='word_1_144' title='bbox 951 3004 1055 3073; x_wconf 81' lang='lat' dir='ltr'>lecto=</span> 
     </span>
     <span class='ocr_line' id='line_1_25' title="bbox 185 3106 1104 3196; baseline 0.004 -28"><span class='ocrx_word' id='word_1_145' title='bbox 185 3106 271 3172; x_wconf 88' lang='lat' dir='ltr'>Nam</span> <span class='ocrx_word' id='word_1_146' title='bbox 294 3131 408 3176; x_wconf 88' lang='lat' dir='ltr'>vocem</span> <span class='ocrx_word' id='word_1_147' title='bbox 430 3126 468 3174; x_wconf 86' lang='lat' dir='ltr'>ut</span> <span class='ocrx_word' id='word_1_148' title='bbox 489 3133 601 3175; x_wconf 89' lang='lat' dir='ltr'>servus</span> <span class='ocrx_word' id='word_1_149' title='bbox 624 3124 768 3176; x_wconf 85' lang='lat' dir='ltr'>nostram</span> <span class='ocrx_word' id='word_1_150' title='bbox 790 3109 984 3196; x_wconf 85' lang='lat' dir='ltr'>persenserit</span> <span class='ocrx_word' id='word_1_151' title='bbox 1006 3130 1104 3190; x_wconf 88' lang='lat' dir='ltr'>aure,</span> 
     </span>
     <span class='ocr_line' id='line_1_26' title="bbox 180 3209 973 3305; baseline 0 -26"><span class='ocrx_word' id='word_1_152' title='bbox 180 3209 342 3279; x_wconf 88' lang='lat' dir='ltr'>Subducit</span> <span class='ocrx_word' id='word_1_153' title='bbox 365 3215 481 3281; x_wconf 87' lang='lat' dir='ltr'>nostris</span> <span class='ocrx_word' id='word_1_154' title='bbox 503 3212 630 3305; x_wconf 85' lang='lat' dir='ltr'>fugiens</span> <span class='ocrx_word' id='word_1_155' title='bbox 652 3214 771 3282; x_wconf 87' lang='lat' dir='ltr'>solacia</span> <span class='ocrx_word' id='word_1_156' title='bbox 794 3213 973 3293; x_wconf 65' lang='lat' dir='ltr'>membrisa</span> 
     </span>
    </p>

    <p class='ocr_par' dir='ltr' id='par_1_7' title="bbox 180 3319 992 3519">
     <span class='ocr_line' id='line_1_27' title="bbox 180 3319 992 3415; baseline 0.006 -33"><span class='ocrx_word' id='word_1_157' title='bbox 180 3319 252 3384; x_wconf 88' lang='lat' dir='ltr'>Nec</span> <span class='ocrx_word' id='word_1_158' title='bbox 274 3320 413 3388; x_wconf 89' lang='lat' dir='ltr'>tolerare</span> <span class='ocrx_word' id='word_1_159' title='bbox 436 3341 541 3412; x_wconf 85' lang='lat' dir='ltr'>potest</span> <span class='ocrx_word' id='word_1_160' title='bbox 561 3323 675 3415; x_wconf 92' lang='lat' dir='ltr'>longos</span> <span class='ocrx_word' id='word_1_161' title='bbox 698 3321 815 3389; x_wconf 88' lang='lat' dir='ltr'>ancilla</span> <span class='ocrx_word' id='word_1_162' title='bbox 839 3321 992 3404; x_wconf 90' lang='lat' dir='ltr'>labores,</span> 
     </span>
     <span class='ocr_line' id='line_1_28' title="bbox 180 3424 958 3519; baseline 0.01 -31"><span class='ocrx_word' id='word_1_163' title='bbox 180 3424 283 3491; x_wconf 86' lang='lat' dir='ltr'>Noxia</span> <span class='ocrx_word' id='word_1_164' title='bbox 306 3453 385 3519; x_wconf 90' lang='lat' dir='ltr'>quos</span> <span class='ocrx_word' id='word_1_165' title='bbox 409 3433 494 3497; x_wconf 89' lang='lat' dir='ltr'>misit</span> <span class='ocrx_word' id='word_1_166' title='bbox 516 3432 647 3519; x_wconf 85' lang='lat' dir='ltr'>spinosa</span> <span class='ocrx_word' id='word_1_167' title='bbox 671 3427 778 3497; x_wconf 82' lang='lat' dir='ltr'>fronte</span> <span class='ocrx_word' id='word_1_168' title='bbox 801 3445 958 3496; x_wconf 83' lang='lat' dir='ltr'>senectus.</span> 
     </span>
    </p>

    <p class='ocr_par' dir='ltr' id='par_1_8' title="bbox 177 3528 995 3736">
     <span class='ocr_line' id='line_1_29' title="bbox 177 3528 995 3623; baseline 0.004 -26"><span class='ocrx_word' id='word_1_169' title='bbox 177 3528 274 3600; x_wconf 88' lang='lat' dir='ltr'>Solve</span> <span class='ocrx_word' id='word_1_170' title='bbox 298 3536 469 3623; x_wconf 86' lang='lat' dir='ltr'>tenebroso</span> <span class='ocrx_word' id='word_1_171' title='bbox 493 3540 643 3603; x_wconf 84' lang='lat' dir='ltr'>miseram</span> <span class='ocrx_word' id='word_1_172' title='bbox 667 3535 708 3603; x_wconf 92' lang='lat' dir='ltr'>de</span> <span class='ocrx_word' id='word_1_173' title='bbox 734 3559 867 3602; x_wconf 89' lang='lat' dir='ltr'>carcere</span> <span class='ocrx_word' id='word_1_174' title='bbox 893 3537 995 3601; x_wconf 81' lang='lat' dir='ltr'>vitam</span> 
     </span>
     <span class='ocr_line' id='line_1_30' title="bbox 178 3638 960 3736; baseline 0.01 -34"><span class='ocrx_word' id='word_1_175' title='bbox 178 3638 329 3704; x_wconf 89' lang='lat' dir='ltr'>Turbida</span> <span class='ocrx_word' id='word_1_176' title='bbox 353 3642 472 3709; x_wconf 82' lang='lat' dir='ltr'>viventi</span> <span class='ocrx_word' id='word_1_177' title='bbox 496 3667 579 3733; x_wconf 86' lang='lat' dir='ltr'>quae</span> <span class='ocrx_word' id='word_1_178' title='bbox 603 3642 685 3709; x_wconf 88' lang='lat' dir='ltr'>nulli</span> <span class='ocrx_word' id='word_1_179' title='bbox 709 3668 844 3736; x_wconf 90' lang='lat' dir='ltr'>parcere</span> <span class='ocrx_word' id='word_1_180' title='bbox 866 3644 960 3712; x_wconf 82' lang='lat' dir='ltr'>nosti.</span> 
     </span>
    </p>
   </div>
   <div class='ocr_carea' id='block_1_3' title="bbox 0 0 1696 5206">
    <p class='ocr_par' dir='ltr' id='par_1_9' title="bbox 0 0 1696 5206">
     <span class='ocr_line' id='line_1_31' title="bbox 0 0 1696 5206; baseline 0 11"><span class='ocrx_word' id='word_1_181' title='bbox 0 0 1696 5206; x_wconf 95' lang='lat' dir='ltr'> </span> 
     </span>
    </p>
   </div>
  </div>
 </body>
</html>
