<?xml version="1.0" encoding="UTF-8"?>
<!DOCTYPE html PUBLIC "-//W3C//DTD XHTML 1.0 Transitional//EN"
    "http://www.w3.org/TR/xhtml1/DTD/xhtml1-transitional.dtd">
<html xmlns="http://www.w3.org/1999/xhtml" xml:lang="en" lang="en">
 <head>
  <title>
</title>
<meta http-equiv="Content-Type" content="text/html;charset=utf-8" />
  <meta name='ocr-system' content='tesseract 3.04.00' />
  <meta name='ocr-capabilities' content='ocr_page ocr_carea ocr_par ocr_line ocrx_word'/>
</head>
<body>
  <div class='ocr_page' id='page_1' title='image "./classicorumauct00vatigoog_0221.png"; bbox 0 0 3382 5206; ppageno 0'>
   <div class='ocr_carea' id='block_1_1' title="bbox 705 601 934 649">
    <p class='ocr_par' dir='ltr' id='par_1_1' title="bbox 705 601 934 649">
     <span class='ocr_line' id='line_1_1' title="bbox 705 601 934 649; baseline -0.009 -1"><span class='ocrx_word' id='word_1_1' title='bbox 705 604 749 649; x_wconf 74' lang='lat' dir='ltr'><strong>DE</strong></span> <span class='ocrx_word' id='word_1_2' title='bbox 779 601 934 649; x_wconf 72' lang='grc' dir='ltr'><strong>ΝΟΜΙΝΕ.</strong></span> 
     </span>
    </p>
   </div>
   <div class='ocr_carea' id='block_1_2' title="bbox 327 705 821 2890">
    <p class='ocr_par' dir='ltr' id='par_1_2' title="bbox 327 705 821 2538">
     <span class='ocr_line' id='line_1_2' title="bbox 329 705 819 778; baseline -0.004 -19"><span class='ocrx_word' id='word_1_3' title='bbox 329 716 398 765; x_wconf 73' lang='lat' dir='ltr'><strong>tum,</strong></span> <span class='ocrx_word' id='word_1_4' title='bbox 408 719 438 760; x_wconf 83' lang='lat' dir='ltr'><strong>ut</strong></span> <span class='ocrx_word' id='word_1_5' title='bbox 451 718 533 778; x_wconf 74' lang='lat' dir='ltr'><strong>puta,</strong></span> <span class='ocrx_word' id='word_1_6' title='bbox 548 708 691 759; x_wconf 73' lang='lat' dir='ltr'><strong>masculino</strong></span> <span class='ocrx_word' id='word_1_7' title='bbox 706 719 733 758; x_wconf 87' lang='lat' dir='ltr'><strong>et</strong></span> <span class='ocrx_word' id='word_1_8' title='bbox 747 705 819 760; x_wconf 81' lang='lat' dir='ltr'><strong>semi·</strong></span> 
     </span>
     <span class='ocr_line' id='line_1_3' title="bbox 327 793 817 859; baseline -0.004 -12"><span class='ocrx_word' id='word_1_9' title='bbox 327 794 392 848; x_wconf 84' lang='lat' dir='ltr'><strong>nino</strong></span> <span class='ocrx_word' id='word_1_10' title='bbox 399 814 409 859; x_wconf 80' lang='lat'>3</span> <span class='ocrx_word' id='word_1_11' title='bbox 433 795 518 850; x_wconf 79' lang='lat' dir='ltr'><strong>tales.</strong></span> <span class='ocrx_word' id='word_1_12' title='bbox 542 793 662 848; x_wconf 80' lang='lat' dir='ltr'><strong>felicem.</strong></span> <span class='ocrx_word' id='word_1_13' title='bbox 684 804 712 848; x_wconf 85' lang='lat' dir='ltr'><strong>et</strong></span> <span class='ocrx_word' id='word_1_14' title='bbox 731 805 817 847; x_wconf 81' lang='lat' dir='ltr'><strong>cetera</strong></span> 
     </span>
     <span class='ocr_line' id='line_1_4' title="bbox 329 881 818 951; baseline 0 -18"><span class='ocrx_word' id='word_1_15' title='bbox 329 881 411 942; x_wconf 64' lang='lat' dir='ltr'><strong>tulin</strong></span> <span class='ocrx_word' id='word_1_16' title='bbox 431 881 544 932; x_wconf 83' lang='lat' dir='ltr'>dicimus</span> <span class='ocrx_word' id='word_1_17' title='bbox 563 882 652 938; x_wconf 85' lang='lat' dir='ltr'><strong>enirn.</strong></span> <span class='ocrx_word' id='word_1_18' title='bbox 671 881 737 934; x_wconf 72' lang='lat' dir='ltr'><strong>tales</strong></span> <span class='ocrx_word' id='word_1_19' title='bbox 752 896 818 951; x_wconf 83' lang='lat' dir='ltr'><strong>pue·</strong></span> 
     </span>
     <span class='ocr_line' id='line_1_5' title="bbox 327 970 817 1041; baseline -0.002 -17"><span class='ocrx_word' id='word_1_20' title='bbox 327 989 370 1024; x_wconf 78' lang='lat' dir='ltr'><strong>ros</strong></span> <span class='ocrx_word' id='word_1_21' title='bbox 390 983 418 1024; x_wconf 82' lang='lat' dir='ltr'><strong>er</strong></span> <span class='ocrx_word' id='word_1_22' title='bbox 438 973 503 1024; x_wconf 75' lang='lat' dir='ltr'><strong>tries</strong></span> <span class='ocrx_word' id='word_1_23' title='bbox 514 972 613 1041; x_wconf 77' lang='lat' dir='ltr'><strong>puellas</strong></span> <span class='ocrx_word' id='word_1_24' title='bbox 623 1009 629 1029; x_wconf 89' lang='lat'>‚</span> <span class='ocrx_word' id='word_1_25' title='bbox 640 970 741 1025; x_wconf 81' lang='lat' dir='ltr'>felicem</span> <span class='ocrx_word' id='word_1_26' title='bbox 756 987 817 1041; x_wconf 87' lang='lat' dir='ltr'><strong>pue·</strong></span> 
     </span>
     <span class='ocr_line' id='line_1_6' title="bbox 327 1056 819 1127; baseline -0.006 -17"><span class='ocrx_word' id='word_1_27' title='bbox 327 1075 387 1110; x_wconf 87' lang='lat' dir='ltr'><strong>rum</strong></span> <span class='ocrx_word' id='word_1_28' title='bbox 411 1069 439 1111; x_wconf 86' lang='lat' dir='ltr'><strong>et</strong></span> <span class='ocrx_word' id='word_1_29' title='bbox 466 1058 567 1112; x_wconf 70' lang='lat' dir='ltr'><strong>[eiiceur</strong></span> <span class='ocrx_word' id='word_1_30' title='bbox 591 1058 705 1127; x_wconf 81' lang='lat' dir='ltr'><strong>puellam</strong></span> <span class='ocrx_word' id='word_1_31' title='bbox 755 1056 819 1108; x_wconf 80' lang='lat' dir='ltr'><strong>item</strong></span> 
     </span>
     <span class='ocr_line' id='line_1_7' title="bbox 329 1144 820 1214; baseline 0 -19"><span class='ocrx_word' id='word_1_32' title='bbox 329 1144 403 1214; x_wconf 89' lang='lat' dir='ltr'><strong>quod</strong></span> <span class='ocrx_word' id='word_1_33' title='bbox 420 1145 566 1198; x_wconf 75' lang='lat' dir='ltr'><strong>masculino</strong></span> <span class='ocrx_word' id='word_1_34' title='bbox 589 1156 616 1198; x_wconf 83' lang='lat' dir='ltr'><strong>et</strong></span> <span class='ocrx_word' id='word_1_35' title='bbox 635 1154 730 1198; x_wconf 82' lang='lat' dir='ltr'><strong>neutro</strong></span> <span class='ocrx_word' id='word_1_36' title='bbox 755 1161 820 1197; x_wconf 76' lang='lat' dir='ltr'><strong>nun·</strong></span> 
     </span>
     <span class='ocr_line' id='line_1_8' title="bbox 328 1233 817 1303; baseline -0.002 -17"><span class='ocrx_word' id='word_1_37' title='bbox 328 1233 402 1286; x_wconf 78' lang='lat' dir='ltr'><strong>venit</strong></span> <span class='ocrx_word' id='word_1_38' title='bbox 418 1242 544 1289; x_wconf 80' lang='lat' dir='ltr'><strong>rantum.</strong></span> <span class='ocrx_word' id='word_1_39' title='bbox 562 1240 592 1287; x_wconf 79' lang='lat' dir='ltr'><strong>ut</strong></span> <span class='ocrx_word' id='word_1_40' title='bbox 613 1244 693 1303; x_wconf 83' lang='lat' dir='ltr'><strong>putu.</strong></span> <span class='ocrx_word' id='word_1_41' title='bbox 715 1249 817 1298; x_wconf 75' lang='lat' dir='ltr'><strong>magno·</strong></span> 
     </span>
     <span class='ocr_line' id='line_1_9' title="bbox 327 1317 816 1377; baseline -0.008 -6"><span class='ocrx_word' id='word_1_42' title='bbox 327 1337 401 1377; x_wconf 81' lang='lat' dir='ltr'><strong>rum.</strong></span> <span class='ocrx_word' id='word_1_43' title='bbox 415 1319 566 1376; x_wconf 86' lang='lat' dir='ltr'><strong>doctorum,</strong></span> <span class='ocrx_word' id='word_1_44' title='bbox 585 1332 613 1373; x_wconf 84' lang='lat' dir='ltr'><strong>et</strong></span> <span class='ocrx_word' id='word_1_45' title='bbox 629 1332 715 1372; x_wconf 71' lang='lat' dir='ltr'><strong>cerere</strong></span> <span class='ocrx_word' id='word_1_46' title='bbox 736 1317 816 1373; x_wconf 75' lang='lat' dir='ltr'><strong>ralia:</strong></span> 
     </span>
     <span class='ocr_line' id='line_1_10' title="bbox 328 1406 818 1477; baseline 0.008 -20"><span class='ocrx_word' id='word_1_47' title='bbox 328 1406 443 1459; x_wconf 82' lang='lat' dir='ltr'><strong>dicimus</strong></span> <span class='ocrx_word' id='word_1_48' title='bbox 460 1424 531 1460; x_wconf 86' lang='lat' dir='ltr'><strong>enuu</strong></span> <span class='ocrx_word' id='word_1_49' title='bbox 552 1426 702 1475; x_wconf 80' lang='lat' dir='ltr'><strong>ruuguorurn</strong></span> <span class='ocrx_word' id='word_1_50' title='bbox 723 1424 818 1477; x_wconf 84' lang='lat' dir='ltr'><strong>puero-</strong></span> 
     </span>
     <span class='ocr_line' id='line_1_11' title="bbox 327 1497 818 1566; baseline 0.002 -19"><span class='ocrx_word' id='word_1_51' title='bbox 327 1513 386 1547; x_wconf 90' lang='lat' dir='ltr'><strong>rum</strong></span> <span class='ocrx_word' id='word_1_52' title='bbox 400 1505 427 1548; x_wconf 82' lang='lat' dir='ltr'><strong>et</strong></span> <span class='ocrx_word' id='word_1_53' title='bbox 442 1514 593 1562; x_wconf 80' lang='lat' dir='ltr'><strong>magnorum</strong></span> <span class='ocrx_word' id='word_1_54' title='bbox 612 1497 818 1566; x_wconf 76' lang='lat' dir='ltr'><strong>mancipiorum.</strong></span> 
     </span>
     <span class='ocr_line' id='line_1_12' title="bbox 329 1583 816 1654; baseline -0.006 -19"><span class='ocrx_word' id='word_1_55' title='bbox 329 1583 436 1635; x_wconf 83' lang='lat' dir='ltr'><strong>doctum</strong></span> <span class='ocrx_word' id='word_1_56' title='bbox 443 1602 554 1654; x_wconf 85' lang='lat' dir='ltr'><strong>pueruur</strong></span> <span class='ocrx_word' id='word_1_57' title='bbox 565 1596 592 1636; x_wconf 84' lang='lat' dir='ltr'><strong>et</strong></span> <span class='ocrx_word' id='word_1_58' title='bbox 603 1584 709 1636; x_wconf 83' lang='lat' dir='ltr'><strong>doctum</strong></span> <span class='ocrx_word' id='word_1_59' title='bbox 721 1583 816 1635; x_wconf 77' lang='lat' dir='ltr'><strong>manci-</strong></span> 
     </span>
     <span class='ocr_line' id='line_1_13' title="bbox 327 1672 818 1744; baseline -0.004 -20"><span class='ocrx_word' id='word_1_60' title='bbox 327 1673 412 1744; x_wconf 76' lang='lat' dir='ltr'><strong>pium.</strong></span> <span class='ocrx_word' id='word_1_61' title='bbox 420 1674 487 1726; x_wconf 86' lang='lat' dir='ltr'><strong>ltem</strong></span> <span class='ocrx_word' id='word_1_62' title='bbox 497 1673 570 1741; x_wconf 88' lang='lat' dir='ltr'><strong>quod</strong></span> <span class='ocrx_word' id='word_1_63' title='bbox 579 1672 713 1724; x_wconf 80' lang='lat' dir='ltr'><strong>feminino.</strong></span> <span class='ocrx_word' id='word_1_64' title='bbox 722 1683 749 1726; x_wconf 81' lang='lat' dir='ltr'><strong>et</strong></span> <span class='ocrx_word' id='word_1_65' title='bbox 758 1689 818 1724; x_wconf 90' lang='lat' dir='ltr'><strong>uen-</strong></span> 
     </span>
     <span class='ocr_line' id='line_1_14' title="bbox 330 1761 818 1830; baseline -0.008 -15"><span class='ocrx_word' id='word_1_66' title='bbox 330 1772 371 1815; x_wconf 74' lang='lat' dir='ltr'><strong>tro</strong></span> <span class='ocrx_word' id='word_1_67' title='bbox 379 1761 630 1817; x_wconf 68' lang='lat' dir='ltr'><strong>murmurantum.</strong></span> <span class='ocrx_word' id='word_1_68' title='bbox 640 1771 669 1813; x_wconf 81' lang='lat' dir='ltr'><strong>ut</strong></span> <span class='ocrx_word' id='word_1_69' title='bbox 681 1771 818 1830; x_wconf 60' lang='lat' dir='ltr'><strong>puteanu-</strong></span> 
     </span>
     <span class='ocr_line' id='line_1_15' title="bbox 329 1849 818 1917; baseline 0 -16"><span class='ocrx_word' id='word_1_70' title='bbox 329 1867 400 1917; x_wconf 68' lang='grc' dir='ltr'><strong>μα.</strong></span> <span class='ocrx_word' id='word_1_71' title='bbox 417 1851 472 1902; x_wconf 77' lang='lat' dir='ltr'><strong>alta</strong></span> <span class='ocrx_word' id='word_1_72' title='bbox 485 1860 528 1907; x_wconf 84' lang='lat' dir='ltr'><strong>‚et</strong></span> <span class='ocrx_word' id='word_1_73' title='bbox 542 1863 627 1903; x_wconf 81' lang='lat' dir='ltr'><strong>cetera</strong></span> <span class='ocrx_word' id='word_1_74' title='bbox 648 1850 727 1902; x_wconf 74' lang='lat' dir='ltr'><strong>tulin:</strong></span> <span class='ocrx_word' id='word_1_75' title='bbox 747 1849 818 1901; x_wconf 79' lang='lat' dir='ltr'><strong>dici-</strong></span> 
     </span>
     <span class='ocr_line' id='line_1_16' title="bbox 329 1940 812 2008; baseline -0.006 -14"><span class='ocrx_word' id='word_1_76' title='bbox 329 1961 387 1996; x_wconf 78' lang='lat' dir='ltr'><strong>mue</strong></span> <span class='ocrx_word' id='word_1_77' title='bbox 405 1942 474 1996; x_wconf 89' lang='lat' dir='ltr'><strong>enirn</strong></span> <span class='ocrx_word' id='word_1_78' title='bbox 495 1959 586 2008; x_wconf 74' lang='lat' dir='ltr'><strong>magun</strong></span> <span class='ocrx_word' id='word_1_79' title='bbox 607 1940 701 1991; x_wconf 87' lang='lat' dir='ltr'><strong>mulier</strong></span> <span class='ocrx_word' id='word_1_80' title='bbox 716 1949 745 1992; x_wconf 84' lang='lat' dir='ltr'><strong>et</strong></span> <span class='ocrx_word' id='word_1_81' title='bbox 763 1958 812 1991; x_wconf 84' lang='lat' dir='ltr'><strong>ma·</strong></span> 
     </span>
     <span class='ocr_line' id='line_1_17' title="bbox 328 2027 820 2099; baseline -0.004 -17"><span class='ocrx_word' id='word_1_82' title='bbox 328 2048 380 2097; x_wconf 72' lang='lat' dir='ltr'><strong>gna</strong></span> <span class='ocrx_word' id='word_1_83' title='bbox 399 2029 551 2099; x_wconf 75' lang='lat' dir='ltr'><strong>mancipia.</strong></span> <span class='ocrx_word' id='word_1_84' title='bbox 568 2027 621 2080; x_wconf 78' lang='lat' dir='ltr'><strong>alra</strong></span> <span class='ocrx_word' id='word_1_85' title='bbox 638 2027 729 2082; x_wconf 82' lang='lat' dir='ltr'><strong>domus</strong></span> <span class='ocrx_word' id='word_1_86' title='bbox 742 2039 769 2080; x_wconf 86' lang='lat' dir='ltr'><strong>et</strong></span> <span class='ocrx_word' id='word_1_87' title='bbox 786 2029 820 2080; x_wconf 83' lang='lat' dir='ltr'><strong>nl·</strong></span> 
     </span>
     <span class='ocr_line' id='line_1_18' title="bbox 328 2117 820 2188; baseline -0.004 -17"><span class='ocrx_word' id='word_1_88' title='bbox 328 2129 356 2171; x_wconf 76' lang='grc' dir='ltr'><strong>ιι</strong></span> <span class='ocrx_word' id='word_1_89' title='bbox 379 2117 487 2188; x_wconf 76' lang='lat' dir='ltr'><strong>templa.</strong></span> <span class='ocrx_word' id='word_1_90' title='bbox 515 2117 557 2168; x_wconf 89' lang='lat' dir='ltr'><strong>Sic</strong></span> <span class='ocrx_word' id='word_1_91' title='bbox 589 2125 616 2168; x_wconf 85' lang='lat' dir='ltr'><strong>et</strong></span> <span class='ocrx_word' id='word_1_92' title='bbox 643 2127 729 2169; x_wconf 80' lang='lat' dir='ltr'><strong>cetera</strong></span> <span class='ocrx_word' id='word_1_93' title='bbox 756 2117 820 2169; x_wconf 73' lang='lat' dir='ltr'><strong>teliu</strong></span> 
     </span>
     <span class='ocr_line' id='line_1_19' title="bbox 327 2202 821 2277; baseline -0.01 -18"><span class='ocrx_word' id='word_1_94' title='bbox 327 2225 397 2277; x_wconf 77' lang='lat' dir='ltr'><strong>quae</strong></span> <span class='ocrx_word' id='word_1_95' title='bbox 416 2205 444 2257; x_wconf 88' lang='lat' dir='ltr'><strong>in</strong></span> <span class='ocrx_word' id='word_1_96' title='bbox 461 2222 628 2273; x_wconf 86' lang='lat' dir='ltr'><strong>quocumque</strong></span> <span class='ocrx_word' id='word_1_97' title='bbox 642 2220 703 2255; x_wconf 84' lang='lat' dir='ltr'><strong>casu</strong></span> <span class='ocrx_word' id='word_1_98' title='bbox 719 2202 821 2255; x_wconf 76' lang='lat' dir='ltr'><strong>duobus</strong></span> 
     </span>
     <span class='ocr_line' id='line_1_20' title="bbox 328 2290 820 2361; baseline -0.014 -15"><span class='ocrx_word' id='word_1_99' title='bbox 328 2291 466 2361; x_wconf 74' lang='lat' dir='ltr'><strong>generibus</strong></span> <span class='ocrx_word' id='word_1_100' title='bbox 480 2292 621 2344; x_wconf 80' lang='lat' dir='ltr'><strong>convenire</strong></span> <span class='ocrx_word' id='word_1_101' title='bbox 634 2290 820 2358; x_wconf 82' lang='lat' dir='ltr'><strong>repperiuntur</strong></span> 
     </span>
     <span class='ocr_line' id='line_1_21' title="bbox 330 2377 821 2446; baseline -0.012 -10"><span class='ocrx_word' id='word_1_102' title='bbox 330 2394 450 2439; x_wconf 77' lang='lat' dir='ltr'><strong>tantum,</strong></span> <span class='ocrx_word' id='word_1_103' title='bbox 469 2381 534 2432; x_wconf 77' lang='lat' dir='ltr'><strong>haec</strong></span> <span class='ocrx_word' id='word_1_104' title='bbox 552 2379 696 2432; x_wconf 86' lang='lat' dir='ltr'><strong>communis</strong></span> <span class='ocrx_word' id='word_1_105' title='bbox 720 2377 821 2446; x_wconf 75' lang='lat' dir='ltr'><strong>generis</strong></span> 
     </span>
     <span class='ocr_line' id='line_1_22' title="bbox 329 2468 613 2538; baseline -0.028 -16"><span class='ocrx_word' id='word_1_106' title='bbox 329 2487 385 2522; x_wconf 79' lang='lat' dir='ltr'><strong>erse</strong></span> <span class='ocrx_word' id='word_1_107' title='bbox 396 2468 613 2538; x_wconf 79' lang='lat' dir='ltr'><strong>pronuntiantur.</strong></span> 
     </span>
    </p>

    <p class='ocr_par' dir='ltr' id='par_1_3' title="bbox 327 2550 821 2890">
     <span class='ocr_line' id='line_1_23' title="bbox 363 2550 821 2622; baseline -0.007 -15"><span class='ocrx_word' id='word_1_108' title='bbox 363 2557 431 2608; x_wconf 80' lang='lat' dir='ltr'><strong>Saue</strong></span> <span class='ocrx_word' id='word_1_109' title='bbox 444 2555 493 2608; x_wconf 86' lang='lat' dir='ltr'><strong>hoc</strong></span> <span class='ocrx_word' id='word_1_110' title='bbox 510 2570 641 2606; x_wconf 80' lang='lat' dir='ltr'><strong>monemus</strong></span> <span class='ocrx_word' id='word_1_111' title='bbox 657 2551 747 2622; x_wconf 88' lang='lat' dir='ltr'><strong>‚quod</strong></span> <span class='ocrx_word' id='word_1_112' title='bbox 765 2550 821 2604; x_wconf 78' lang='lat' dir='ltr'><strong>sint</strong></span> 
     </span>
     <span class='ocr_line' id='line_1_24' title="bbox 329 2639 820 2710; baseline -0.006 -17"><span class='ocrx_word' id='word_1_113' title='bbox 329 2642 419 2710; x_wconf 76' lang='lat' dir='ltr'><strong>aliqua</strong></span> <span class='ocrx_word' id='word_1_114' title='bbox 430 2642 535 2695; x_wconf 83' lang='lat' dir='ltr'><strong>nomina</strong></span> <span class='ocrx_word' id='word_1_115' title='bbox 547 2641 648 2709; x_wconf 74' lang='lat' dir='ltr'><strong>generis</strong></span> <span class='ocrx_word' id='word_1_116' title='bbox 658 2639 801 2693; x_wconf 80' lang='lat' dir='ltr'><strong>communis</strong></span> <span class='ocrx_word' id='word_1_117' title='bbox 812 2674 820 2694; x_wconf 81' lang='grc'><strong><em>,</em></strong></span> 
     </span>
     <span class='ocr_line' id='line_1_25' title="bbox 327 2727 819 2801; baseline -0.012 -18"><span class='ocrx_word' id='word_1_118' title='bbox 327 2749 396 2801; x_wconf 82' lang='lat' dir='ltr'><strong>qnae</strong></span> <span class='ocrx_word' id='word_1_119' title='bbox 411 2732 473 2782; x_wconf 82' lang='lat' dir='ltr'><strong>licet</strong></span> <span class='ocrx_word' id='word_1_120' title='bbox 492 2728 612 2782; x_wconf 82' lang='lat' dir='ltr'><strong>absolute</strong></span> <span class='ocrx_word' id='word_1_121' title='bbox 622 2727 708 2798; x_wconf 81' lang='lat' dir='ltr'><strong>posita</strong></span> <span class='ocrx_word' id='word_1_122' title='bbox 719 2737 746 2779; x_wconf 82' lang='lat' dir='ltr'><strong>et</strong></span> <span class='ocrx_word' id='word_1_123' title='bbox 763 2727 819 2798; x_wconf 77' lang='lat' dir='ltr'><strong>ipsa</strong></span> 
     </span>
     <span class='ocr_line' id='line_1_26' title="bbox 328 2816 819 2890; baseline -0.014 -16"><span class='ocrx_word' id='word_1_124' title='bbox 328 2839 383 2874; x_wconf 73' lang='lat' dir='ltr'><strong>esse</strong></span> <span class='ocrx_word' id='word_1_125' title='bbox 395 2819 596 2890; x_wconf 81' lang='lat' dir='ltr'><strong>repperiuntur,</strong></span> <span class='ocrx_word' id='word_1_126' title='bbox 614 2818 664 2869; x_wconf 90' lang='lat' dir='ltr'><strong>hoc</strong></span> <span class='ocrx_word' id='word_1_127' title='bbox 683 2827 743 2872; x_wconf 81' lang='lat' dir='ltr'><strong>est,</strong></span> <span class='ocrx_word' id='word_1_128' title='bbox 761 2816 819 2868; x_wconf 86' lang='lat' dir='ltr'><strong>siue</strong></span> 
     </span>
    </p>
   </div>
   <div class='ocr_carea' id='block_1_3' title="bbox 249 2911 820 2975">
    <p class='ocr_par' dir='ltr' id='par_1_4' title="bbox 249 2911 820 2975">
     <span class='ocr_line' id='line_1_27' title="bbox 249 2911 820 2975; baseline -0.014 -9"><span class='ocrx_word' id='word_1_129' title='bbox 249 2918 253 2923; x_wconf 82' lang='grc'><em>“</em></span> <span class='ocrx_word' id='word_1_130' title='bbox 328 2929 453 2968; x_wconf 86' lang='lat' dir='ltr'><strong>numero,</strong></span> <span class='ocrx_word' id='word_1_131' title='bbox 473 2911 512 2962; x_wconf 89' lang='lat' dir='ltr'><strong>vel</strong></span> <span class='ocrx_word' id='word_1_132' title='bbox 531 2926 643 2975; x_wconf 82' lang='lat' dir='ltr'><strong>gruere,</strong></span> <span class='ocrx_word' id='word_1_133' title='bbox 658 2918 685 2960; x_wconf 83' lang='lat' dir='ltr'><strong>et</strong></span> <span class='ocrx_word' id='word_1_134' title='bbox 700 2924 778 2963; x_wconf 82' lang='lat' dir='ltr'><strong>cusu.</strong></span> <span class='ocrx_word' id='word_1_135' title='bbox 792 2916 820 2958; x_wconf 88' lang='lat' dir='ltr'><strong>et</strong></span> 
     </span>
    </p>
   </div>
   <div class='ocr_carea' id='block_1_4' title="bbox 324 2997 819 3584">
    <p class='ocr_par' dir='ltr' id='par_1_5' title="bbox 324 2997 819 3584">
     <span class='ocr_line' id='line_1_28' title="bbox 328 2997 819 3062; baseline -0.014 -10"><span class='ocrx_word' id='word_1_136' title='bbox 328 3019 381 3052; x_wconf 92' lang='lat' dir='ltr'><strong>uon</strong></span> <span class='ocrx_word' id='word_1_137' title='bbox 401 3009 503 3052; x_wconf 74' lang='lat' dir='ltr'><strong>tautum</strong></span> <span class='ocrx_word' id='word_1_138' title='bbox 523 2997 558 3049; x_wconf 82' lang='lat' dir='ltr'><strong>ad</strong></span> <span class='ocrx_word' id='word_1_139' title='bbox 577 3011 656 3062; x_wconf 78' lang='lat' dir='ltr'><strong>genus</strong></span> <span class='ocrx_word' id='word_1_140' title='bbox 684 3010 819 3047; x_wconf 89' lang='lat' dir='ltr'><strong>commune</strong></span> 
     </span>
     <span class='ocr_line' id='line_1_29' title="bbox 326 3082 817 3151; baseline -0.022 -11"><span class='ocrx_word' id='word_1_141' title='bbox 326 3089 426 3142; x_wconf 79' lang='lat' dir='ltr'><strong>solum,</strong></span> <span class='ocrx_word' id='word_1_142' title='bbox 451 3085 496 3138; x_wconf 83' lang='lat' dir='ltr'><strong>sed</strong></span> <span class='ocrx_word' id='word_1_143' title='bbox 514 3095 541 3137; x_wconf 87' lang='lat' dir='ltr'><strong>et</strong></span> <span class='ocrx_word' id='word_1_144' title='bbox 559 3082 633 3134; x_wconf 78' lang='lat' dir='ltr'><strong>aliud</strong></span> <span class='ocrx_word' id='word_1_145' title='bbox 660 3099 739 3149; x_wconf 82' lang='lat' dir='ltr'><strong>genus</strong></span> <span class='ocrx_word' id='word_1_146' title='bbox 757 3098 817 3151; x_wconf 87' lang='lat' dir='ltr'><strong>per-</strong></span> 
     </span>
     <span class='ocr_line' id='line_1_30' title="bbox 327 3168 817 3245; baseline -0.022 -16"><span class='ocrx_word' id='word_1_147' title='bbox 327 3176 410 3229; x_wconf 76' lang='lat' dir='ltr'><strong>tinere</strong></span> <span class='ocrx_word' id='word_1_148' title='bbox 423 3173 570 3245; x_wconf 83' lang='lat' dir='ltr'><strong>probantur</strong></span> <span class='ocrx_word' id='word_1_149' title='bbox 582 3208 589 3229; x_wconf 84' lang='lat'><em>,</em></span> <span class='ocrx_word' id='word_1_150' title='bbox 601 3182 630 3224; x_wconf 82' lang='lat' dir='ltr'><strong>ut</strong></span> <span class='ocrx_word' id='word_1_151' title='bbox 650 3182 714 3242; x_wconf 76' lang='lat' dir='ltr'><strong>putu</strong></span> <span class='ocrx_word' id='word_1_152' title='bbox 734 3169 758 3221; x_wconf 80' lang='lat' dir='ltr'><strong>si</strong></span> <span class='ocrx_word' id='word_1_153' title='bbox 778 3168 817 3219; x_wconf 89' lang='lat' dir='ltr'><strong>di·</strong></span> 
     </span>
     <span class='ocr_line' id='line_1_31' title="bbox 327 3256 815 3330; baseline -0.014 -16"><span class='ocrx_word' id='word_1_154' title='bbox 327 3274 371 3315; x_wconf 82' lang='lat' dir='ltr'><strong>cut</strong></span> <span class='ocrx_word' id='word_1_155' title='bbox 406 3281 578 3330; x_wconf 74' lang='lat' dir='ltr'><strong>magnum,</strong></span> <span class='ocrx_word' id='word_1_156' title='bbox 608 3260 684 3312; x_wconf 84' lang='lat' dir='ltr'><strong>cuius</strong></span> <span class='ocrx_word' id='word_1_157' title='bbox 713 3256 815 3326; x_wconf 76' lang='lat' dir='ltr'><strong>generis</strong></span> 
     </span>
     <span class='ocr_line' id='line_1_32' title="bbox 326 3344 815 3422; baseline -0.02 -17"><span class='ocrx_word' id='word_1_158' title='bbox 326 3353 421 3422; x_wconf 77' lang='lat' dir='ltr'><strong>utique</strong></span> <span class='ocrx_word' id='word_1_159' title='bbox 431 3371 484 3406; x_wconf 91' lang='lat' dir='ltr'><strong>non</strong></span> <span class='ocrx_word' id='word_1_160' title='bbox 499 3352 581 3404; x_wconf 83' lang='lat' dir='ltr'><strong>soiuru</strong></span> <span class='ocrx_word' id='word_1_161' title='bbox 595 3346 741 3401; x_wconf 85' lang='lat' dir='ltr'><strong>communis</strong></span> <span class='ocrx_word' id='word_1_162' title='bbox 751 3381 759 3403; x_wconf 87' lang='lat'><em>,</em></span> <span class='ocrx_word' id='word_1_163' title='bbox 769 3344 815 3396; x_wconf 89' lang='lat' dir='ltr'><strong>sed</strong></span> 
     </span>
     <span class='ocr_line' id='line_1_33' title="bbox 326 3438 809 3504; baseline -0.027 -6"><span class='ocrx_word' id='word_1_164' title='bbox 326 3456 354 3498; x_wconf 82' lang='lat' dir='ltr'><strong>et</strong></span> <span class='ocrx_word' id='word_1_165' title='bbox 365 3443 468 3500; x_wconf 83' lang='lat' dir='ltr'><strong>neutri,</strong></span> <span class='ocrx_word' id='word_1_166' title='bbox 481 3441 584 3495; x_wconf 79' lang='lat' dir='ltr'><strong>scilicet</strong></span> <span class='ocrx_word' id='word_1_167' title='bbox 598 3457 718 3504; x_wconf 81' lang='lat' dir='ltr'><strong>magnum</strong></span> <span class='ocrx_word' id='word_1_168' title='bbox 730 3438 757 3488; x_wconf 92' lang='lat' dir='ltr'><strong>in</strong></span> <span class='ocrx_word' id='word_1_169' title='bbox 769 3452 809 3486; x_wconf 88' lang='lat' dir='ltr'><strong>ac-</strong></span> 
     </span>
     <span class='ocr_line' id='line_1_34' title="bbox 324 3528 814 3584; baseline -0.022 0"><span class='ocrx_word' id='word_1_170' title='bbox 324 3528 814 3584; x_wconf 74' lang='lat' dir='ltr'><strong>cusarivoermasculinoerneuuoeu</strong></span> 
     </span>
    </p>
   </div>
   <div class='ocr_carea' id='block_1_5' title="bbox 326 3615 818 4120">
    <p class='ocr_par' dir='ltr' id='par_1_6' title="bbox 326 3615 818 4120">
     <span class='ocr_line' id='line_1_35' title="bbox 326 3615 812 3689; baseline -0.023 -16"><span class='ocrx_word' id='word_1_171' title='bbox 326 3638 407 3689; x_wconf 72' lang='lat' dir='ltr'><strong>genus</strong></span> <span class='ocrx_word' id='word_1_172' title='bbox 416 3636 551 3672; x_wconf 86' lang='lat' dir='ltr'><strong>commune</strong></span> <span class='ocrx_word' id='word_1_173' title='bbox 558 3637 567 3681; x_wconf 73' lang='lat'>3</span> <span class='ocrx_word' id='word_1_174' title='bbox 579 3628 607 3669; x_wconf 79' lang='lat' dir='ltr'><strong>at</strong></span> <span class='ocrx_word' id='word_1_175' title='bbox 618 3635 678 3668; x_wconf 87' lang='lat' dir='ltr'><strong>vero</strong></span> <span class='ocrx_word' id='word_1_176' title='bbox 691 3615 812 3666; x_wconf 81' lang='lat' dir='ltr'><strong>nomina-</strong></span> 
     </span>
     <span class='ocr_line' id='line_1_36' title="bbox 329 3703 813 3773; baseline -0.023 -11"><span class='ocrx_word' id='word_1_177' title='bbox 329 3709 386 3762; x_wconf 79' lang='lat' dir='ltr'><strong>tivo</strong></span> <span class='ocrx_word' id='word_1_178' title='bbox 394 3720 433 3759; x_wconf 83' lang='lat' dir='ltr'><strong>est</strong></span> <span class='ocrx_word' id='word_1_179' title='bbox 444 3723 535 3773; x_wconf 77' lang='lat' dir='ltr'><strong>genere</strong></span> <span class='ocrx_word' id='word_1_180' title='bbox 547 3715 647 3757; x_wconf 82' lang='lat' dir='ltr'><strong>neutro·</strong></span> <span class='ocrx_word' id='word_1_181' title='bbox 660 3705 723 3757; x_wconf 76' lang='lat' dir='ltr'><strong>irem</strong></span> <span class='ocrx_word' id='word_1_182' title='bbox 731 3732 745 3742; x_wconf 97' lang='lat'>-</span> <span class='ocrx_word' id='word_1_183' title='bbox 753 3703 813 3755; x_wconf 86' lang='lat' dir='ltr'><strong>doo-</strong></span> 
     </span>
     <span class='ocr_line' id='line_1_37' title="bbox 327 3793 816 3866; baseline -0.008 -18"><span class='ocrx_word' id='word_1_184' title='bbox 327 3793 816 3866; x_wconf 80' lang='lat' dir='ltr'><strong>ti-ntiqueetcommunisetmusculi·</strong></span> 
     </span>
     <span class='ocr_line' id='line_1_38' title="bbox 330 3884 818 3954; baseline -0.004 -17"><span class='ocrx_word' id='word_1_185' title='bbox 330 3885 358 3937; x_wconf 87' lang='lat' dir='ltr'><strong>ni</strong></span> <span class='ocrx_word' id='word_1_186' title='bbox 366 3886 481 3942; x_wconf 73' lang='lat' dir='ltr'><strong>‚scilicet</strong></span> <span class='ocrx_word' id='word_1_187' title='bbox 489 3884 615 3954; x_wconf 77' lang='lat' dir='ltr'><strong>quonium</strong></span> <span class='ocrx_word' id='word_1_188' title='bbox 624 3884 697 3937; x_wconf 87' lang='lat' dir='ltr'><strong>docti</strong></span> <span class='ocrx_word' id='word_1_189' title='bbox 706 3884 734 3936; x_wconf 88' lang='lat' dir='ltr'><strong>in</strong></span> <span class='ocrx_word' id='word_1_190' title='bbox 745 3900 818 3951; x_wconf 76' lang='lat' dir='ltr'><strong>gene·</strong></span> 
     </span>
     <span class='ocr_line' id='line_1_39' title="bbox 328 3973 817 4039; baseline -0.014 -10"><span class='ocrx_word' id='word_1_191' title='bbox 328 3976 385 4029; x_wconf 77' lang='lat' dir='ltr'><strong>tiro</strong></span> <span class='ocrx_word' id='word_1_192' title='bbox 394 3993 426 4027; x_wconf 88' lang='lat' dir='ltr'><strong>ex</strong></span> <span class='ocrx_word' id='word_1_193' title='bbox 437 3973 582 4026; x_wconf 73' lang='lat' dir='ltr'><strong>masculino</strong></span> <span class='ocrx_word' id='word_1_194' title='bbox 589 3982 616 4024; x_wconf 84' lang='lat' dir='ltr'><strong>et</strong></span> <span class='ocrx_word' id='word_1_195' title='bbox 624 3983 717 4023; x_wconf 85' lang='lat' dir='ltr'><strong>neutro</strong></span> <span class='ocrx_word' id='word_1_196' title='bbox 724 3981 765 4022; x_wconf 79' lang='lat' dir='ltr'><strong>est</strong></span> <span class='ocrx_word' id='word_1_197' title='bbox 775 3989 817 4039; x_wconf 80' lang='lat' dir='ltr'><strong>ge·</strong></span> 
     </span>
     <span class='ocr_line' id='line_1_40' title="bbox 328 4060 817 4120; baseline -0.012 -1"><span class='ocrx_word' id='word_1_198' title='bbox 328 4066 397 4119; x_wconf 71' lang='lat' dir='ltr'><strong>neris</strong></span> <span class='ocrx_word' id='word_1_199' title='bbox 407 4063 558 4120; x_wconf 76' lang='lat' dir='ltr'><strong>communie·</strong></span> <span class='ocrx_word' id='word_1_200' title='bbox 565 4060 601 4117; x_wconf 80' lang='grc' dir='ltr'><strong>Δι</strong></span> <span class='ocrx_word' id='word_1_201' title='bbox 608 4081 670 4116; x_wconf 86' lang='lat' dir='ltr'><strong>vero</strong></span> <span class='ocrx_word' id='word_1_202' title='bbox 677 4060 817 4115; x_wconf 76' lang='lat' dir='ltr'><strong>nominati·</strong></span> 
     </span>
    </p>
   </div>
   <div class='ocr_carea' id='block_1_6' title="bbox 1270 581 1337 676">
    <p class='ocr_par' dir='ltr' id='par_1_7' title="bbox 1270 581 1337 676">
     <span class='ocr_line' id='line_1_41' title="bbox 1270 581 1337 676; baseline 0.045 -24"><span class='ocrx_word' id='word_1_203' title='bbox 1270 581 1337 676; x_wconf 83' lang='lat'><strong>159</strong></span> 
     </span>
    </p>
   </div>
   <div class='ocr_carea' id='block_1_7' title="bbox 866 707 1427 4133">
    <p class='ocr_par' dir='ltr' id='par_1_8' title="bbox 871 707 1366 2258">
     <span class='ocr_line' id='line_1_42' title="bbox 873 707 1362 774; baseline 0.014 -16"><span class='ocrx_word' id='word_1_204' title='bbox 873 718 951 759; x_wconf 77' lang='lat' dir='ltr'><strong>voest</strong></span> <span class='ocrx_word' id='word_1_205' title='bbox 965 707 1066 774; x_wconf 77' lang='lat' dir='ltr'><strong>generis</strong></span> <span class='ocrx_word' id='word_1_206' title='bbox 1085 707 1280 762; x_wconf 75' lang='lat' dir='ltr'><strong>masculini-Et</strong></span> <span class='ocrx_word' id='word_1_207' title='bbox 1303 710 1362 765; x_wconf 83' lang='lat' dir='ltr'><strong>ideo</strong></span> 
     </span>
     <span class='ocr_line' id='line_1_43' title="bbox 871 794 1366 852; baseline 0.012 -6"><span class='ocrx_word' id='word_1_208' title='bbox 871 794 1054 847; x_wconf 72' lang='lat' dir='ltr'><strong>absolutorum</strong></span> <span class='ocrx_word' id='word_1_209' title='bbox 1082 796 1217 848; x_wconf 86' lang='lat' dir='ltr'><strong>nominum</strong></span> <span class='ocrx_word' id='word_1_210' title='bbox 1237 797 1366 852; x_wconf 76' lang='lat' dir='ltr'><strong>conicien-</strong></span> 
     </span>
     <span class='ocr_line' id='line_1_44' title="bbox 871 861 1363 956; baseline 0.008 -20"><span class='ocrx_word' id='word_1_211' title='bbox 871 884 906 936; x_wconf 81' lang='lat' dir='ltr'><strong>dn</strong></span> <span class='ocrx_word' id='word_1_212' title='bbox 922 861 1092 951; x_wconf 69' lang='lat' dir='ltr'><strong>runtigenera</strong></span> <span class='ocrx_word' id='word_1_213' title='bbox 1103 921 1111 942; x_wconf 86' lang='lat'><em>,</em></span> <span class='ocrx_word' id='word_1_214' title='bbox 1124 885 1224 939; x_wconf 81' lang='lat' dir='ltr'><strong>scilicet</strong></span> <span class='ocrx_word' id='word_1_215' title='bbox 1238 888 1363 956; x_wconf 68' lang='lat' dir='ltr'><strong>quonium</strong></span> 
     </span>
     <span class='ocr_line' id='line_1_45' title="bbox 872 973 1362 1048; baseline 0.01 -23"><span class='ocrx_word' id='word_1_216' title='bbox 872 992 925 1027; x_wconf 90' lang='lat' dir='ltr'><strong>non</strong></span> <span class='ocrx_word' id='word_1_217' title='bbox 944 990 1043 1043; x_wconf 82' lang='lat' dir='ltr'><strong>semper</strong></span> <span class='ocrx_word' id='word_1_218' title='bbox 1060 975 1148 1028; x_wconf 79' lang='lat' dir='ltr'><strong>omnia</strong></span> <span class='ocrx_word' id='word_1_219' title='bbox 1167 973 1289 1028; x_wconf 73' lang='lat' dir='ltr'><strong>absolute</strong></span> <span class='ocrx_word' id='word_1_220' title='bbox 1314 995 1362 1048; x_wconf 89' lang='lat' dir='ltr'><strong>op-</strong></span> 
     </span>
     <span class='ocr_line' id='line_1_46' title="bbox 872 1059 1362 1131; baseline 0.01 -19"><span class='ocrx_word' id='word_1_221' title='bbox 872 1059 978 1129; x_wconf 80' lang='lat' dir='ltr'><strong>posita.</strong></span> <span class='ocrx_word' id='word_1_222' title='bbox 1004 1059 1055 1112; x_wconf 82' lang='lat' dir='ltr'><strong>hoc</strong></span> <span class='ocrx_word' id='word_1_223' title='bbox 1080 1072 1122 1114; x_wconf 74' lang='lat' dir='ltr'><strong>est</strong></span> <span class='ocrx_word' id='word_1_224' title='bbox 1137 1098 1145 1119; x_wconf 86' lang='lat'>‚</span> <span class='ocrx_word' id='word_1_225' title='bbox 1162 1062 1221 1115; x_wconf 80' lang='lat' dir='ltr'><strong>sine</strong></span> <span class='ocrx_word' id='word_1_226' title='bbox 1246 1080 1362 1131; x_wconf 77' lang='lat' dir='ltr'><strong>genere.</strong></span> 
     </span>
     <span class='ocr_line' id='line_1_47' title="bbox 872 1148 1362 1223; baseline 0.004 -21"><span class='ocrx_word' id='word_1_227' title='bbox 872 1148 915 1202; x_wconf 81' lang='lat' dir='ltr'><strong>vel</strong></span> <span class='ocrx_word' id='word_1_228' title='bbox 932 1165 994 1200; x_wconf 82' lang='lat' dir='ltr'><strong>casu</strong></span> <span class='ocrx_word' id='word_1_229' title='bbox 1007 1185 1014 1204; x_wconf 90' lang='lat'>.</span> <span class='ocrx_word' id='word_1_230' title='bbox 1032 1159 1060 1201; x_wconf 86' lang='lat' dir='ltr'><strong>et</strong></span> <span class='ocrx_word' id='word_1_231' title='bbox 1072 1168 1180 1203; x_wconf 86' lang='lat' dir='ltr'><strong>numero</strong></span> <span class='ocrx_word' id='word_1_232' title='bbox 1198 1151 1302 1221; x_wconf 77' lang='lat' dir='ltr'><strong>posita.</strong></span> <span class='ocrx_word' id='word_1_233' title='bbox 1316 1170 1362 1223; x_wconf 86' lang='lat' dir='ltr'><strong>per</strong></span> 
     </span>
     <span class='ocr_line' id='line_1_48' title="bbox 873 1252 1361 1309; baseline 0.01 -22"><span class='ocrx_word' id='word_1_234' title='bbox 873 1252 960 1287; x_wconf 84' lang='lat' dir='ltr'><strong>omnes</strong></span> <span class='ocrx_word' id='word_1_235' title='bbox 974 1253 1052 1290; x_wconf 77' lang='lat' dir='ltr'><strong>casus</strong></span> <span class='ocrx_word' id='word_1_236' title='bbox 1067 1255 1121 1290; x_wconf 90' lang='lat' dir='ltr'><strong>uno</strong></span> <span class='ocrx_word' id='word_1_237' title='bbox 1137 1254 1228 1304; x_wconf 80' lang='lat' dir='ltr'><strong>genere</strong></span> <span class='ocrx_word' id='word_1_238' title='bbox 1241 1256 1361 1309; x_wconf 84' lang='lat' dir='ltr'><strong>perseve-</strong></span> 
     </span>
     <span class='ocr_line' id='line_1_49' title="bbox 871 1325 1363 1397; baseline 0.008 -21"><span class='ocrx_word' id='word_1_239' title='bbox 871 1335 941 1377; x_wconf 74' lang='lat' dir='ltr'><strong>runt·</strong></span> <span class='ocrx_word' id='word_1_240' title='bbox 952 1325 1037 1378; x_wconf 89' lang='lat' dir='ltr'><strong>Omne</strong></span> <span class='ocrx_word' id='word_1_241' title='bbox 1053 1343 1134 1393; x_wconf 76' lang='lat' dir='ltr'><strong>genus</strong></span> <span class='ocrx_word' id='word_1_242' title='bbox 1151 1337 1208 1381; x_wconf 80' lang='lat' dir='ltr'><strong>est.</strong></span> <span class='ocrx_word' id='word_1_243' title='bbox 1221 1328 1295 1397; x_wconf 88' lang='lat' dir='ltr'><strong>quod</strong></span> <span class='ocrx_word' id='word_1_244' title='bbox 1310 1328 1363 1382; x_wconf 82' lang='lat' dir='ltr'><strong>tri·</strong></span> 
     </span>
     <span class='ocr_line' id='line_1_50' title="bbox 871 1409 1362 1479; baseline 0.02 -17"><span class='ocrx_word' id='word_1_245' title='bbox 871 1409 922 1464; x_wconf 80' lang='lat' dir='ltr'><strong>bus</strong></span> <span class='ocrx_word' id='word_1_246' title='bbox 939 1413 1078 1479; x_wconf 78' lang='lat' dir='ltr'><strong>generibus</strong></span> <span class='ocrx_word' id='word_1_247' title='bbox 1099 1415 1239 1472; x_wconf 85' lang='lat' dir='ltr'><strong>convenit,</strong></span> <span class='ocrx_word' id='word_1_248' title='bbox 1256 1415 1285 1467; x_wconf 88' lang='lat' dir='ltr'><strong>id</strong></span> <span class='ocrx_word' id='word_1_249' title='bbox 1302 1426 1362 1474; x_wconf 79' lang='lat' dir='ltr'><strong>est,</strong></span> 
     </span>
     <span class='ocr_line' id='line_1_51' title="bbox 871 1501 1363 1557; baseline 0.01 -5"><span class='ocrx_word' id='word_1_250' title='bbox 871 1502 1016 1554; x_wconf 63' lang='lat' dir='ltr'><strong>masculino</strong></span> <span class='ocrx_word' id='word_1_251' title='bbox 1044 1513 1071 1555; x_wconf 81' lang='lat' dir='ltr'><strong>et</strong></span> <span class='ocrx_word' id='word_1_252' title='bbox 1097 1501 1225 1556; x_wconf 77' lang='lat' dir='ltr'><strong>feminino</strong></span> <span class='ocrx_word' id='word_1_253' title='bbox 1243 1513 1270 1557; x_wconf 81' lang='lat' dir='ltr'><strong>et</strong></span> <span class='ocrx_word' id='word_1_254' title='bbox 1295 1522 1363 1557; x_wconf 88' lang='lat' dir='ltr'><strong>neu-</strong></span> 
     </span>
     <span class='ocr_line' id='line_1_52' title="bbox 873 1588 1361 1659; baseline 0.002 -18"><span class='ocrx_word' id='word_1_255' title='bbox 873 1598 930 1645; x_wconf 78' lang='lat' dir='ltr'><strong>tro.</strong></span> <span class='ocrx_word' id='word_1_256' title='bbox 940 1599 971 1640; x_wconf 84' lang='lat' dir='ltr'><strong>ut</strong></span> <span class='ocrx_word' id='word_1_257' title='bbox 987 1599 1068 1657; x_wconf 80' lang='lat' dir='ltr'><strong>puta,</strong></span> <span class='ocrx_word' id='word_1_258' title='bbox 1079 1588 1159 1644; x_wconf 74' lang='lat' dir='ltr'><strong>felix.</strong></span> <span class='ocrx_word' id='word_1_259' title='bbox 1174 1591 1290 1654; x_wconf 74' lang='lat' dir='ltr'><strong>magnis.</strong></span> <span class='ocrx_word' id='word_1_260' title='bbox 1301 1606 1361 1659; x_wconf 70' lang='lat' dir='ltr'><strong>grn-</strong></span> 
     </span>
     <span class='ocr_line' id='line_1_53' title="bbox 872 1677 1363 1732; baseline 0.004 -2"><span class='ocrx_word' id='word_1_261' title='bbox 872 1677 984 1732; x_wconf 58' lang='lat' dir='ltr'><strong>enimet</strong></span> <span class='ocrx_word' id='word_1_262' title='bbox 1003 1689 1091 1731; x_wconf 77' lang='lat' dir='ltr'><strong>cetera</strong></span> <span class='ocrx_word' id='word_1_263' title='bbox 1105 1677 1189 1729; x_wconf 76' lang='lat' dir='ltr'><strong>talia:</strong></span> <span class='ocrx_word' id='word_1_264' title='bbox 1205 1678 1317 1732; x_wconf 78' lang='lat' dir='ltr'><strong>dicimur</strong></span> <span class='ocrx_word' id='word_1_265' title='bbox 1332 1696 1363 1731; x_wconf 89' lang='lat' dir='ltr'><strong>e·</strong></span> 
     </span>
     <span class='ocr_line' id='line_1_54' title="bbox 873 1765 1361 1836; baseline 0.002 -17"><span class='ocrx_word' id='word_1_266' title='bbox 873 1766 927 1819; x_wconf 90' lang='lat' dir='ltr'><strong>uim</strong></span> <span class='ocrx_word' id='word_1_267' title='bbox 937 1765 998 1819; x_wconf 74' lang='lat' dir='ltr'><strong>felix</strong></span> <span class='ocrx_word' id='word_1_268' title='bbox 1010 1765 1177 1836; x_wconf 77' lang='lat' dir='ltr'><strong>pueretselix</strong></span> <span class='ocrx_word' id='word_1_269' title='bbox 1190 1767 1277 1836; x_wconf 83' lang='lat' dir='ltr'><strong>puella</strong></span> <span class='ocrx_word' id='word_1_270' title='bbox 1285 1777 1315 1821; x_wconf 88' lang='lat' dir='ltr'><strong>et</strong></span> <span class='ocrx_word' id='word_1_271' title='bbox 1324 1766 1361 1820; x_wconf 82' lang='lat' dir='ltr'><strong>se·</strong></span> 
     </span>
     <span class='ocr_line' id='line_1_55' title="bbox 872 1853 1363 1924; baseline 0.006 -19"><span class='ocrx_word' id='word_1_272' title='bbox 872 1854 910 1906; x_wconf 86' lang='lat' dir='ltr'><strong>lix</strong></span> <span class='ocrx_word' id='word_1_273' title='bbox 924 1853 1102 1924; x_wconf 77' lang='lat' dir='ltr'><strong>mancipium:</strong></span> <span class='ocrx_word' id='word_1_274' title='bbox 1116 1854 1215 1920; x_wconf 79' lang='lat' dir='ltr'><strong>mugnis</strong></span> <span class='ocrx_word' id='word_1_275' title='bbox 1232 1854 1321 1924; x_wconf 73' lang='lat' dir='ltr'><strong>pueris</strong></span> <span class='ocrx_word' id='word_1_276' title='bbox 1334 1864 1363 1908; x_wconf 81' lang='lat' dir='ltr'><strong>et</strong></span> 
     </span>
     <span class='ocr_line' id='line_1_56' title="bbox 873 1941 1361 2015; baseline -0.002 -19"><span class='ocrx_word' id='word_1_277' title='bbox 873 1945 977 2013; x_wconf 72' lang='lat' dir='ltr'><strong>maguis</strong></span> <span class='ocrx_word' id='word_1_278' title='bbox 989 1943 1085 2015; x_wconf 77' lang='lat' dir='ltr'><strong>puellis</strong></span> <span class='ocrx_word' id='word_1_279' title='bbox 1102 1953 1129 1996; x_wconf 84' lang='lat' dir='ltr'><strong>et</strong></span> <span class='ocrx_word' id='word_1_280' title='bbox 1144 1942 1244 2009; x_wconf 76' lang='lat' dir='ltr'><strong>magnis</strong></span> <span class='ocrx_word' id='word_1_281' title='bbox 1259 1941 1361 1995; x_wconf 82' lang='lat' dir='ltr'><strong>munci-</strong></span> 
     </span>
     <span class='ocr_line' id='line_1_57' title="bbox 873 2026 1362 2099; baseline 0.002 -20"><span class='ocrx_word' id='word_1_282' title='bbox 873 2031 925 2099; x_wconf 83' lang='lat' dir='ltr'><strong>piis</strong></span> <span class='ocrx_word' id='word_1_283' title='bbox 931 2046 940 2090; x_wconf 73' lang='lat'>3</span> <span class='ocrx_word' id='word_1_284' title='bbox 947 2028 1051 2096; x_wconf 76' lang='lat' dir='ltr'><strong>gracilis</strong></span> <span class='ocrx_word' id='word_1_285' title='bbox 1061 2028 1135 2097; x_wconf 88' lang='lat' dir='ltr'><strong>pueri</strong></span> <span class='ocrx_word' id='word_1_286' title='bbox 1145 2037 1172 2080; x_wconf 84' lang='lat' dir='ltr'><strong>et</strong></span> <span class='ocrx_word' id='word_1_287' title='bbox 1181 2026 1285 2094; x_wconf 76' lang='lat' dir='ltr'><strong>gracilis</strong></span> <span class='ocrx_word' id='word_1_288' title='bbox 1290 2027 1362 2097; x_wconf 82' lang='lat' dir='ltr'><strong>puol-</strong></span> 
     </span>
     <span class='ocr_line' id='line_1_58' title="bbox 873 2116 1361 2186; baseline 0 -18"><span class='ocrx_word' id='word_1_289' title='bbox 873 2117 949 2170; x_wconf 79' lang='lat' dir='ltr'><strong>lueet</strong></span> <span class='ocrx_word' id='word_1_290' title='bbox 963 2118 1068 2186; x_wconf 73' lang='lat' dir='ltr'><strong>gracilis</strong></span> <span class='ocrx_word' id='word_1_291' title='bbox 1082 2116 1208 2186; x_wconf 80' lang='lat' dir='ltr'><strong>mancipii</strong></span> <span class='ocrx_word' id='word_1_292' title='bbox 1218 2153 1225 2174; x_wconf 91' lang='lat'>,</span> <span class='ocrx_word' id='word_1_293' title='bbox 1235 2126 1264 2170; x_wconf 78' lang='lat' dir='ltr'><strong>et</strong></span> <span class='ocrx_word' id='word_1_294' title='bbox 1274 2126 1361 2170; x_wconf 78' lang='lat' dir='ltr'><strong>cetera</strong></span> 
     </span>
     <span class='ocr_line' id='line_1_59' title="bbox 873 2204 947 2258; baseline -0.054 0"><span class='ocrx_word' id='word_1_295' title='bbox 873 2204 947 2258; x_wconf 77' lang='lat' dir='ltr'><strong>talia.</strong></span> 
     </span>
    </p>

    <p class='ocr_par' dir='ltr' id='par_1_9' title="bbox 866 2290 1427 4133">
     <span class='ocr_line' id='line_1_60' title="bbox 907 2290 1361 2360; baseline 0.002 -18"><span class='ocrx_word' id='word_1_296' title='bbox 907 2291 981 2360; x_wconf 75' lang='lat' dir='ltr'><strong>Quae</strong></span> <span class='ocrx_word' id='word_1_297' title='bbox 1001 2291 1028 2341; x_wconf 90' lang='lat' dir='ltr'><strong>in</strong></span> <span class='ocrx_word' id='word_1_298' title='bbox 1047 2307 1213 2360; x_wconf 83' lang='lat' dir='ltr'><strong>quocumque</strong></span> <span class='ocrx_word' id='word_1_299' title='bbox 1230 2307 1293 2343; x_wconf 73' lang='lat' dir='ltr'><strong>casu</strong></span> <span class='ocrx_word' id='word_1_300' title='bbox 1308 2290 1361 2360; x_wconf 58' lang='lat' dir='ltr'><strong>‚tri-</strong></span> 
     </span>
     <span class='ocr_line' id='line_1_61' title="bbox 871 2376 1362 2450; baseline 0.002 -20"><span class='ocrx_word' id='word_1_301' title='bbox 871 2376 922 2431; x_wconf 79' lang='lat' dir='ltr'><strong>bur</strong></span> <span class='ocrx_word' id='word_1_302' title='bbox 944 2377 1085 2447; x_wconf 77' lang='lat' dir='ltr'><strong>generibus</strong></span> <span class='ocrx_word' id='word_1_303' title='bbox 1110 2381 1251 2432; x_wconf 81' lang='lat' dir='ltr'><strong>convenire</strong></span> <span class='ocrx_word' id='word_1_304' title='bbox 1271 2395 1362 2450; x_wconf 83' lang='lat' dir='ltr'><strong>reppe-</strong></span> 
     </span>
     <span class='ocr_line' id='line_1_62' title="bbox 873 2464 1363 2534; baseline 0.006 -16"><span class='ocrx_word' id='word_1_305' title='bbox 873 2467 993 2524; x_wconf 87' lang='lat' dir='ltr'><strong>riuntur.</strong></span> <span class='ocrx_word' id='word_1_306' title='bbox 1007 2464 1072 2518; x_wconf 81' lang='lat' dir='ltr'><strong>haec</strong></span> <span class='ocrx_word' id='word_1_307' title='bbox 1089 2465 1174 2520; x_wconf 80' lang='lat' dir='ltr'><strong>omnis</strong></span> <span class='ocrx_word' id='word_1_308' title='bbox 1192 2466 1295 2534; x_wconf 75' lang='lat' dir='ltr'><strong>generis</strong></span> <span class='ocrx_word' id='word_1_309' title='bbox 1307 2484 1363 2521; x_wconf 74' lang='lat' dir='ltr'><strong>eree</strong></span> 
     </span>
     <span class='ocr_line' id='line_1_63' title="bbox 873 2554 1361 2626; baseline 0.008 -20"><span class='ocrx_word' id='word_1_310' title='bbox 873 2556 1086 2626; x_wconf 75' lang='lat' dir='ltr'><strong>pronuntiantur·</strong></span> <span class='ocrx_word' id='word_1_311' title='bbox 1108 2555 1184 2608; x_wconf 82' lang='lat' dir='ltr'><strong>Nunc</strong></span> <span class='ocrx_word' id='word_1_312' title='bbox 1204 2556 1231 2607; x_wconf 94' lang='lat' dir='ltr'><strong>in</strong></span> <span class='ocrx_word' id='word_1_313' title='bbox 1250 2554 1292 2608; x_wconf 75' lang='lat' dir='ltr'><strong>his</strong></span> <span class='ocrx_word' id='word_1_314' title='bbox 1312 2574 1361 2610; x_wconf 84' lang='lat' dir='ltr'><strong>no·</strong></span> 
     </span>
     <span class='ocr_line' id='line_1_64' title="bbox 872 2641 1359 2710; baseline 0 -16"><span class='ocrx_word' id='word_1_315' title='bbox 872 2642 987 2694; x_wconf 81' lang='lat' dir='ltr'><strong>minibus</strong></span> <span class='ocrx_word' id='word_1_316' title='bbox 1000 2641 1101 2710; x_wconf 78' lang='lat' dir='ltr'><strong>generis</strong></span> <span class='ocrx_word' id='word_1_317' title='bbox 1110 2643 1195 2696; x_wconf 75' lang='lat' dir='ltr'><strong>omnis</strong></span> <span class='ocrx_word' id='word_1_318' title='bbox 1206 2641 1289 2694; x_wconf 75' lang='lat' dir='ltr'><strong>etiam</strong></span> <span class='ocrx_word' id='word_1_319' title='bbox 1308 2641 1359 2694; x_wconf 79' lang='lat' dir='ltr'><strong>hoe</strong></span> 
     </span>
     <span class='ocr_line' id='line_1_65' title="bbox 871 2727 1361 2799; baseline -0.006 -15"><span class='ocrx_word' id='word_1_320' title='bbox 871 2748 1022 2788; x_wconf 77' lang='lat' dir='ltr'><strong>monemus,</strong></span> <span class='ocrx_word' id='word_1_321' title='bbox 1041 2728 1114 2799; x_wconf 86' lang='lat' dir='ltr'><strong>quod</strong></span> <span class='ocrx_word' id='word_1_322' title='bbox 1132 2729 1188 2782; x_wconf 81' lang='lat' dir='ltr'><strong>sint</strong></span> <span class='ocrx_word' id='word_1_323' title='bbox 1205 2727 1295 2797; x_wconf 72' lang='lat' dir='ltr'><strong>alique</strong></span> <span class='ocrx_word' id='word_1_324' title='bbox 1312 2747 1361 2781; x_wconf 86' lang='lat' dir='ltr'><strong>uo-</strong></span> 
     </span>
     <span class='ocr_line' id='line_1_66' title="bbox 871 2815 1362 2888; baseline 0 -16"><span class='ocrx_word' id='word_1_325' title='bbox 871 2821 943 2873; x_wconf 81' lang='lat' dir='ltr'><strong>mina</strong></span> <span class='ocrx_word' id='word_1_326' title='bbox 972 2835 1040 2888; x_wconf 78' lang='lat' dir='ltr'><strong>quae</strong></span> <span class='ocrx_word' id='word_1_327' title='bbox 1066 2819 1128 2870; x_wconf 84' lang='lat' dir='ltr'><strong>iicet</strong></span> <span class='ocrx_word' id='word_1_328' title='bbox 1152 2815 1273 2870; x_wconf 75' lang='lat' dir='ltr'><strong>absolute</strong></span> <span class='ocrx_word' id='word_1_329' title='bbox 1299 2829 1362 2872; x_wconf 81' lang='lat' dir='ltr'><strong>runt</strong></span> 
     </span>
     <span class='ocr_line' id='line_1_67' title="bbox 871 2906 1360 2980; baseline -0.006 -18"><span class='ocrx_word' id='word_1_330' title='bbox 871 2909 957 2980; x_wconf 78' lang='lat' dir='ltr'><strong>posita</strong></span> <span class='ocrx_word' id='word_1_331' title='bbox 971 2943 978 2964; x_wconf 89' lang='lat'><em>.</em></span> <span class='ocrx_word' id='word_1_332' title='bbox 992 2907 1041 2960; x_wconf 86' lang='lat' dir='ltr'><strong>hoc</strong></span> <span class='ocrx_word' id='word_1_333' title='bbox 1059 2917 1099 2959; x_wconf 82' lang='lat' dir='ltr'><strong>est</strong></span> <span class='ocrx_word' id='word_1_334' title='bbox 1118 2917 1149 2958; x_wconf 88' lang='lat' dir='ltr'><strong>ut</strong></span> <span class='ocrx_word' id='word_1_335' title='bbox 1166 2924 1246 2976; x_wconf 80' lang='lat' dir='ltr'><strong>supra</strong></span> <span class='ocrx_word' id='word_1_336' title='bbox 1266 2906 1318 2959; x_wconf 74' lang='lat' dir='ltr'><strong>inm</strong></span> <span class='ocrx_word' id='word_1_337' title='bbox 1332 2909 1360 2959; x_wconf 90' lang='lat' dir='ltr'><strong>in</strong></span> 
     </span>
     <span class='ocr_line' id='line_1_68' title="bbox 872 2993 1361 3062; baseline -0.002 -15"><span class='ocrx_word' id='word_1_338' title='bbox 872 3012 963 3062; x_wconf 81' lang='lat' dir='ltr'><strong>genere</strong></span> <span class='ocrx_word' id='word_1_339' title='bbox 988 2995 1120 3049; x_wconf 88' lang='lat' dir='ltr'><strong>communi</strong></span> <span class='ocrx_word' id='word_1_340' title='bbox 1144 2994 1302 3052; x_wconf 74' lang='lat' dir='ltr'><strong>docuimus.</strong></span> <span class='ocrx_word' id='word_1_341' title='bbox 1333 2993 1361 3046; x_wconf 89' lang='lat' dir='ltr'><strong>id</strong></span> 
     </span>
     <span class='ocr_line' id='line_1_69' title="bbox 870 3084 1360 3155; baseline -0.002 -16"><span class='ocrx_word' id='word_1_342' title='bbox 870 3097 926 3144; x_wconf 85' lang='lat' dir='ltr'><strong>est,</strong></span> <span class='ocrx_word' id='word_1_343' title='bbox 945 3085 1002 3155; x_wconf 82' lang='lat' dir='ltr'><strong>sine</strong></span> <span class='ocrx_word' id='word_1_344' title='bbox 1016 3103 1124 3138; x_wconf 89' lang='lat' dir='ltr'><strong>numero</strong></span> <span class='ocrx_word' id='word_1_345' title='bbox 1136 3122 1143 3141; x_wconf 91' lang='lat'>.</span> <span class='ocrx_word' id='word_1_346' title='bbox 1156 3097 1183 3138; x_wconf 84' lang='lat' dir='ltr'><strong>er</strong></span> <span class='ocrx_word' id='word_1_347' title='bbox 1197 3101 1305 3153; x_wconf 76' lang='lat' dir='ltr'><strong>genere.</strong></span> <span class='ocrx_word' id='word_1_348' title='bbox 1318 3084 1360 3140; x_wconf 82' lang='lat' dir='ltr'><strong>rel</strong></span> 
     </span>
     <span class='ocr_line' id='line_1_70' title="bbox 870 3173 1362 3240; baseline 0.006 -15"><span class='ocrx_word' id='word_1_349' title='bbox 870 3192 951 3231; x_wconf 80' lang='lat' dir='ltr'><strong>casu,</strong></span> <span class='ocrx_word' id='word_1_350' title='bbox 969 3184 997 3226; x_wconf 86' lang='lat' dir='ltr'><strong>et</strong></span> <span class='ocrx_word' id='word_1_351' title='bbox 1019 3193 1073 3227; x_wconf 90' lang='lat' dir='ltr'><strong>non</strong></span> <span class='ocrx_word' id='word_1_352' title='bbox 1099 3183 1203 3226; x_wconf 78' lang='lat' dir='ltr'><strong>rantum</strong></span> <span class='ocrx_word' id='word_1_353' title='bbox 1222 3173 1256 3226; x_wconf 75' lang='lat' dir='ltr'><strong>ed</strong></span> <span class='ocrx_word' id='word_1_354' title='bbox 1281 3190 1362 3240; x_wconf 69' lang='lat' dir='ltr'><strong>genus</strong></span> 
     </span>
     <span class='ocr_line' id='line_1_71' title="bbox 868 3261 1408 3330; baseline 0.002 -15"><span class='ocrx_word' id='word_1_355' title='bbox 868 3280 944 3315; x_wconf 88' lang='lat' dir='ltr'><strong>omne</strong></span> <span class='ocrx_word' id='word_1_356' title='bbox 961 3262 1062 3320; x_wconf 81' lang='lat' dir='ltr'><strong>solum,</strong></span> <span class='ocrx_word' id='word_1_357' title='bbox 1079 3261 1170 3316; x_wconf 81' lang='lat' dir='ltr'><strong>redet</strong></span> <span class='ocrx_word' id='word_1_358' title='bbox 1187 3261 1262 3314; x_wconf 79' lang='lat' dir='ltr'><strong>aliud</strong></span> <span class='ocrx_word' id='word_1_359' title='bbox 1278 3279 1360 3330; x_wconf 70' lang='lat' dir='ltr'><strong>genus</strong></span> <span class='ocrx_word' id='word_1_360' title='bbox 1406 3291 1408 3294; x_wconf 33' lang='lat' dir='ltr'>v</span> 
     </span>
     <span class='ocr_line' id='line_1_72' title="bbox 866 3351 1360 3425; baseline 0.002 -20"><span class='ocrx_word' id='word_1_361' title='bbox 866 3352 999 3425; x_wconf 83' lang='lat' dir='ltr'><strong>pertinere</strong></span> <span class='ocrx_word' id='word_1_362' title='bbox 1013 3351 1174 3423; x_wconf 81' lang='lat' dir='ltr'><strong>probantur,</strong></span> <span class='ocrx_word' id='word_1_363' title='bbox 1188 3361 1220 3404; x_wconf 85' lang='lat' dir='ltr'><strong>ut</strong></span> <span class='ocrx_word' id='word_1_364' title='bbox 1238 3363 1321 3422; x_wconf 71' lang='lat' dir='ltr'><strong>pute.</strong></span> <span class='ocrx_word' id='word_1_365' title='bbox 1335 3351 1360 3406; x_wconf 78' lang='lat' dir='ltr'><strong>ei</strong></span> 
     </span>
     <span class='ocr_line' id='line_1_73' title="bbox 867 3440 1360 3509; baseline 0.004 -15"><span class='ocrx_word' id='word_1_366' title='bbox 867 3442 942 3494; x_wconf 80' lang='lat' dir='ltr'><strong>dicat</strong></span> <span class='ocrx_word' id='word_1_367' title='bbox 960 3440 1081 3509; x_wconf 61' lang='lat' dir='ltr'><strong>gracum</strong></span> <span class='ocrx_word' id='word_1_368' title='bbox 1095 3441 1171 3493; x_wconf 80' lang='lat' dir='ltr'><strong>cuius</strong></span> <span class='ocrx_word' id='word_1_369' title='bbox 1182 3441 1283 3508; x_wconf 77' lang='lat' dir='ltr'><strong>generis</strong></span> <span class='ocrx_word' id='word_1_370' title='bbox 1303 3441 1360 3497; x_wconf 83' lang='lat' dir='ltr'><strong>uri-</strong></span> 
     </span>
     <span class='ocr_line' id='line_1_74' title="bbox 867 3529 1360 3601; baseline 0.008 -19"><span class='ocrx_word' id='word_1_371' title='bbox 867 3549 920 3601; x_wconf 89' lang='lat' dir='ltr'><strong>que</strong></span> <span class='ocrx_word' id='word_1_372' title='bbox 939 3550 992 3585; x_wconf 90' lang='lat' dir='ltr'><strong>nou</strong></span> <span class='ocrx_word' id='word_1_373' title='bbox 1016 3531 1100 3583; x_wconf 85' lang='lat' dir='ltr'><strong>solum</strong></span> <span class='ocrx_word' id='word_1_374' title='bbox 1124 3529 1232 3588; x_wconf 80' lang='lat' dir='ltr'><strong>omnis,</strong></span> <span class='ocrx_word' id='word_1_375' title='bbox 1258 3529 1305 3583; x_wconf 82' lang='lat' dir='ltr'><strong>red</strong></span> <span class='ocrx_word' id='word_1_376' title='bbox 1332 3540 1360 3586; x_wconf 79' lang='lat' dir='ltr'><strong>et</strong></span> 
     </span>
     <span class='ocr_line' id='line_1_75' title="bbox 867 3616 1359 3687; baseline 0.004 -17"><span class='ocrx_word' id='word_1_377' title='bbox 867 3619 1032 3681; x_wconf 64' lang='lat' dir='ltr'><strong>communior</strong></span> <span class='ocrx_word' id='word_1_378' title='bbox 1045 3616 1148 3670; x_wconf 78' lang='lat' dir='ltr'><strong>scilicet</strong></span> <span class='ocrx_word' id='word_1_379' title='bbox 1165 3617 1290 3687; x_wconf 79' lang='lat' dir='ltr'><strong>quoniam</strong></span> <span class='ocrx_word' id='word_1_380' title='bbox 1303 3636 1359 3686; x_wconf 70' lang='lat' dir='ltr'><strong>gre·</strong></span> 
     </span>
     <span class='ocr_line' id='line_1_76' title="bbox 868 3704 1358 3773; baseline 0.004 -15"><span class='ocrx_word' id='word_1_381' title='bbox 868 3706 927 3759; x_wconf 83' lang='lat' dir='ltr'><strong>cilis</strong></span> <span class='ocrx_word' id='word_1_382' title='bbox 954 3706 981 3758; x_wconf 86' lang='lat' dir='ltr'><strong>in</strong></span> <span class='ocrx_word' id='word_1_383' title='bbox 1008 3705 1130 3773; x_wconf 75' lang='lat' dir='ltr'><strong>genetivo</strong></span> <span class='ocrx_word' id='word_1_384' title='bbox 1154 3722 1185 3758; x_wconf 84' lang='lat' dir='ltr'><strong>ex</strong></span> <span class='ocrx_word' id='word_1_385' title='bbox 1213 3704 1358 3760; x_wconf 78' lang='lat' dir='ltr'><strong>masculino</strong></span> 
     </span>
     <span class='ocr_line' id='line_1_77' title="bbox 868 3793 1427 3864; baseline -0.002 -14"><span class='ocrx_word' id='word_1_386' title='bbox 868 3808 895 3850; x_wconf 84' lang='lat' dir='ltr'><strong>et</strong></span> <span class='ocrx_word' id='word_1_387' title='bbox 914 3793 1040 3851; x_wconf 80' lang='lat' dir='ltr'><strong>feminino</strong></span> <span class='ocrx_word' id='word_1_388' title='bbox 1052 3805 1079 3848; x_wconf 83' lang='lat' dir='ltr'><strong>et</strong></span> <span class='ocrx_word' id='word_1_389' title='bbox 1098 3806 1191 3848; x_wconf 85' lang='lat' dir='ltr'><strong>neutro</strong></span> <span class='ocrx_word' id='word_1_390' title='bbox 1203 3805 1245 3848; x_wconf 79' lang='lat' dir='ltr'><strong>est</strong></span> <span class='ocrx_word' id='word_1_391' title='bbox 1258 3795 1359 3864; x_wconf 70' lang='lat' dir='ltr'><strong>generis</strong></span> <span class='ocrx_word' id='word_1_392' title='bbox 1422 3819 1427 3828; x_wconf 87' lang='lat'><em>·</em></span> 
     </span>
     <span class='ocr_line' id='line_1_78' title="bbox 870 3880 1360 3937; baseline -0.004 0"><span class='ocrx_word' id='word_1_393' title='bbox 870 3880 970 3937; x_wconf 81' lang='lat' dir='ltr'><strong>omnis:</strong></span> <span class='ocrx_word' id='word_1_394' title='bbox 995 3891 1024 3934; x_wconf 86' lang='grc' dir='ltr'><strong>ιι</strong></span> <span class='ocrx_word' id='word_1_395' title='bbox 1042 3898 1105 3934; x_wconf 80' lang='lat' dir='ltr'><strong>vero</strong></span> <span class='ocrx_word' id='word_1_396' title='bbox 1129 3881 1293 3935; x_wconf 78' lang='lat' dir='ltr'><strong>nominativo</strong></span> <span class='ocrx_word' id='word_1_397' title='bbox 1319 3891 1360 3935; x_wconf 73' lang='lat' dir='ltr'><strong>eet</strong></span> 
     </span>
     <span class='ocr_line' id='line_1_79' title="bbox 870 3968 1362 4040; baseline -0.004 -16"><span class='ocrx_word' id='word_1_398' title='bbox 870 3970 972 4040; x_wconf 72' lang='lat' dir='ltr'><strong>generis</strong></span> <span class='ocrx_word' id='word_1_399' title='bbox 1001 3969 1155 4022; x_wconf 78' lang='lat' dir='ltr'><strong>communis.</strong></span> <span class='ocrx_word' id='word_1_400' title='bbox 1182 3970 1216 4021; x_wconf 86' lang='lat' dir='ltr'><strong>Et</strong></span> <span class='ocrx_word' id='word_1_401' title='bbox 1234 3968 1312 4025; x_wconf 84' lang='lat' dir='ltr'><strong>ideo.</strong></span> <span class='ocrx_word' id='word_1_402' title='bbox 1330 3980 1362 4022; x_wconf 84' lang='lat' dir='ltr'><strong>ut</strong></span> 
     </span>
     <span class='ocr_line' id='line_1_80' title="bbox 870 4056 1358 4133; baseline -0.006 -20"><span class='ocrx_word' id='word_1_403' title='bbox 870 4077 951 4133; x_wconf 64' lang='lat' dir='ltr'><strong>supr:</strong></span> <span class='ocrx_word' id='word_1_404' title='bbox 976 4058 1028 4110; x_wconf 76' lang='lat' dir='ltr'><strong>ium</strong></span> <span class='ocrx_word' id='word_1_405' title='bbox 1057 4056 1085 4109; x_wconf 88' lang='lat' dir='ltr'><strong>iu</strong></span> <span class='ocrx_word' id='word_1_406' title='bbox 1110 4073 1203 4124; x_wconf 75' lang='lat' dir='ltr'><strong>genere</strong></span> <span class='ocrx_word' id='word_1_407' title='bbox 1227 4057 1358 4114; x_wconf 77' lang='lat' dir='ltr'><strong>communi</strong></span> 
     </span>
    </p>
   </div>
   <div class='ocr_carea' id='block_1_8' title="bbox 0 0 1696 5206">
    <p class='ocr_par' dir='ltr' id='par_1_10' title="bbox 0 0 1696 5206">
     <span class='ocr_line' id='line_1_81' title="bbox 0 0 1696 5206; baseline 0 0"><span class='ocrx_word' id='word_1_408' title='bbox 0 0 1696 5206; x_wconf 95' lang='lat' dir='ltr'><strong> </strong></span> 
     </span>
    </p>
   </div>
  </div>
 </body>
</html>
