3382 5206
721 595 864 643 terram
890 595 960 644 uu.
1249 568 1321 643 133

326 739 451 790 nosces
476 713 686 788 diminutiva
715 739 908 802 exsensu,
935 739 1010 786 non
1030 739 1072 785 ex
1090 710 1217 785 littera.
1244 709 1349 786 Deri-

324 836 436 911 rativa
462 854 583 911 autem
608 863 682 909 non
710 836 818 910 unius
842 837 952 910 moris
978 853 1081 925 sunt,
1108 853 1149 909 ut
1176 837 1219 908 (le
1247 852 1338 909 terra

328 978 513 1050 terrenus,
542 960 586 1032 de
609 976 728 1034 monte
748 976 955 1045 montanus:
982 959 1153 1059 quaedam
1174 959 1217 1032 de
1238 958 1347 1056 regio·

326 1085 432 1157 nibus
451 1102 486 1157 et
507 1084 671 1181 gentibus
693 1083 900 1158 derivantur
922 1104 957 1158 et
979 1083 1105 1173 sectis,
1127 1101 1168 1156 ut
1188 1083 1346 1155 machao·

325 1209 430 1280 nicus
459 1224 493 1280 et
522 1208 779 1304 grammaticus.
807 1206 1009 1282 Sciendum
1035 1207 1130 1306 quod
1151 1207 1268 1279 omnia
1287 1206 1345 1279 de·

327 1335 470 1407 rivativa
491 1335 633 1406 nomina
655 1333 789 1407 adiecta
807 1361 944 1432 semper
966 1350 1059 1406 sunt.
1082 1332 1345 1431 Comparationi

324 1456 492 1557 positivus
519 1458 647 1554 gradus
676 1485 759 1530 cum
783 1458 935 1557 genitivo
965 1458 1096 1553 servit3
1121 1456 1206 1530 licet
1231 1484 1272 1529 ex
1293 1484 1345 1528 so·

326 1578 493 1653 loecismo
514 1597 629 1653 tamen
652 1580 852 1681 superlativi
874 1582 978 1656 faeiat
999 1609 1114 1680 opus,
1143 1599 1184 1656 ut
1206 1581 1341 1680 sapiens

327 1703 550 1802 sapientium.
571 1705 852 1806 Nonnumquam
874 1706 978 1779 etiarn
998 1706 1251 1806 comparativus
1273 1734 1345 1802 gra·

327 1828 394 1900 dus
415 1855 497 1900 cum
512 1829 665 1925 genitivo
685 1829 783 1902 casui
802 1830 1016 1919 adhaeserit,
1036 1831 1239 1931 superlativi
1257 1858 1344 1930 opus

329 1952 431 2026 lacit:
451 1952 538 2023 dicis
559 1952 655 2023 enim
674 1949 782 2025 maior
801 1953 981 2041 omnium,
1001 1982 1043 2027 ac
1064 1952 1093 2027 si
1112 1953 1256 2027 dixisses
1275 1980 1345 2026 ma·

327 2077 443 2148 aimus
460 2106 468 2149 ε
488 2102 570 2147 cum
591 2077 848 2174 superlativus,
869 2077 899 2149 si
920 2078 1068 2152 ablativo
1087 2078 1216 2179 plurali
1236 2077 1343 2151 luerit

326 2199 544 2287 adiunctus,
571 2229 633 2299 pro
663 2202 895 2302 comparativo
923 2203 1143 2301 accipiatur,
1169 2201 1274 2277 Done
1293 2203 1344 2276 di-

327 2340 431 2395 cente
459 2337 482 2369 ‘⁴
514 2341 551 2397 tu
573 2355 608 2396 cs
634 2329 795 2400 omnibus
821 2327 1032 2401 fortissimus
1051 2327 1194 2423 regibus
1223 2383 1248 2415 „
1274 2327 1342 2400 hoc

327 2448 437 2535 dicit,
458 2450 583 2523 sortior
602 2453 777 2527 omnibus.
797 2451 854 2526 De
878 2454 1110 2552 comparativo
1130 2471 1249 2528 autem
1269 2481 1343 2527 non

328 2604 428 2674 parva
455 2578 614 2650 nascitur
638 2578 824 2674 ‹quaesti0‚
853 2594 975 2649 utrum
994 2604 1075 2649 nam
1103 2576 1195 2649 idem
1216 2578 1344 2672 gradus

328 2700 511 2800 utriusque
534 2703 675 2774 numeri
697 2701 794 2773 casui
813 2699 960 2772 ablativo
981 2700 1109 2772 servire
1129 2699 1276 2786 debeat,
1297 2724 1342 2769 an

329 2829 572 2901 tantummodo
593 2827 777 2924 singulari:
798 2828 875 2899 aliis
896 2826 964 2900 hoc
982 2825 1234 2900 confitentibus
1250 2824 1343 2922 quod

327 2969 518 3051 utrumque
540 2954 683 3052 recipiat
703 2982 847 3042 casum,
874 2952 951 3024 aliis
973 2970 1091 3024 autom
1111 2951 1342 3024 diffitentibus

326 3076 420 3173 quod
449 3078 580 3177 absque
607 3078 776 3175 singulari
800 3077 947 3149 ablativo
968 3076 1123 3176 aliquem
1142 3076 1270 3148 habeat
1292 3068 1349 3148 ca·¹

330 3228 408 3271 sum
436 3200 492 3272 cui
519 3202 587 3274 rite
607 3202 744 3278 serviat.
773 3200 846 3299 Ego
867 3230 992 3279 assero
1021 3200 1114 3300 quod
1144 3200 1347 3300 comparati·

329 3354 392 3399 vus
418 3327 547 3421 gradus
575 3328 762 3427 utriusque
782 3328 922 3399 numeri
943 3325 1040 3400 casui
1059 3325 1204 3397 ablativo
1228 3325 1346 3398 rectis

330 3449 414 3520 sime
442 3450 576 3523 serviat.
606 3449 873 3549 Comparatisus
902 3448 1116 3521 nominativo
1145 3448 1242 3522 casui
1269 3449 1345 3521 abs·

328 3598 396 3668 que
419 3573 639 3670 comparandi
661 3573 850 3663 adverbio,
879 3574 973 3673 quod
995 3588 1046 3644 est
1067 3602 1199 3673 quam,
1221 3573 1345 3645 adiun-

329 3695 359 3788 gi
386 3724 459 3767 non
486 3697 601 3771 debet.
630 3696 806 3770 Positivus
833 3725 895 3796 pro
919 3698 1155 3793 comparativo
1176 3695 1345 3796 ponitur,

329 3819 419 3890 sicut
433 3819 598 3894 Horatius
619 3823 775 3894 scribens
789 3835 812 3865 “
830 3824 945 3894 sactus
965 3838 1014 3892 cst
1037 3847 1101 3893 suo
1121 3847 1267 3917 magnus
1287 3817 1346 3890 do-

327 3961 422 4016 ctore
453 4006 476 4033 ‚‚
509 3976 573 4045 pro
595 3950 707 4021 maior
730 3948 978 4042 3,rationabilis
1003 3974 1066 4045 pro
1086 3944 1345 4021 rationabilior:
