3382 5206
727 587 772 632 DE
799 585 967 636 braama
1043 608 1044 611 ¹
1133 611 1137 620 ¹

339 694 426 753 tibus.
444 708 527 762 quere
548 689 576 743 in
594 687 660 741 duas
678 698 767 759 partes
788 686 833 739 di-

1277 544 1344 669 ⁴157

854 699 856 704 ’
885 688 936 741 hae
947 689 980 743 de
989 708 1082 750 causa.
1092 692 1217 762 quoniam
1228 711 1378 764 graecarum

341 788 482 841 videntur.
501 781 552 835 boc
565 791 607 835 est
628 780 657 833 in
670 777 837 856 semivocaley
889 776 1036 831 litterarum
1060 780 1186 835 voeabula
1211 784 1239 836 in
1264 785 1378 841 diuidi·

338 886 366 929 et
394 868 500 926 mutas?
517 871 567 922 bac
588 869 622 921 de
647 884 746 923 causa,
765 884 833 937 quo·

339 963 410 1016 niam
431 958 599 1015 semivocales
615 956 741 1008 maiorem
760 966 834 1026 pote·

337 1062 434 1104 statem
448 1048 551 1102 babent
563 1063 644 1116 quam
659 1055 746 1096 mutae
752 1064 761 1107 ι
773 1061 834 1095 nam

338 1155 397 1190 cnm
417 1153 505 1190 omnes
525 1133 589 1185 artis
604 1133 716 1187 latores.
731 1129 831 1200 praeci,

336 1243 441 1299 poaque
469 1224 585 1280 Caesar,
611 1230 718 1290 propter
746 1217 832 1272 ratio-

336 1333 396 1368 nem
427 1312 562 1366 metricam
585 1321 612 1362 et
639 1318 832 1361 structurarum

336 1403 481 1473 qualitates
491 1439 498 1458 ‚
511 1399 672 1467 singularum
681 1396 830 1450 litterarum

337 1508 413 1545 sonos
433 1488 625 1561 ponderatam.
651 1484 703 1536 bae
726 1482 830 1536 ratione

336 1575 503 1633 semivocales
534 1573 614 1626 mutis
644 1568 829 1641 praeferendas

336 1665 537 1718 iudicaverunt.
566 1659 639 1731 quod
662 1658 829 1736 semivocales

337 1751 483 1819 geminam
507 1746 541 1800 ad
571 1763 664 1799 sonum
692 1742 828 1801 vocalibus

335 1850 489 1894 occurrunt.
508 1837 625 1893 hocest.
648 1846 679 1889 ιιι
698 1833 826 1904 syllabam

337 1931 421 1984 lacere
434 1929 555 2002 possint.
573 1940 603 1981 ut
614 1939 693 1999 puta,
706 1926 758 1978 Ala·
774 1942 825 1977 ars·

337 2035 428 2072 mons.
447 2017 527 2069 iners·
548 2024 576 2067 et
595 2025 680 2068 cetera
702 2013 776 2065 talia·
789 2012 826 2066 At

333 2125 396 2161 vero
409 2116 498 2159 mutae
515 2103 664 2171 geminatae
681 2101 703 2154 si
724 2099 825 2153 vocali-

334 2192 383 2246 bus
394 2201 532 2247 occurrant
543 2226 550 2246 ,
563 2206 611 2241 nec
625 2186 766 2257 syllabam.
776 2203 825 2240 nec

334 2297 427 2333 sonum
457 2275 560 2331 scilicet
586 2275 672 2328 lacere
698 2283 823 2346 possunt.

335 2368 400 2438 Quis
419 2367 490 2420 enim
510 2364 538 2417 b.
554 2382 576 2417 c·
588 2363 616 2415 d.
632 2362 663 2415 k.
680 2382 706 2432 p.
721 2380 749 2432 q·
764 2372 784 2416 t.
798 2378 823 2430 ς.

333 2455 478 2524 geminatas
496 2449 632 2507 vocalibus
649 2449 775 2506 misceat.
795 2458 824 2502 et

334 2563 425 2599 sonum
435 2541 552 2612 syllabae
564 2550 651 2612 potest
662 2534 773 2591 audire?
786 2540 821 2592 Et

335 2632 395 2687 ideo
411 2633 461 2683 bae
474 2629 635 2702 praelatione
653 2626 820 2681 semivocales

333 2722 413 2775 mutis
440 2722 491 2772 rite
511 2717 636 2771 videntur
656 2716 818 2769 antecedere.

368 2809 446 2862 Nunc
463 2806 514 2859 boc
532 2821 680 2860 monemus,
698 2803 819 2873 quod-b.

334 2894 424 2950 iuncta
441 2911 500 2945 cum
511 2892 571 2945 aliis
581 2892 660 2944 mutis
674 2890 758 2961 possit
777 2907 819 2943 vo

331 2983 381 3034 cali
389 2998 553 3037 concurrere.
563 2990 590 3032 et
601 2996 692 3030 sonum
702 2975 818 3045 syllabae

331 3066 476 3126 oscitare,
494 3077 525 3119 ut
543 3077 624 3135 puta,
642 3064 771 3134 pulchere
790 3073 817 3116 et

333 3159 393 3211 ideo
408 3157 452 3208 bic
474 3153 662 3227 adspirationis
682 3163 762 3207 nota,
789 3150 818 3202 id

331 3255 372 3297 est
390 3260 487 3299 sonus,
500 3260 553 3296 non
567 3240 657 3291 littera
675 3238 759 3308 accipi
774 3237 820 3289 de·

330 3329 640 3399 bet:scilioetquonian1
659 3338 748 3380 mutae
757 3344 818 3381 con·

331 3424 436 3475 iunctae
454 3419 477 3471 si
500 3418 636 3471 vocalibus
656 3427 795 3469 occurrant
810 3453 817 3474 ‚

328 3509 501 3583 prohibentur
517 3525 607 3559 sunum
629 3503 744 3572 syllabae
769 3522 816 3556 su-

330 3600 435 3652 scitare·
460 3596 501 3647 ·Y.
520 3604 607 3646 nutem
621 3604 648 3644 et
661 3594 698 3644 ·Z.
710 3603 816 3662 propter

329 3703 421 3753 graeca
440 3683 547 3737 nomina
563 3681 653 3734 Latini
671 3680 816 3752 accipiunt·

328 3774 406 3826 Nunc
419 3772 500 3826 etiarn
520 3769 571 3824 boc
587 3769 741 3838 quaeritur.
762 3787 816 3837 qua

326 3859 360 3911 de
378 3875 456 3911 causa
476 3857 546 3911 ratio
568 3857 645 3910 metri
663 3893 669 3912 .
690 3855 731 3909 vel
758 3873 818 3908 mn-

328 3947 398 4000 sicae
410 3946 565 4018 ‚proclivior
582 3945 619 4000 sit
635 3945 668 3997 ad
687 3944 817 3998 rationem

326 4049 445 4102 graecam
472 4049 552 4106 φιιιιι
575 4026 707 4086 latinam?
725 4033 817 4103 utique

885 876 960 934 parte
975 877 1039 919 sunt
1059 867 1203 937 disyllaba,
1221 880 1249 923 et
1271 872 1300 923 in
1323 873 1377 927 alia

883 953 1081 1023 monosyllaba.
1106 956 1133 1009 id
1152 970 1206 1016 est.
1222 971 1254 1013 ut
1275 960 1373 1022 XXX.

883 1051 920 1095 et.
931 1042 979 1092 Vl.
989 1060 1065 1096 sonos
1080 1045 1242 1101 contineant
1257 1047 1294 1103 As
1310 1068 1374 1108 vero

882 1127 1031 1181 litterarum
1041 1130 1184 1185 latinarum
1199 1135 1373 1191 nominatum
1393 1187 1395 1192 .
1488 1162 1494 1198 r

881 1216 936 1271 sint
952 1219 1041 1272 omnia
1055 1222 1251 1291 monosyllaba.
1267 1225 1295 1278 id
1316 1237 1372 1287 est.

881 1313 922 1356 ut·
946 1322 989 1356 xx·
1011 1316 1039 1360 et
1065 1324 1147 1360 unum
1168 1328 1260 1364 sonum
1280 1318 1369 1368 eonti-

881 1400 976 1448 neant.
994 1409 1098 1447 necesse
1114 1406 1172 1453 ost.
1188 1407 1218 1450 ut
1235 1409 1263 1452 et
1282 1399 1310 1453 in
1329 1418 1370 1453 ra·
1416 1439 1418 1443 -

880 1479 952 1533 tione
967 1484 1044 1536 metri
1059 1484 1100 1537 vel
1119 1487 1235 1541 musicae
1254 1489 1314 1560 plus
1332 1490 1372 1543 la-

879 1567 988 1622 eultatis
1004 1571 1074 1629 ratio
1086 1588 1177 1638 graeca
1191 1592 1272 1644 quarn
1285 1576 1370 1631 latine

878 1655 1008 1723 optineat.
1031 1657 1082 1710 Sed
1102 1659 1168 1714 haee
1186 1661 1214 1714 in
1224 1664 1313 1717 metris
1328 1667 1370 1721 vel

877 1741 985 1794 musicis
1000 1755 1170 1815 conpetenter
1184 1750 1366 1807 tractabimus·

877 1830 944 1884 Nam
955 1843 981 1885 et
990 1834 1040 1889 boc
1052 1853 1200 1895 monemus,
1216 1840 1289 1909 quod
1303 1858 1369 1913 pau·

877 1919 902 1973 ei
921 1921 1029 1981 sciunt,
1053 1923 1075 1977 si
1094 1925 1201 1994 quidem
1227 1944 1281 1979 non
1305 1944 1371 1981 sem·

876 2027 923 2081 per
934 2030 959 2064 x.
979 2013 1068 2067 littera
1080 2012 1180 2084 duplex
1190 2013 1227 2068 sit
1241 2015 1369 2089 aecipien-

875 2102 910 2156 da
924 2101 1058 2160 ‚sedtune
1076 2102 1174 2174 duplex
1193 2104 1365 2176 accipienda.
1420 2097 1426 2108 ’

874 2189 981 2259 quando
1004 2189 1125 2244 subiecta
1147 2189 1276 2261 syllabam
1300 2211 1366 2248 eon-

871 2279 978 2337 flnnat.
1002 2291 1033 2333 ιιι
1053 2290 1136 2351 puta.
1155 2300 1207 2337 nox
1226 2293 1255 2336 et
1278 2300 1365 2343 noce.

871 2363 915 2418 lex
938 2377 966 2419 et
995 2364 1077 2435 legs.
1108 2366 1171 2420 lelix
1200 2378 1228 2423 et
1256 2368 1329 2424 felice
1353 2404 1363 2427 ι

871 2462 900 2505 et
920 2463 1006 2505 cetera
1032 2453 1118 2517 talias
1143 2455 1276 2526 siquidem
1301 2466 1366 2511 tunc

869 2551 898 2593 et
910 2557 1003 2593 sonum
1014 2541 1125 2595 duarum
1142 2543 1292 2598 litterarum
1305 2563 1365 2600 con·

871 2628 976 2681 lineat:
1003 2640 1109 2684 atvero
1126 2632 1235 2701 qnando
1255 2650 1365 2705 praepo·

870 2713 920 2766 sita
935 2714 1052 2782 syllabae
1061 2715 1178 2774 existat,
1192 2736 1246 2771 non
1265 2719 1363 2790 duplex

867 2802 913 2855 sed
926 2804 1036 2875 simplex
1052 2815 1092 2858 est
1103 2806 1257 2878 accipienda
1274 2818 1304 2861 ut
1313 2827 1363 2880 pn·

869 2898 910 2945 ta.
929 2891 1058 2944 maximus
1070 2928 1077 2949 ‚
1091 2893 1194 2946 anxius.
1213 2894 1363 2966 Numquid·

869 2994 931 3028 nam
954 2979 1109 3037 nausimus,
1131 2991 1178 3033 ant
1204 2983 1309 3037 anesius
1330 2995 1357 3038 et

868 3076 954 3119 cetera
976 3064 1060 3120 talial
1083 3070 1118 3122 Et
1140 3069 1218 3128 ideo,
1234 3083 1265 3125 ut
1290 3072 1361 3126 dixi·

868 3170 945 3210 mus,
961 3155 1084 3225 quotiens
1108 3176 1142 3209 m.
1164 3157 1254 3211 littera
1275 3159 1359 3229 sylla·

867 3237 917 3303 bae
935 3241 1052 3300 existat,
1072 3243 1180 3315 simplex
1199 3255 1240 3299 est
1260 3263 1358 3318 suppu-

867 3329 963 3382 tanda:
973 3331 1073 3384 scilicet
1083 3333 1209 3400 quoniam
1220 3351 1264 3387 cs·
1273 3345 1300 3387 et
1312 3353 1359 3403 ps.

867 3417 973 3471 litterae
995 3421 1156 3487 geminatae.
1174 3423 1198 3474 si
1220 3422 1356 3478 vocalibus

867 3517 1082 3576 praeponantur.
1102 3525 1244 3577 numquam
1264 3527 1357 3563 sonum

865 3593 982 3661 syllabae
998 3594 1174 3649 suscitabunt.
1190 3597 1228 3648 De
1242 3578 1357 3655 litteris]

867 3695 996 3754 quantum
1010 3683 1079 3737 ratio
1093 3683 1235 3755 poscebat,
1255 3696 1356 3740 tracta-

868 3789 966 3825 vimus.
