3382 5206
731 626 874 672 nmmum
901 626 943 671 iv.
1249 607 1318 676 123

326 744 413 843 quia
439 743 551 815 solem
577 772 641 816 suo
663 745 814 841 tegmine
844 745 953 817 veluti
972 745 1128 845 quodam
1156 747 1258 846 pallio
1285 747 1372 820 ob?

328 868 484 944 nubunt.
506 866 626 942 Gloria
650 895 670 940 a
698 868 960 966 glorificatione.
985 866 1093 968 Apud
1119 871 1344 971 philosopho·

330 991 442 1091 glores
462 991 644 1066 dicuntur.
659 989 782 1065 Gratia
803 1020 842 1064 ea
862 1020 955 1092 quae
976 992 1079 1089 gratis
1097 993 1200 1069 datur
1220 1012 1256 1069 et
1269 995 1344 1068 eine

325 1115 440 1215 pretio
460 1114 644 1214 accipitur.
670 1113 860 1189 Brachium
880 1118 1048 1192 fortitudo
1077 1116 1217 1194 dieitur.
1245 1118 1346 1202 Deu-
1415 1118 1446 1170 Χ

328 1257 382 1314 tes
402 1240 596 1328 dicuntur,
617 1267 658 1313 eo
679 1239 774 1338 quod
796 1239 882 1312 dent
899 1241 1086 1339 loquellam
1098 1243 1154 1314 vel
1168 1244 1345 1318 fortitudi-

328 1391 412 1438 nem
435 1364 540 1440 voei:
567 1363 626 1437 alii
650 1364 810 1439 ruminas
839 1365 1137 1454 nominaverunt,
1166 1366 1222 1440 alii
1248 1394 1345 1441 men·

327 1487 486 1576 dihulae,
507 1516 549 1561 eo
570 1487 669 1589 quod
689 1486 820 1562 rodunt
840 1489 938 1563 eibos
951 1545 961 1576 ‚
974 1488 1029 1561 vel
1043 1490 1231 1564 mandunt.
1246 1491 1345 1565 Una-

327 1638 485 1712 quaeque
512 1638 567 1683 res
593 1616 755 1685 mansura
777 1628 826 1684 est
851 1614 887 1683 in
913 1639 985 1712 quo
1005 1614 1180 1699 nascitur,
1208 1630 1243 1686 et
1265 1614 1342 1688 sine

327 1762 399 1836 quo
418 1733 534 1810 vivere
554 1762 628 1808 non
648 1752 764 1835 potest
776 1796 785 1826 ‚
799 1739 891 1812 sicut
904 1739 1010 1811 homo
1027 1740 1104 1812 sine
1123 1754 1228 1812 coetu
1242 1796 1252 1828 ‚
1264 1768 1343 1813 aves

327 1862 402 1935 sine
418 1862 556 1952 volatu,
574 1862 690 1962 pisces
706 1863 782 1936 sine
801 1879 936 1938 natatu.
952 1861 997 1936 Et
1017 1865 1110 1937 sieut
1132 1893 1262 1965 corpus
1281 1895 1344 1967 per

327 1985 485 2085 quinque
505 2013 631 2059 sensus
652 2003 810 2076 constat,
840 1987 887 2060 ita
907 1988 1079 2086 scriptura
1100 2017 1161 2089 per
1180 1992 1342 2093 quinque

316 2110 459 2184 'litteras
490 2110 661 2200 vocales,
688 2139 777 2213 quae
807 2130 958 2211 regnant
984 2113 1020 2185 in
1046 2110 1154 2186 ·VHI·
1181 2115 1341 2215 partibus

329 2234 537 2329 orationum.
558 2233 668 2310 Finit.

467 2632 473 2645 ·
501 2614 696 2691 lucum
723 2619 766 2694 v.
793 2616 858 2688 nn
890 2614 1165 2708 mmmm)

594 2737 1075 2816 uuimueumonuu.

413 3019 440 3067 1.
463 2900 647 3066 primus
673 2991 781 3089 igitur
813 2992 881 3064 fuit
912 2989 1055 3090 quidam
1090 3015 1196 3059 senex
1224 2984 1338 3058 Dona·

327 3137 384 3191 tus
412 3118 506 3219 apud
538 3115 704 3204 Troiam,
730 3142 836 3216 quem
862 3117 981 3188 serunt
1006 3111 1102 3186 mille
1127 3110 1250 3183 vixisse
1279 3138 1337 3184 an·

327 3272 402 3319 noe.
416 3241 484 3315 Hic
506 3240 650 3316 eumad
670 3239 884 3326 Romulum,
905 3267 923 3309 a
943 3265 1014 3336 quo
1035 3234 1179 3309 condita
1199 3251 1251 3306 est
1270 3231 1340 3305 Ro-

329 3393 385 3439 ma
403 3366 512 3454 urbs,
533 3365 707 3451 venisset,
728 3360 1021 3459 gratulanussime
1048 3361 1090 3430 ab
1117 3357 1241 3430 eodem
1266 3373 1339 3427 sus‘·

330 3504 474 3589 ceptus,
503 3487 597 3559 illl·
622 3487 809 3559 continuos
835 3485 881 3556 ibi
909 3485 992 3556 secil
1021 3510 1155 3566 annos,
1182 3477 1338 3551 scholam

330 3630 558 3699 construens,
580 3627 615 3682 et
636 3607 906 3682 innumerabilia
928 3606 1092 3705 opuscula
1109 3603 1337 3702 relinquens,

330 3739 366 3809 in
387 3738 520 3839 quibus
539 3733 769 3835 problesmata
783 3737 829 3831 (a)
844 3731 1061 3831 proponebat
1082 3728 1224 3802 dicens:
1243 3756 1335 3828 quae

328 3862 370 3934 sit
391 3860 518 3935 mulier
547 3860 624 3948 illa,
653 3887 673 3930 o
706 3858 777 3946 fili,
805 3885 894 3955 quae
915 3856 1022 3928 ubera
1048 3880 1108 3924 sue
1137 3849 1335 3922 innumeris

329 3983 411 4058 filiis
429 3983 591 4084 porrigit,
613 4010 702 4084 quae
724 3996 900 4082 quantum
921 4006 1003 4053 suna
1021 3974 1180 4062 fuerim,
1203 3989 1338 4047 [annun

399 4125 435 4191 (ὃ)
452 4135 485 4176 Ῑῑὲ
503 4140 525 4174 01
543 4148 566 4190 p.
584 4140 622 4187 9⁰·
640 4139 662 4174 et
679 4133 702 4173 iu
718 4126 769 4172 aliie
786 4142 839 4169 mm.
