3382 5206
715 547 760 595 ΠΕ
790 545 943 597 NOMINE·

327 664 366 708 ter
383 653 565 709 tractabimus.

361 747 426 798 ltcm
446 745 473 796 in
490 745 540 796 hac
559 741 712 813 supradicta
731 741 814 795 lorma

326 833 375 887 lanc
400 851 549 889 monemus.
573 830 645 902 quod
672 831 735 883 hacc
762 831 816 882 ‹luu

327 923 433 978 nomina
461 934 581 978 tantum,
614 920 641 972 id
668 930 708 972 cst
737 928 815 970 uter·

327 1012 430 1068 ·altcr·,
449 1029 529 1079 qnam
561 1007 674 1059 maxime
711 1016 816 1074 propter

326 1109 473 1151 structuras
487 1095 606 1165 genetivo
623 1106 650 1145 ct
666 1091 759 1144 dativo
777 1107 816 1140 ca·

325 1205 357 1241 sn
385 1185 487 1240 numeri
517 1183 659 1251 singularis
686 1183 725 1234 sic
750 1199 816 1231 ano-

326 1278 394 1329 mala
411 1277 563 1329 confirmata
581 1282 644 1325 sunt
668 1269 817 1322 declinari.

326 1364 376 1418 hoc
400 1375 440 1417 sat
464 1392 478 1404 -
504 1362 586 1414 huius
619 1360 729 1415 utrius.
753 1357 817 1409 huic

328 1454 400 1516 utri;
418 1451 499 1503 huius
531 1448 665 1503 alterius.
692 1443 756 1497 huic
782 1442 817 1494 al·

329 1542 380 1594 tcri
390 1560 418 1591 -ε
429 1552 458 1595 at
476 1555 592 1608 veroper
610 1546 709 1589 ceteros
725 1547 818 1585 casuus

329 1627 363 1678 ad
382 1645 474 1680 sonum
494 1625 550 1696 apri
570 1621 686 1677 debcant
704 1618 818 1672 declina·

329 1717 361 1764 ri.
392 1714 469 1765 Nunc
495 1712 576 1764 ctiam
606 1710 657 1763 hnc
687 1722 819 1759 monemus

329 1800 402 1872 quod
420 1800 484 1853 hacc
502 1798 655 1870 supradicta
675 1796 727 1848 duo
738 1794 818 1849 nomi·

329 1906 364 1941 na
383 1896 489 1959 propter
511 1896 592 1938 matra
612 1884 640 1936 ia
655 1882 761 1935 hisdem
772 1898 820 1933 su-

330 1975 460 2047 pradictis
479 1972 584 2026 casibus
604 1983 631 2026 et
651 1971 769 2023 anomale
791 1979 818 2020 at

330 2082 382 2115 non
401 2061 520 2114 anomale
533 2059 657 2130 permissa
668 2059 722 2111 siut
735 2057 819 2109 dccli-

330 2153 405 2205 nari:
426 2151 472 2204 scd
490 2149 555 2201 hacc
575 2149 681 2202 nomina
708 2163 762 2215 qua
787 2145 821 2200 de

330 2255 409 2289 causa
422 2238 450 2288 in
463 2235 624 2305 supradictis
641 2232 746 2286 casibus
766 2251 822 2304 pro·

331 2334 388 2392 pter
409 2333 558 2375 structuras
572 2321 611 2372 sic
626 2320 742 2372 anomale
757 2337 821 2371 con·

331 2416 433 2466 firmata
452 2411 506 2463 sint
526 2409 719 2479 pronuntiari,
737 2420 765 2463 ct
792 2410 820 2460 in

332 2500 421 2554 metris
440 2500 557 2551 anomala
575 2510 602 2551 et
630 2519 682 2551 non
706 2498 824 2551 anomale

333 2589 459 2661 permissa
476 2588 530 2640 sint
549 2586 695 2643 declinari.
713 2603 772 2637 cum
790 2584 825 2637 ad

335 2679 464 2729 rationem
484 2685 625 2726 metrorum
644 2674 684 2726 vel
707 2685 824 2727 structu-

334 2782 418 2816 rarum
438 2764 601 2816 venerimus.
614 2760 668 2811 illic
682 2772 825 2831 conpeten-

334 2863 372 2904 tcr
390 2850 571 2903 tractabimus·

369 2939 434 2989 ltcm
450 2938 476 2988 in
490 2936 540 2988 hac
551 2934 826 3004 suprascripralorma

334 3042 386 3093 qua
396 3026 510 3076 diximus
521 3023 620 3089 generis
630 3023 768 3075 masculini
778 3043 827 3076 nu-

336 3113 408 3163 mina
422 3111 537 3163 ablativo
548 3128 609 3161 casu
620 3111 719 3162 numeri
735 3111 827 3175 singu-

335 3200 396 3251 laris
407 3219 442 3252 ·o·
453 3200 541 3252 littera
552 3198 701 3256 terminari,
712 3209 737 3251 ct
748 3200 827 3251 nomi·

335 3289 424 3340 nativo
442 3305 502 3338 casu
512 3287 612 3338 numeri
628 3286 767 3353 singularis
778 3305 824 3338 ·cr·

335 3375 430 3426 litteris
441 3374 545 3426 definiri
559 3408 566 3429 ,
580 3374 733 3440 quaeritur,
744 3389 826 3442 quare

334 3461 377 3511 hic
396 3472 507 3516 teucer.
532 3472 559 3512 et
576 3461 619 3511 luc
632 3472 735 3512 teucrus
760 3460 824 3527 legu-

335 3560 378 3601 tur
388 3544 398 3598 l
410 3552 498 3615 Quare
522 3549 572 3601 linc
586 3567 735 3606 monemus,
757 3569 827 3619 quo·

338 3641 407 3690 niam
426 3657 608 3708 quaecumque
626 3639 732 3691 norisius
754 3658 827 3703 geue·

335 3726 371 3776 ris
390 3725 526 3794 masculini
546 3725 664 3778 ablativo
689 3743 750 3777 casu
776 3746 827 3778 nu-

336 3814 398 3863 mcri
421 3813 563 3879 singularis
590 3830 626 3863 .0.
654 3813 745 3864 littera
773 3823 828 3864 ter-

334 3903 484 3958 minantur,
502 3911 528 3953 ct
552 3900 647 3967 gradus
667 3903 829 3955 conlocatio-

338 3990 378 4042 nis
398 3990 512 4059 recipere
544 4007 597 4041 non
616 4001 741 4058 possunt.
766 3977 832 4044 lrasc

1260 517 1328 591 215
1367 490 1370 506 ι

867 666 975 724 propter
989 662 1071 705 metra
1089 651 1131 705 vel
1144 656 1290 704 structuras
1303 664 1359 718 per·

869 744 948 796 missa
970 753 1032 796 sunt
1051 759 1085 794 cs
1100 751 1213 808 utraque
1225 736 1307 790 lurma
1320 735 1362 787 dc

869 830 972 883 clinari.
999 831 1049 882 Scd
1071 829 1136 880 hacc
1155 843 1210 896 qua
1232 825 1265 876 de
1281 840 1361 875 causa

869 931 977 990 propter
996 929 1077 971 metra
1097 927 1125 969 ct
1139 920 1302 969 'structuras
1329 929 1361 965 cx

871 1018 985 1074 utraque
1003 1005 1085 1058 forma
1102 1001 1228 1072 permissa
1250 1001 1307 1052 sint
1321 999 1364 1049 de·

870 1094 981 1151 clinari.
1009 1093 1058 1146 hoc
1085 1092 1113 1144 in
1147 1087 1289 1142 structuris
1322 1084 1363 1137 vel

870 1183 958 1235 anctris
987 1189 1154 1252 conpetenter
1179 1159 1362 1230 arietabimus.

870 1271 937 1324 Sanc
960 1289 992 1324 cx
1010 1270 1061 1322 hac
1076 1267 1158 1321 forma
1181 1263 1281 1333 generis
1306 1280 1363 1313 rna-

869 1358 963 1411 sculini
976 1375 1048 1427 ‚qua
1057 1355 1173 1408 diximus
1193 1349 1310 1403 ablativo
1322 1365 1365 1399 ca·

871 1463 900 1498 sa
918 1445 1020 1498 numeri
1040 1442 1142 1496 numeri
1159 1436 1301 1505 singularis
1319 1453 1364 1489 no·

871 1535 942 1585 mina
956 1552 992 1586 ·n·
1009 1532 1101 1585 littera
1108 1523 1260 1583 terminari.
1274 1533 1303 1577 ct
1314 1541 1364 1576 nc·

870 1626 999 1678 minatlvo
1018 1640 1081 1675 casu
1100 1619 1202 1675 numeri
1222 1614 1365 1683 singularis

872 1733 920 1767 cr·
938 1713 1036 1767 litteris
1055 1709 1179 1766 definiri.
1195 1707 1246 1761 hcc
1271 1720 1363 1758 mona-

871 1818 928 1853 mus
940 1837 947 1857 ‚
957 1798 1030 1869 quod
1043 1795 1237 1869 quamplurima
1257 1791 1365 1846 uomina

872 1889 972 1959 possint
990 1883 1122 1940 exhiberi·
1140 1884 1180 1936 De
1197 1884 1364 1948 lormagcnc·

871 1978 907 2030 ris
925 1972 1080 2031 masculini.
1094 1986 1149 2043 qua
1163 1971 1280 2023 ablativo
1304 1984 1367 2022 casu

871 2063 973 2115 numeri
992 2060 1134 2128 singularis
1152 2058 1260 2113 nomina
1273 2075 1309 2109 ·n·
1324 2053 1366 2106 lit·

874 2164 929 2206 tera
950 2151 1142 2208 terminantur,
1161 2159 1190 2201 et
1202 2144 1367 2200 nominativo

874 2256 936 2292 casu
957 2237 1057 2290 numeri
1076 2235 1219 2302 singularis
1232 2250 1281 2285 ·er·
1297 2231 1369 2284 litte·

875 2328 911 2382 ris
931 2326 1113 2380 deliniuntur.
1138 2332 1270 2392 quantum
1297 2319 1368 2373 ratic

876 2415 1021 2489 poscebat.
1039 2413 1221 2466 tractavimus.

1020 2505 1065 2568 io·
1085 2520 1120 2557 aa
1141 2518 1212 2556 mm·

913 2593 1099 2661 Quaecumque
1132 2587 1241 2641 uomina
1267 2584 1370 2652 generis

878 2670 1014 2735 masculini
1041 2675 1158 2730 ablativo
1181 2693 1243 2727 casu
1267 2674 1371 2727 numeri

878 2766 1019 2835 singularis
1041 2784 1077 2819 ·o·
1108 2764 1197 2816 littcra
1224 2760 1370 2814 terminan-

880 2869 923 2911 tur
939 2869 967 2910 ct
986 2851 1151 2907 nominativo
1172 2868 1234 2901 casu
1266 2848 1370 2901 numeri

881 2944 1020 3013 singularis
1037 2944 1097 2995 mir·
1116 2936 1218 3007 syllaba
1241 2936 1372 2989 deliniun-

879 3047 939 3088 tur.
958 3043 1061 3102 utputa
1071 3028 1104 3081 ab
1114 3029 1163 3081 linc
1174 3019 1241 3083 iim,
1256 3026 1299 3079 hic
1311 3025 1351 3078 vir
1361 3061 1369 3082 ‚

878 3122 943 3174 haec
962 3121 995 3172 ad
1015 3122 1064 3172 hoc
1076 3116 1227 3185 exemplum
1240 3115 1371 3169 declinam·

879 3200 1373 3271 tur-Numerisingularis.liicrimhu·

882 3298 922 3348 ius
933 3296 999 3353 riri,
1012 3294 1075 3345 huic
1090 3291 1163 3347 viro.
1179 3291 1251 3341 hunc
1268 3290 1367 3347 virum.

878 3386 965 3441 cair,
979 3381 1013 3432 ali
1023 3381 1073 3433 hoc
1091 3380 1158 3431 viro·
1181 3376 1289 3428 Numeri
1308 3376 1371 3446 plu-

879 3468 941 3521 ralis
954 3505 961 3523 .
975 3468 1002 3520 lii
1017 3466 1067 3519 viri
1084 3502 1090 3521 .
1117 3464 1211 3516 hurum
1236 3463 1372 3519 virorum.

879 3559 922 3611 his
943 3556 1025 3611 viris.
1044 3556 1091 3607 hos
1110 3554 1197 3609 viros.
1217 3573 1232 3607 n
1250 3552 1319 3609 viri.
1337 3552 1372 3604 ab

879 3646 922 3699 his
940 3644 1016 3698 viris.
1044 3644 1121 3696 Nunc
1146 3660 1177 3694 aa
1209 3640 1260 3694 bac
1291 3639 1374 3693 lcrma

881 3732 1005 3802 generis,
1027 3720 1163 3781 masculini
1180 3747 1233 3797 qua
1258 3727 1374 3779 diximus

882 3818 999 3871 ablativo
1014 3834 1078 3870 casu
1105 3817 1208 3869 numeri
1235 3813 1383 3882 singularis

883 3909 989 3961 nomina
1010 3927 1047 3959 .0.
1069 3905 1158 3959 littera
1171 3904 1326 3960 terminari.
1347 3912 1376 3955 et

884 3994 1048 4048 nominativo
1059 4011 1121 4046 casu
1140 3992 1242 4047 numeri
1260 3991 1377 4060 singuta-
