3382 5206
590 601 820 656 sutuutrtct
844 604 889 651 ιτ
913 578 1097 654 uermes?
1263 584 1327 672 577

330 702 529 772 homullulus
542 720 598 770 aut
608 702 791 782 homullum
807 719 842 767 ut
856 701 988 769 Cicero:
999 700 1166 770 homullus
1190 728 1228 770 ex
1246 703 1351 795 argil-

328 808 359 875 la
383 829 414 876 et
437 810 505 877 luto
520 810 624 877 fictus.
647 807 818 877 Homullus
832 807 873 872 ad
897 808 1175 896 amphibrachum
1196 813 1347 899 pertinet.

325 916 414 986 Solet
438 921 536 986 etiam
559 943 661 1008 paeon
682 915 843 985 secundus
858 942 875 980 a
892 914 1096 1004 superlativis
1111 915 1269 1007 gradibus
1292 917 1346 984 de·
1438 912 1445 925 ’

330 1024 429 1089 rivari
453 1026 513 1090 ubi
536 1025 745 1117 geminantur
768 1046 804 1086 ·r·
828 1021 878 1087 vel
895 1020 926 1087 ·l·
943 1020 1094 1105 litterae,
1111 1039 1145 1087 ut
1160 1047 1237 1089 acer
1255 1049 1349 1092 acer-

330 1133 452 1217 rimus,
476 1150 568 1201 vetus
592 1135 795 1200 veterrimus.
814 1129 1035 1220 Vergilius-
1049 1133 1223 1199 veterrima
1237 1130 1348 1199 laurus

330 1236 501 1329 relligione
521 1255 653 1327 patrum
669 1236 785 1305 multos
799 1252 926 1302 servata
945 1259 1004 1324 per
1017 1254 1134 1303 annos:
1152 1272 1185 1285 ·-
1202 1237 1350 1327 quamvis

327 1343 474 1435 analogia
498 1346 601 1433 exigat
624 1362 660 1411 ut
683 1343 825 1433 epitheta
849 1343 884 1407 iu
907 1366 945 1407 ·r·
969 1341 1177 1408 terminantia
1207 1341 1350 1430 superla-

330 1452 431 1517 tivum
454 1454 615 1541 geminata
632 1460 669 1515 οῦ·
688 1449 795 1518 littera
816 1465 1033 1538 promantur,
1049 1466 1084 1515 ut
1105 1465 1188 1514 teter
1218 1450 1351 1515 teterri-

331 1583 423 1641 mus,
447 1558 568 1624 creber
592 1542 835 1626 creberrimus:
862 1555 950 1621 vinde
975 1556 1191 1645 antiquissimi
1211 1578 1278 1622 non
1302 1579 1355 1620 ve-

332 1682 381 1731 tus
403 1662 461 1730 sed
488 1681 598 1739 vetem
623 1681 659 1730 ut
682 1665 948 1729 Ennius-cum
966 1678 1057 1727 vetet·
1078 1661 1234 1728 occubuit
1258 1663 1353 1727 Pria-

330 1794 400 1835 mus
426 1770 486 1835 suh
516 1769 622 1833 Morte
647 1764 780 1857 pelasgo
800 1789 862 1843 -,-;
894 1767 988 1856 niger
1012 1767 1230 1856 nigerrimus,
1254 1765 1352 1829 miser

328 1877 561 1958 miserrimus,
585 1873 672 1941 celer
696 1871 912 1957 celerrimus,
940 1876 1031 1963 piger
1058 1872 1277 1964 pigerrimus,
1302 1888 1353 1937 te·

328 2007 389 2049 uer
406 1983 623 2058 tenerrimus;
642 1997 677 2045 ut
694 1983 727 2044 iu
744 1978 886 2046 Basilion
904 1997 1034 2046 cautum
1053 1980 1256 2069 est-quasi
1277 2000 1353 2043 ver-

330 2087 469 2155 miculus
482 2086 562 2177 ligni
587 2086 791 2152 teuerrimus.
805 2122 849 2138 -
871 2085 900 2150 N
904 2110 956 2150 am
971 2108 1094 2175 pauper
1108 2086 1352 2174 pauperrimus,

330 2212 362 2262 et
393 2191 532 2283 pulcher
562 2191 805 2281 pulcherrimus
834 2192 941 2256 ionico
969 2190 1084 2257 maiori
1114 2192 1353 2279 mancipantur.

333 2299 552 2388 Exeipiuutur
574 2294 724 2362 anomala
747 2297 923 2362 sinistimus
946 2311 979 2361 et
1003 2293 1187 2373 dextimus,
1212 2316 1353 2385 quorum

330 2406 495 2494 primitiva
518 2418 593 2471 sunt
617 2404 746 2470 sinister
770 2419 802 2468 et
826 2402 947 2467 dexter.
977 2401 1074 2468 Unde
1104 2400 1275 2469 Sallustius
1298 2399 1353 2465 hi·

329 2510 574 2601 storiographus
589 2511 622 2577 iu
639 2506 985 2600 iugurthino-Sylla
1001 2559 1011 2591 ,
1027 2509 1152 2598 inquit,
1166 2533 1240 2573 cum
1265 2510 1354 2598 equi·

330 2636 401 2685 tatu
431 2618 518 2706 apud
548 2618 737 2700 dextimos,
766 2619 799 2682 in
830 2617 959 2682 sinistra
989 2633 1083 2707 parte
1116 2613 1249 2681 Mallius
1278 2638 1354 2681 cum

330 2724 708 2804 funditoribus-Nam
723 2722 902 2789 seeundum
923 2721 1105 2813 analogiam
1124 2723 1355 2791 sinisterrimus

328 2846 359 2896 et
384 2829 599 2896 dexterrimus
624 2826 797 2894 diceretur·
813 2828 895 2893 ltem
911 2825 1107 2910 facillimus,
1129 2825 1352 2916 gracillimus,

328 2933 551 3017 humillimus,
577 2932 785 3016 simillimus,
815 2930 991 3025 agillimus.
1021 2931 1194 2999 Neutralia
1220 2955 1353 3022 quoque

328 3044 362 3108 in
386 3040 471 3106 hane
495 3038 644 3131 regulam
666 3038 886 3130 rediguntur,
906 3055 940 3104 ut
960 3036 1167 3126 opusculum,
1183 3040 1350 3104 maiuscu-

328 3143 418 3228 lum,
431 3142 662 3226 holusculum,
679 3141 929 3232 crepusculum,
944 3141 1156 3231 pecusculum
1171 3144 1265 3208 cuius
1281 3159 1354 3231 ptu-

327 3247 396 3316 rale
423 3250 489 3313 iam
519 3246 733 3337 protulimus,
758 3243 942 3336 piaculum,
963 3246 1353 3335 periculum,sileatium

327 3355 397 3419 Nec
429 3376 493 3418 nou
523 3354 621 3417 etiam
648 3352 682 3416 in
717 3351 895 3418 verborum
931 3350 1036 3418 modis
1069 3368 1100 3420 et
1133 3354 1278 3441 personis
1315 3376 1354 3418 nc

328 3477 511 3547 temporum
540 3454 812 3522 declinationibus
837 3457 922 3525 idem
953 3482 1057 3547 paeon
1082 3461 1271 3548 repperitur
1300 3459 1355 3523 in-

324 3582 430 3631 sertus
460 3588 478 3628 a
502 3564 608 3653 prima
633 3563 888 3652 coniugatione,
912 3589 995 3654 quae
1020 3567 1052 3630 iu
1076 3565 1271 3656 pyrrhichio
1302 3563 1354 3629 di-

328 3671 506 3761 gessimus,
538 3667 588 3734 vel
619 3668 790 3753 secunda,
822 3694 906 3760 quac
937 3673 969 3736 iu
1001 3670 1171 3736 tribracho
1205 3688 1353 3759 tempore

325 3771 465 3857 futuru,
496 3790 531 3839 ut
560 3774 741 3838 amabimus
775 3775 946 3853 amabitis,
980 3776 1151 3842 beabimus
1189 3776 1353 3857 beabitis,

327 3883 508 3948 meabimus
533 3881 707 3962 meabitis,
732 3882 916 3947 creabimus
948 3883 1128 3963 creabitis,
1161 3884 1353 3950 cavabimus

326 3987 503 4070 cavabitis,
535 3989 717 4054 secabimus
748 3989 907 4054 secabitis·
941 3989 968 4053 A
994 3989 1133 4054 secunda
1167 3989 1207 4054 de
1237 3994 1352 4058 activis

331 4114 362 4161 et
395 4093 623 4179 neutralibus,
653 4114 688 4162 ut
720 4095 909 4162 docebimus
938 4094 1122 4177 docebitis,
1150 4101 1355 4187 stupebimus

1024 4205 1075 4290 37.
