3382 5206
348 527 417 618 ²¹4

320 652 399 722 frugi·
418 653 461 706 sie
485 663 512 706 et
531 651 583 706 ulia
605 653 707 721 generis
730 652 813 706 omniu

319 742 441 800 nomina,
459 758 528 812 quae
545 741 665 796 ablativo
682 758 745 794 catu
761 760 813 794 nu-

585 546 841 600 enuntietis
867 548 1068 600 vittenreut

869 653 965 720 gulurie
993 672 1040 708 er·
1060 654 1158 707 litteris
1176 652 1358 707 definiuntur.

869 752 899 793 ut
917 753 983 813 puta
1002 741 1103 795 abhoc
1122 761 1185 813 apro
1203 743 1248 795 hic
1277 760 1357 812 aper.

320 830 388 884 tueri
404 830 545 899 singularia
561 829 592 882 ·i·
617 830 696 884 litere
720 829 814 884 terrui-
867 830 932 883 haee
951 832 985 883 ad
1003 832 1053 884 hoc
1067 833 1214 914 exemplum
1225 830 1359 883 declinan-

321 932 435 978 uantur.
456 918 654 989 inexemplum
672 916 741 987 frugi
766 919 815 971 de-

322 1009 465 1063 clinantur·
492 1008 570 1062 Nune
596 1025 629 1061 ex
655 1008 705 1060 bac
732 1006 814 1063 iurum

322 1116 376 1170 qua
394 1098 510 1151 diximus
533 1098 634 1165 generis
659 1098 745 1152 omnir
767 1116 814 1150 uu-

322 1187 394 1240 mint
413 1184 533 1239 ablativo
551 1201 613 1237 earu
632 1185 733 1237 numeri
759 1184 817 1236 rin-

324 1273 410 1342 gnlari
429 1270 460 1323 ·i·
474 1271 565 1325 littera
575 1281 678 1325 tantum
694 1271 817 1324 terminu·

324 1362 362 1420 ri.
372 1361 422 1414 lroe
435 1377 577 1416 monemus,
587 1359 661 1429 qnod
671 1358 817 1430 plusquam

323 1449 445 1519 quinque
454 1447 526 1504 soni.
536 1448 586 1501 hoc
596 1459 635 1500 est
646 1464 727 1516 quarn
740 1447 817 1516 quin·

325 1553 379 1606 que
390 1534 514 1591 uomina.
526 1553 578 1588 non
592 1535 693 1605 possint
707 1531 818 1586 exhibe-

329 1625 363 1678 ri·
381 1624 421 1678 De
438 1623 555 1678 ablativo
573 1640 636 1677 earu
655 1623 756 1676 numeri
768 1627 819 1676 sin·

328 1711 441 1780 galeris.
450 1713 498 1782 qui
512 1713 541 1764 ·i·
551 1712 641 1765 littera
655 1722 758 1765 tantum
773 1721 821 1762 ter-

328 1797 464 1855 minatur,
483 1809 613 1867 qnantum
636 1798 705 1851 ratio
729 1814 821 1869 posue·

332 1882 397 1942 bat,
414 1884 600 1939 tractavimus.

499 1971 542 2050 37·
561 1992 597 2028 uu
623 1994 660 2030 ·o·

369 2060 394 2111 0
412 2059 502 2113 littera
522 2059 656 2114 ablativus
674 2079 749 2115 casua
779 2081 826 2114 nu·

331 2146 397 2199 meri
416 2148 560 2216 singularis
574 2149 731 2201 terminatus
750 2166 826 2216 gene·

335 2254 365 2289 ra
383 2236 449 2289 haee
467 2247 595 2306 quattuor
618 2239 736 2290 continet
764 2251 825 2291 tan-

334 2337 405 2381 tum,
432 2325 625 2383 masculinum,
652 2325 827 2384 femininum.

333 2422 471 2469 neutrum.
489 2429 633 2466 commune.

376 2583 423 2642 38.
443 2603 479 2642 ur
500 2602 610 2642 eruere
630 2605 786 2644 niscnnmo

336 2705 510 2818 Masculini
520 2764 621 2832 generis
634 2765 749 2821 nomina,
757 2782 826 2834 quae

336 2851 453 2906 ablativo
471 2869 533 2905 casn
563 2854 664 2906 numeri
683 2855 824 2921 singularia

337 2957 373 2991 ·ο·
391 2938 481 2991 littera
500 2938 689 2995 terminantur.
700 2941 765 2994 haec
777 2962 824 2996 no·

336 3022 466 3077 minetivo
485 3041 547 3075 casu
567 3027 669 3078 numeri
684 3027 825 3094 singularis

337 3127 430 3167 norem
463 3110 505 3162 liis
538 3110 626 3165 formis
664 3114 826 3166 definiuntur

339 3211 497 3257 tantumn
511 3235 518 3256 ,
533 3199 595 3257 vir,
612 3218 660 3259 ua,
681 3220 746 3258 aue.
766 3222 828 3261 uus.

340 3286 399 3346 ius.
418 3306 573 3345 ous‚uua.
593 3308 662 3358 quus
682 3296 695 3361 (
714 3293 747 3358 ).

499 3374 543 3449 39.
557 3397 591 3433 ur
613 3398 669 3436 nn·

373 3463 559 3535 Quaecumque
588 3468 695 3521 nomina
729 3468 830 3535 generis

340 3552 481 3604 masculini
499 3551 615 3608 ablativo
636 3573 698 3608 casu
729 3555 830 3607 numeri

300 3622 306 3638 ι
340 3642 482 3709 singularis
493 3642 625 3697 ·0.littera
639 3644 830 3697 terminantur.

339 3739 366 3782 et
384 3730 548 3785 nominativo
566 3749 628 3785 catu
647 3735 749 3787 numeri
771 3733 827 3785 sin-

870 931 923 973 tur.
932 921 1039 974 Numeri
1058 922 1211 989 singularia,
1221 921 1267 972 hie
1278 935 1340 989 aper
1350 953 1357 972 .

870 1007 950 1060 huius
969 1007 1050 1079 apri.
1078 1009 1141 1060 huic
1174 1026 1256 1079 apro,
1287 1006 1359 1056 hunc

871 1111 1015 1164 aprnm‚0
1039 1113 1116 1165 aper.
1145 1095 1179 1146 ab
1206 1095 1255 1147 hoc
1287 1109 1359 1161 apro·

872 1183 979 1236 Numeri
998 1182 1121 1253 pluralis,
1131 1185 1160 1236 hi
1172 1184 1248 1255 apri,
1266 1183 1359 1235 horum
1436 1184 1439 1189 ’

872 1289 1009 1341 aprorum.
1029 1269 1181 1339 innuptis,
1202 1269 1249 1322 hos
1269 1288 1361 1340 apros.

873 1377 889 1411 ο
909 1359 991 1429 apri,
1011 1356 1045 1411 ab
1063 1358 1106 1410 bis
1119 1359 1199 1429 apris.
1217 1359 1259 1410 Sic
1272 1370 1300 1412 et
1308 1359 1362 1410 alia

873 1450 977 1514 generis
995 1446 1135 1499 maseulini
1154 1447 1260 1499 nomina
1292 1464 1362 1517 quae

873 1533 991 1586 ablativo
1010 1551 1072 1586 casu
1094 1534 1194 1585 numeri
1222 1535 1362 1600 singularis

875 1638 910 1672 ·0·
930 1620 1019 1672 littera
1038 1622 1213 1674 terminantur
1231 1630 1257 1673 et
1277 1620 1362 1673 norni-

876 1705 932 1758 tivo
950 1723 1011 1758 casu
1030 1710 1131 1760 numeri
1150 1707 1290 1774 singularis
1314 1724 1362 1758 ·er·

876 1794 972 1846 litteris
986 1795 1163 1852 deliniuntur,
1172 1794 1205 1846 ad
1218 1794 1364 1863 exemplum

877 1884 933 1953 apri
946 1902 991 1953 per
1011 1903 1099 1937 omnes
1113 1902 1207 1937 castaus
1229 1884 1366 1936 deelinan-

878 1981 930 2022 tur.
944 1970 1010 2022 Sane
1024 1971 1051 2023 in
1065 1970 1115 2022 hac
1126 1971 1305 2040 suprascripta
1315 1969 1364 2023 ior·

879 2075 935 2114 rua,
953 2076 1007 2127 qua
1018 2059 1134 2111 diximus
1150 2060 1250 2126 generis
1260 2075 1365 2111 mascn-

879 2144 929 2196 lini
945 2147 1050 2197 nomina
1069 2144 1186 2198 ablativo
1204 2162 1266 2197 casu
1279 2162 1368 2196 uniue-

882 2235 920 2290 ri.
938 2233 1077 2300 singularis
1088 2253 1123 2286 .0.
1133 2235 1224 2287 littera
1243 2234 1368 2288 termina-

881 2322 922 2377 ri.
941 2332 969 2374 et
986 2322 1150 2375 nominativo
1174 2341 1237 2376 easn
1264 2322 1367 2375 numeri

881 2410 1021 2477 singularis
1029 2427 1076 2462 ·er·
1085 2411 1181 2464 litteris
1194 2411 1308 2467 deliniri,
1318 2411 1369 2463 hoe

882 2516 1023 2556 monemus.
1031 2500 1102 2568 qrrod
1112 2501 1166 2554 sint
1178 2499 1285 2552 nomina
1299 2516 1368 2567 qnae

882 2587 1013 2638 interdum
1024 2598 1131 2657 propter
1141 2599 1223 2639 metra
1237 2588 1277 2639 vel
1287 2598 1368 2639 strue·

881 2683 953 2724 turne
979 2691 1010 2723 ex
1039 2669 1156 2725 ablativo
1181 2690 1242 2724 casn
1266 2673 1367 2725 numeri

881 2762 1021 2825 singularis
1052 2781 1089 2815 .ο.
1130 2763 1250 2815 ultimum
1281 2776 1309 2817 et
1340 2764 1368 2816 in

883 2867 947 2899 ·urn·
968 2851 1069 2903 litteras
1087 2861 1255 2908 convertunt.
1275 2861 1305 2903 ut
1325 2867 1372 2917 ge-

880 2939 996 2991 netivum
1026 2956 1113 2990 cusum
1138 2941 1238 2992 numeri
1262 2939 1372 3009 pluralis

881 3028 1015 3084 alliciant,
1030 3039 1058 3078 ut
1073 3040 1137 3096 puta
1152 3028 1186 3080 ab
1208 3029 1258 3080 hnc
1271 3028 1372 3084 libero.

882 3116 975 3170 horum
996 3117 1113 3170 liberum.
1143 3119 1193 3171 Sed
1221 3120 1285 3171 hauc
1303 3138 1373 3188 quae

883 3205 939 3257 sint
959 3207 1081 3263 nomina.
1094 3219 1121 3260 et
1134 3225 1188 3277 qna
1200 3208 1232 3260 dc
1244 3227 1322 3261 cansa
1341 3228 1372 3263 ex

884 3297 1054 3366 supradicto
1078 3313 1138 3347 casu
1161 3297 1291 3349 interdum
1311 3318 1375 3368 pro-

885 3394 944 3452 pter
963 3394 1045 3434 metra
1065 3384 1106 3434 vel
1122 3395 1269 3438 structuras
1289 3406 1323 3437 ·o·
1338 3387 1377 3438 ul·
1421 3441 1424 3449 Δ

888 3469 1000 3524 timum.
1020 3481 1047 3522 et
1067 3471 1092 3520 in
1105 3489 1168 3520 nim·
1188 3472 1289 3525 litteras
1310 3490 1374 3525 eon-

886 3567 988 3607 vertant
1014 3593 1022 3610 .
1049 3568 1078 3608 ut
1109 3558 1257 3621 genetivum
1286 3577 1375 3612 casum

884 3643 984 3694 numeri
1004 3642 1113 3712 pluralis
1132 3645 1260 3700 alliciant,
1279 3646 1328 3697 hoe
1349 3648 1376 3699 in

882 3733 971 3783 metris
999 3731 1038 3784 vel
1062 3733 1202 3786 structuris
1230 3745 1374 3804 conpeten-

414 3951 454 4019 (l)
472 3954 526 4003 eod.
542 3972 594 4016 φα·
612 3958 654 4001 ted
663 3961 718 4004 inira
729 3976 808 4021 qum
828 3974 965 4020 quamquam
975 3971 1054 4000 rnrrnr
1065 3955 1122 3998 inira
1131 3969 1191 4013 near,
1210 3964 1232 3999 et
1246 3959 1266 3999 in
1284 3973 1366 4002 erem-

353 4028 392 4091 plo
403 4045 464 4093 eque
480 4047 522 4079 uua
540 4049 623 4094 equus·
642 4040 787 4086 Areirairmur
808 4049 871 4084 certe
893 4054 937 4098 qus
953 4037 1083 4080 dominatur
1100 4037 1122 4076 iu
1140 4037 1241 4093 antiquis
1259 4052 1314 4080 rnna·
