3382 5206
713 615 754 660 nr
780 613 969 666 eaarrcmo.
1272 625 1319 699 77
1380 664 1385 672 ,

327 759 413 806 nam
424 728 584 804 nominis
598 723 794 802 declinatio
811 723 900 798 haee
914 738 968 796 est
983 753 994 819 3
1018 751 1144 798 sensus
1160 783 1170 814 ‚
1195 753 1321 804 sensus
1337 763 1346 808 :

272 860 275 865 ’
329 849 513 952 participii
536 864 684 937 autem,
710 873 862 933 senous,
886 846 1011 935 senei,
1035 873 1168 936 senso,
1193 865 1229 921 et
1255 867 1349 925 cete·
1377 890 1384 902 ·

331 1001 382 1046 ra.
394 969 532 1044 Versus
557 984 711 1040 autema
729 964 948 1066 quibusdam
971 965 1011 1038 in
1036 966 1185 1041 nomine
1203 996 1280 1042 non
1298 998 1352 1045 re·

332 1091 465 1191 cipitur
488 1084 681 1188 principali
707 1141 717 1174 ‚
750 1084 813 1158 sed
838 1082 879 1157 in
901 1085 1092 1187 participio
1119 1117 1128 1163 ε
1152 1087 1205 1161 ihi
1230 1107 1352 1165 autem

330 1226 478 1284 rortum
502 1206 702 1295 scribunt,
727 1205 812 1306 quia
834 1232 915 1280 rore
940 1204 1015 1305 ipsa
1037 1207 1166 1306 pagina
1190 1208 1351 1302 dicitur,

330 1323 483 1400 Lucano
506 1323 654 1398 dicente
669 1330 703 1370 ‘⁶‘
718 1319 882 1396 rortibus
908 1325 1068 1420 egebunt
1091 1324 1226 1402 multia.
1241 1383 1266 1416 ‚‚
1279 1327 1353 1401 Mi·
1429 1331 1433 1337 '

329 1444 370 1518 hi
392 1462 516 1519 autem
536 1441 682 1517 ridetur
696 1457 869 1517 etversus
891 1442 1041 1542 paginae
1069 1445 1177 1518 etiarn
1194 1445 1351 1546 scriptus

330 1593 408 1638 non
433 1591 509 1639 esse
534 1560 784 1664 antiquandus
810 1591 821 1658 3
846 1561 933 1663 quia
958 1589 1042 1637 oum
1069 1563 1237 1665 paginam
1264 1567 1351 1640 aori-

333 1686 424 1759 bens
447 1685 492 1757 ab
516 1682 623 1756 initio
646 1709 711 1782 per
733 1681 882 1777 longum
892 1681 1028 1756 lineam
1050 1711 1167 1784 usque
1192 1684 1237 1757 ad
1260 1712 1352 1760 mar·

331 1805 454 1904 ginern
476 1802 607 1877 feceris
630 1800 915 1902 protendentem
941 1858 951 1892 ,
979 1828 1129 1876 manum
1153 1833 1281 1881 rursus
1305 1807 1351 1881 ad

332 1939 443 2023 caput
465 1920 667 2020 descriptae
690 1936 832 1993 vertere
856 1947 1007 1993 necesse
1030 1920 1190 1995 habebis.
1214 1922 1351 1999 Eadem

332 2041 561 2118 consuetudo
586 2041 695 2114 etiam
718 2041 758 2114 in
782 2039 936 2139 legendo
963 2097 972 2129 ‚
998 2041 1074 2141 ipso
1099 2071 1246 2145 quoque
1269 2046 1348 2121 visu

331 2163 522 2241 oculorum
544 2161 718 2235 servanda
741 2160 1228 2264 monstratur.Partieipium
1249 2194 1350 2267 prae·

331 2282 444 2359 sentis
463 2280 634 2382 temporis
657 2280 753 2355 sicut
777 2280 878 2354 omni
901 2281 1027 2377 generi
1050 2282 1100 2355 ita
1125 2285 1234 2359 etiam
1247 2287 1348 2360 omni

328 2428 505 2499 personae
530 2398 725 2473 convenire
752 2397 1054 2476 credendumest.
1067 2398 1223 2476 Numeri
1240 2407 1348 2503 parti·

331 2519 509 2619 cipiorum
533 2535 570 2591 et
593 2519 727 2614 figurae
754 2544 795 2589 ex
820 2533 976 2617 utroque
1002 2536 1216 2595 nascuntur.

403 2640 436 2715 6.
456 2638 596 2713 Verum
619 2637 664 2711 de
688 2636 887 2736 participiis
912 2636 980 2709 ista
1000 2639 1168 2712 sufficere
1183 2641 1346 2716 credere-

330 2785 437 2847 mus,
461 2757 533 2831 nisi
557 2756 642 2858 quia
666 2754 844 2855 quaedam
857 2754 1022 2855 quaestio
1046 2755 1258 2832 doctoribus
1283 2759 1347 2834 im·

330 2876 471 2964 minet,
495 2892 538 2948 ut
559 2889 691 2973 putent
715 2872 836 2948 omnia
858 2871 1047 2973 participia
1071 2874 1188 2948 omnis
1212 2892 1346 2978 tempo-

329 2995 379 3067 ris
402 3022 466 3093 pro
490 2992 608 3066 verbis
632 2990 801 3091 ponenda
829 3047 838 3078 ‚
864 2990 960 3064 sicut
992 2989 1121 3065 Ossius
1145 3049 1154 3081 ‚
1179 3011 1215 3067 et
1243 2994 1344 3069 Peri-

331 3114 433 3187 ohius
449 3116 521 3213 (1),
547 3129 584 3184 et
598 3109 789 3185 Galbarius
806 3165 816 3198 ,
842 3126 878 3182 et
901 3110 1015 3183 ceteri
1031 3111 1230 3186 latinorum
1247 3143 1347 3214 prae·

330 3252 491 3310 sumunt.
504 3232 600 3306 Nam
624 3230 816 3308 Galbariua
842 3231 880 3302 in
905 3230 1063 3330 quodam
1078 3232 1262 3309 volumine
1283 3237 1345 3309 im·

326 3382 479 3443 menso,
504 3352 602 3453 quod
616 3352 660 3424 de
675 3351 942 3425 commentariis
968 3352 1081 3425 creati
1100 3354 1237 3426 saeculi
1261 3383 1345 3429 oon-

326 3474 470 3546 diderat
491 3471 721 3546 habundanti
745 3471 893 3571 quidem
918 3488 954 3543 et
979 3471 1167 3571 eloquenti
1183 3476 1228 3572 (a)
1248 3502 1343 3564 ,om-

273 3576 281 3583 ⁸
327 3593 389 3666 nia
412 3621 525 3691 paene
549 3591 737 3690 participia
764 3620 829 3690 pro
857 3593 976 3666 verbis
1001 3610 1227 3692 sumpserat.
1252 3607 1277 3640 ‘⁴
1296 3594 1342 3669 In

332 3769 358 3801 ‚‚
383 3711 562 3810 principio
587 3709 737 3811 quidem
752 3769 761 3800 ‚
774 3712 974 3814 inquiens,
994 3715 1209 3788 contuebilis
1234 3743 1339 3790 mun·

326 3885 353 3919 ‚,
380 3828 448 3902 duo
473 3831 517 3902 ab
541 3829 786 3904 incontuebili
811 3814 989 3930 potestate
1008 3860 1086 3905 crea
1099 3849 1180 3923 tus,
1205 3834 1278 3907 sole
1304 3851 1342 3910 et

413 3974 452 4045 (a)
470 3983 528 4029 cod.
541 3982 586 4025 sed
601 3983 700 4028 elocuti.

405 4089 444 4161 (ι)
464 4091 532 4143 Num
552 4091 620 4144 idem
639 4092 744 4162 estqui
763 4093 1027 4165 Papaniospay.
1048 4114 1074 4146 n·
1094 4091 1137 4151 3?
1195 4106 1198 4114 '
1239 4151 1242 4157 ,
