<?xml version="1.0" encoding="UTF-8"?>
<!DOCTYPE html PUBLIC "-//W3C//DTD XHTML 1.0 Transitional//EN"
    "http://www.w3.org/TR/xhtml1/DTD/xhtml1-transitional.dtd">
<html xmlns="http://www.w3.org/1999/xhtml" xml:lang="en" lang="en">
 <head>
  <title>
</title>
<meta http-equiv="Content-Type" content="text/html;charset=utf-8" />
  <meta name='ocr-system' content='tesseract 3.04.00' />
  <meta name='ocr-capabilities' content='ocr_page ocr_carea ocr_par ocr_line ocrx_word'/>
</head>
<body>
  <div class='ocr_page' id='page_1' title='image "./classicorumauct00vatigoog_0125.png"; bbox 0 0 3382 5206; ppageno 0'>
   <div class='ocr_carea' id='block_1_1' title="bbox 623 607 1225 712">
    <p class='ocr_par' dir='ltr' id='par_1_1' title="bbox 623 607 1225 712">
     <span class='ocr_line' id='line_1_1' title="bbox 623 607 1225 712; baseline 0.017 -39"><span class='ocrx_word' id='word_1_1' title='bbox 623 622 668 675; x_wconf 84' lang='lat' dir='ltr'><strong>ue</strong></span> <span class='ocrx_word' id='word_1_2' title='bbox 692 621 857 677; x_wconf 74' lang='lat' dir='ltr'><strong>marsum.</strong></span> <span class='ocrx_word' id='word_1_3' title='bbox 1173 607 1225 712; x_wconf 84' lang='lat'><strong>69</strong></span> 
     </span>
    </p>
   </div>
   <div class='ocr_carea' id='block_1_2' title="bbox 130 729 1255 3578">
    <p class='ocr_par' dir='ltr' id='par_1_2' title="bbox 233 729 1255 2628">
     <span class='ocr_line' id='line_1_2' title="bbox 235 729 1251 834; baseline 0.011 -28"><span class='ocrx_word' id='word_1_4' title='bbox 235 746 380 831; x_wconf 76' lang='lat' dir='ltr'><strong>guntur.</strong></span> <span class='ocrx_word' id='word_1_5' title='bbox 395 729 564 806; x_wconf 76' lang='lat' dir='ltr'><strong>Dicimus</strong></span> <span class='ocrx_word' id='word_1_6' title='bbox 586 734 684 807; x_wconf 83' lang='lat' dir='ltr'><strong>enim</strong></span> <span class='ocrx_word' id='word_1_7' title='bbox 706 792 717 826; x_wconf 88' lang='lat'>‚</span> <span class='ocrx_word' id='word_1_8' title='bbox 737 762 864 834; x_wconf 84' lang='lat' dir='ltr'><strong>magna</strong></span> <span class='ocrx_word' id='word_1_9' title='bbox 888 733 990 810; x_wconf 88' lang='lat' dir='ltr'><strong>valde</strong></span> <span class='ocrx_word' id='word_1_10' title='bbox 1013 739 1112 812; x_wconf 87' lang='lat' dir='ltr'><strong>venit</strong></span> <span class='ocrx_word' id='word_1_11' title='bbox 1136 741 1251 817; x_wconf 87' lang='lat' dir='ltr'><strong>turba.</strong></span> 
     </span>
     <span class='ocr_line' id='line_1_3' title="bbox 236 851 1254 955; baseline 0.01 -29"><span class='ocrx_word' id='word_1_12' title='bbox 236 851 510 951; x_wconf 84' lang='lat' dir='ltr'><strong>Numquidnam</strong></span> <span class='ocrx_word' id='word_1_13' title='bbox 528 853 660 951; x_wconf 75' lang='lat' dir='ltr'><strong>poteris</strong></span> <span class='ocrx_word' id='word_1_14' title='bbox 679 853 729 927; x_wconf 80' lang='lat' dir='ltr'><strong>ita</strong></span> <span class='ocrx_word' id='word_1_15' title='bbox 753 882 984 955; x_wconf 81' lang='lat' dir='ltr'><strong>componere,</strong></span> <span class='ocrx_word' id='word_1_16' title='bbox 1004 858 1103 931; x_wconf 88' lang='lat' dir='ltr'><strong>venit</strong></span> <span class='ocrx_word' id='word_1_17' title='bbox 1120 860 1254 937; x_wconf 79' lang='lat' dir='ltr'><strong>valde?</strong></span> 
     </span>
     <span class='ocr_line' id='line_1_4' title="bbox 236 972 1251 1072; baseline 0.007 -26"><span class='ocrx_word' id='word_1_18' title='bbox 236 972 416 1072; x_wconf 86' lang='lat' dir='ltr'><strong>alioquin,</strong></span> <span class='ocrx_word' id='word_1_19' title='bbox 429 973 606 1072; x_wconf 89' lang='lat' dir='ltr'><strong>quomodo</strong></span> <span class='ocrx_word' id='word_1_20' title='bbox 623 991 746 1047; x_wconf 80' lang='lat' dir='ltr'><strong>senten</strong></span> <span class='ocrx_word' id='word_1_21' title='bbox 753 975 797 1047; x_wconf 82' lang='lat' dir='ltr'><strong>tia</strong></span> <span class='ocrx_word' id='word_1_22' title='bbox 816 975 1069 1072; x_wconf 77' lang='lat' dir='ltr'>intellegetur?</span> <span class='ocrx_word' id='word_1_23' title='bbox 1081 976 1251 1055; x_wconf 81' lang='lat' dir='ltr'><strong>Dicimus</strong></span> 
     </span>
     <span class='ocr_line' id='line_1_5' title="bbox 237 1092 1255 1200; baseline 0.007 -34"><span class='ocrx_word' id='word_1_24' title='bbox 237 1093 345 1166; x_wconf 77' lang='lat' dir='ltr'><strong>etiarn</strong></span> <span class='ocrx_word' id='word_1_25' title='bbox 364 1148 373 1180; x_wconf 81' lang='lat'>‚</span> <span class='ocrx_word' id='word_1_26' title='bbox 403 1109 476 1166; x_wconf 76' lang='lat' dir='ltr'><strong>iam</strong></span> <span class='ocrx_word' id='word_1_27' title='bbox 495 1092 590 1164; x_wconf 80' lang='lat' dir='ltr'><strong>docti</strong></span> <span class='ocrx_word' id='word_1_28' title='bbox 613 1110 649 1166; x_wconf 82' lang='lat' dir='ltr'><strong>et</strong></span> <span class='ocrx_word' id='word_1_29' title='bbox 668 1109 742 1167; x_wconf 79' lang='lat' dir='ltr'><strong>tam</strong></span> <span class='ocrx_word' id='word_1_30' title='bbox 756 1094 904 1170; x_wconf 88' lang='lat' dir='ltr'><strong>veloces.</strong></span> <span class='ocrx_word' id='word_1_31' title='bbox 922 1094 1032 1168; x_wconf 89' lang='lat' dir='ltr'>Unde</span> <span class='ocrx_word' id='word_1_32' title='bbox 1049 1114 1083 1169; x_wconf 78' lang='lat' dir='ltr'><strong>et</strong></span> <span class='ocrx_word' id='word_1_33' title='bbox 1101 1097 1175 1188; x_wconf 88' lang='lat' dir='ltr'><strong>hii,</strong></span> <span class='ocrx_word' id='word_1_34' title='bbox 1188 1099 1255 1200; x_wconf 88' lang='lat' dir='ltr'><strong>qui</strong></span> 
     </span>
     <span class='ocr_line' id='line_1_6' title="bbox 235 1211 1253 1313; baseline 0.008 -28"><span class='ocrx_word' id='word_1_35' title='bbox 235 1240 309 1287; x_wconf 89' lang='lat' dir='ltr'><strong>non</strong></span> <span class='ocrx_word' id='word_1_36' title='bbox 335 1229 415 1286; x_wconf 78' lang='lat' dir='ltr'><strong>ceto</strong></span> <span class='ocrx_word' id='word_1_37' title='bbox 442 1211 505 1286; x_wconf 86' lang='lat' dir='ltr'><strong>sed</strong></span> <span class='ocrx_word' id='word_1_38' title='bbox 524 1213 645 1313; x_wconf 88' lang='lat' dir='ltr'><strong>plures</strong></span> <span class='ocrx_word' id='word_1_39' title='bbox 667 1212 840 1286; x_wconf 78' lang='lat' dir='ltr'><strong>orationis</strong></span> <span class='ocrx_word' id='word_1_40' title='bbox 866 1231 986 1313; x_wconf 80' lang='lat' dir='ltr'><strong>partes</strong></span> <span class='ocrx_word' id='word_1_41' title='bbox 1008 1240 1253 1293; x_wconf 82' lang='lat' dir='ltr'>annumerare</span> 
     </span>
     <span class='ocr_line' id='line_1_7' title="bbox 234 1330 1253 1430; baseline 0.006 -26"><span class='ocrx_word' id='word_1_42' title='bbox 234 1330 383 1419; x_wconf 87' lang='lat' dir='ltr'><strong>volunt,</strong></span> <span class='ocrx_word' id='word_1_43' title='bbox 399 1330 609 1404; x_wconf 83' lang='lat' dir='ltr'><strong>adverbium</strong></span> <span class='ocrx_word' id='word_1_44' title='bbox 626 1331 666 1403; x_wconf 88' lang='lat' dir='ltr'><strong>in</strong></span> <span class='ocrx_word' id='word_1_45' title='bbox 684 1331 773 1404; x_wconf 87' lang='lat' dir='ltr'><strong>duas</strong></span> <span class='ocrx_word' id='word_1_46' title='bbox 789 1349 907 1430; x_wconf 78' lang='lat' dir='ltr'><strong>parles</strong></span> <span class='ocrx_word' id='word_1_47' title='bbox 922 1332 1092 1409; x_wconf 81' lang='lat' dir='ltr'><strong>dividunt</strong></span> <span class='ocrx_word' id='word_1_48' title='bbox 1110 1392 1120 1427; x_wconf 90' lang='lat'>,</span> <span class='ocrx_word' id='word_1_49' title='bbox 1141 1359 1253 1410; x_wconf 86' lang='lat' dir='ltr'><strong>unam</strong></span> 
     </span>
     <span class='ocr_line' id='line_1_8' title="bbox 233 1449 1253 1548; baseline 0.007 -27"><span class='ocrx_word' id='word_1_50' title='bbox 233 1450 352 1548; x_wconf 87' lang='lat' dir='ltr'><strong>prisco</strong></span> <span class='ocrx_word' id='word_1_51' title='bbox 380 1449 528 1522; x_wconf 89' lang='lat' dir='ltr'><strong>nomine</strong></span> <span class='ocrx_word' id='word_1_52' title='bbox 554 1449 765 1524; x_wconf 81' lang='lat' dir='ltr'><strong>adverbium</strong></span> <span class='ocrx_word' id='word_1_53' title='bbox 790 1467 958 1524; x_wconf 80' lang='lat' dir='ltr'><strong>vocantes</strong></span> <span class='ocrx_word' id='word_1_54' title='bbox 983 1509 993 1542; x_wconf 91' lang='lat'><strong>‚</strong></span> <span class='ocrx_word' id='word_1_55' title='bbox 1019 1453 1170 1527; x_wconf 70' lang='lat' dir='ltr'><strong>alteram</strong></span> <span class='ocrx_word' id='word_1_56' title='bbox 1197 1478 1253 1528; x_wconf 80' lang='lat' dir='ltr'><strong>ex-</strong></span> 
     </span>
     <span class='ocr_line' id='line_1_9' title="bbox 235 1565 1254 1669; baseline 0.008 -30"><span class='ocrx_word' id='word_1_57' title='bbox 235 1566 464 1667; x_wconf 84' lang='lat' dir='ltr'><strong>pressorium</strong></span> <span class='ocrx_word' id='word_1_58' title='bbox 483 1565 580 1640; x_wconf 88' lang='lat' dir='ltr'><strong>Eece</strong></span> <span class='ocrx_word' id='word_1_59' title='bbox 601 1567 701 1640; x_wconf 89' lang='lat' dir='ltr'><strong>enim</strong></span> <span class='ocrx_word' id='word_1_60' title='bbox 723 1566 916 1656; x_wconf 73' lang='lat' dir='ltr'><strong>adverbia,</strong></span> <span class='ocrx_word' id='word_1_61' title='bbox 937 1592 1030 1669; x_wconf 86' lang='lat' dir='ltr'><strong>quae</strong></span> <span class='ocrx_word' id='word_1_62' title='bbox 1046 1572 1254 1646; x_wconf 88' lang='lat' dir='ltr'><strong>nominibus</strong></span> 
     </span>
     <span class='ocr_line' id='line_1_10' title="bbox 239 1686 1254 1787; baseline 0.005 -25"><span class='ocrx_word' id='word_1_63' title='bbox 239 1704 274 1762; x_wconf 88' lang='lat' dir='ltr'><strong>et</strong></span> <span class='ocrx_word' id='word_1_64' title='bbox 298 1689 377 1762; x_wconf 90' lang='lat' dir='ltr'><strong>aliis</strong></span> <span class='ocrx_word' id='word_1_65' title='bbox 399 1687 559 1760; x_wconf 88' lang='lat' dir='ltr'><strong>adverbis</strong></span> <span class='ocrx_word' id='word_1_66' title='bbox 584 1686 831 1787; x_wconf 81' lang='lat' dir='ltr'><strong>applicamus,</strong></span> <span class='ocrx_word' id='word_1_67' title='bbox 862 1716 936 1760; x_wconf 89' lang='lat' dir='ltr'><strong>non</strong></span> <span class='ocrx_word' id='word_1_68' title='bbox 963 1705 1036 1765; x_wconf 83' lang='lat' dir='ltr'><strong>tam</strong></span> <span class='ocrx_word' id='word_1_69' title='bbox 1056 1691 1254 1767; x_wconf 83' lang='lat' dir='ltr'><strong>adiunctio—</strong></span> 
     </span>
     <span class='ocr_line' id='line_1_11' title="bbox 237 1808 1254 1912; baseline 0.004 -30"><span class='ocrx_word' id='word_1_70' title='bbox 237 1836 321 1882; x_wconf 85' lang='lat' dir='ltr'><strong>nem</strong></span> <span class='ocrx_word' id='word_1_71' title='bbox 346 1808 507 1897; x_wconf 78' lang='lat' dir='ltr'><strong>solitam,</strong></span> <span class='ocrx_word' id='word_1_72' title='bbox 529 1834 638 1908; x_wconf 92' lang='lat' dir='ltr'><strong>quam</strong></span> <span class='ocrx_word' id='word_1_73' title='bbox 667 1834 841 1881; x_wconf 89' lang='lat' dir='ltr'><strong>sensuum</strong></span> <span class='ocrx_word' id='word_1_74' title='bbox 863 1810 1126 1908; x_wconf 82' lang='lat' dir='ltr'><strong>expressionem</strong></span> <span class='ocrx_word' id='word_1_75' title='bbox 1148 1813 1254 1912; x_wconf 83' lang='lat' dir='ltr'><strong>signi·</strong></span> 
     </span>
     <span class='ocr_line' id='line_1_12' title="bbox 237 1927 1254 2006; baseline 0.003 -2"><span class='ocrx_word' id='word_1_76' title='bbox 237 1933 356 2004; x_wconf 78' lang='lat' dir='ltr'><strong>licant.</strong></span> <span class='ocrx_word' id='word_1_77' title='bbox 377 1927 600 2002; x_wconf 90' lang='lat' dir='ltr'><strong>Adverbium</strong></span> <span class='ocrx_word' id='word_1_78' title='bbox 623 1928 791 2001; x_wconf 87' lang='lat' dir='ltr'><strong>adverbio</strong></span> <span class='ocrx_word' id='word_1_79' title='bbox 821 1928 1020 2002; x_wconf 83' lang='lat' dir='ltr'><strong>adhaerens</strong></span> <span class='ocrx_word' id='word_1_80' title='bbox 1051 1932 1129 2004; x_wconf 89' lang='lat' dir='ltr'><strong>sine</strong></span> <span class='ocrx_word' id='word_1_81' title='bbox 1162 1960 1254 2006; x_wconf 88' lang='lat' dir='ltr'><strong>com·</strong></span> 
     </span>
     <span class='ocr_line' id='line_1_13' title="bbox 237 2045 1254 2161; baseline 0.003 -38"><span class='ocrx_word' id='word_1_82' title='bbox 237 2050 421 2149; x_wconf 79' lang='lat' dir='ltr'><strong>paratione</strong></span> <span class='ocrx_word' id='word_1_83' title='bbox 439 2047 577 2161; x_wconf 80' lang='lat' dir='ltr'><strong>aliqua,</strong></span> <span class='ocrx_word' id='word_1_84' title='bbox 594 2045 639 2120; x_wconf 91' lang='lat' dir='ltr'><strong>ad</strong></span> <span class='ocrx_word' id='word_1_85' title='bbox 655 2048 930 2161; x_wconf 75' lang='lat' dir='ltr'><strong>affirmationem</strong></span> <span class='ocrx_word' id='word_1_86' title='bbox 946 2065 1085 2122; x_wconf 71' lang='lat' dir='ltr'><strong>sanium</strong></span> <span class='ocrx_word' id='word_1_87' title='bbox 1097 2052 1254 2149; x_wconf 76' lang='lat' dir='ltr'><strong>pertine-</strong></span> 
     </span>
     <span class='ocr_line' id='line_1_14' title="bbox 238 2164 1253 2265; baseline 0.002 -21"><span class='ocrx_word' id='word_1_88' title='bbox 238 2171 291 2244; x_wconf 82' lang='lat' dir='ltr'><strong>hit</strong></span> <span class='ocrx_word' id='word_1_89' title='bbox 317 2227 326 2261; x_wconf 92' lang='lat'>,</span> <span class='ocrx_word' id='word_1_90' title='bbox 355 2188 396 2244; x_wconf 85' lang='lat' dir='ltr'><strong>ut</strong></span> <span class='ocrx_word' id='word_1_91' title='bbox 423 2186 496 2243; x_wconf 81' lang='lat' dir='ltr'><strong>iam</strong></span> <span class='ocrx_word' id='word_1_92' title='bbox 526 2168 635 2265; x_wconf 83' lang='lat' dir='ltr'><strong>digne</strong></span> <span class='ocrx_word' id='word_1_93' title='bbox 665 2225 674 2256; x_wconf 94' lang='lat'>‚</span> <span class='ocrx_word' id='word_1_94' title='bbox 701 2183 736 2239; x_wconf 83' lang='lat' dir='ltr'><strong>et</strong></span> <span class='ocrx_word' id='word_1_95' title='bbox 767 2166 868 2242; x_wconf 91' lang='lat' dir='ltr'><strong>valde</strong></span> <span class='ocrx_word' id='word_1_96' title='bbox 892 2164 1044 2242; x_wconf 76' lang='lat' dir='ltr'><strong>viriliter</strong></span> <span class='ocrx_word' id='word_1_97' title='bbox 1069 2227 1079 2258; x_wconf 89' lang='lat'>‚</span> <span class='ocrx_word' id='word_1_98' title='bbox 1107 2188 1144 2244; x_wconf 85' lang='lat' dir='ltr'><strong>et</strong></span> <span class='ocrx_word' id='word_1_99' title='bbox 1170 2173 1253 2247; x_wconf 80' lang='lat' dir='ltr'><strong>satis</strong></span> 
     </span>
     <span class='ocr_line' id='line_1_15' title="bbox 240 2288 1254 2390; baseline 0.002 -27"><span class='ocrx_word' id='word_1_100' title='bbox 240 2291 377 2390; x_wconf 89' lang='lat' dir='ltr'><strong>pulcre.</strong></span> <span class='ocrx_word' id='word_1_101' title='bbox 386 2288 499 2363; x_wconf 90' lang='lat' dir='ltr'><strong>Unde</strong></span> <span class='ocrx_word' id='word_1_102' title='bbox 518 2314 593 2360; x_wconf 89' lang='lat' dir='ltr'><strong>non</strong></span> <span class='ocrx_word' id='word_1_103' title='bbox 610 2313 740 2389; x_wconf 89' lang='lat' dir='ltr'><strong>parvus</strong></span> <span class='ocrx_word' id='word_1_104' title='bbox 760 2312 861 2360; x_wconf 87' lang='lat' dir='ltr'><strong>error</strong></span> <span class='ocrx_word' id='word_1_105' title='bbox 881 2311 1007 2359; x_wconf 91' lang='lat' dir='ltr'><strong>eorum</strong></span> <span class='ocrx_word' id='word_1_106' title='bbox 1026 2289 1088 2388; x_wconf 88' lang='lat' dir='ltr'><strong>qui</strong></span> <span class='ocrx_word' id='word_1_107' title='bbox 1102 2307 1158 2364; x_wconf 76' lang='lat' dir='ltr'><strong>ei·</strong></span> <span class='ocrx_word' id='word_1_108' title='bbox 1171 2319 1254 2368; x_wconf 91' lang='lat' dir='ltr'><strong>con·</strong></span> 
     </span>
     <span class='ocr_line' id='line_1_16' title="bbox 240 2404 1254 2507; baseline 0.003 -27"><span class='ocrx_word' id='word_1_109' title='bbox 240 2409 467 2483; x_wconf 83' lang='lat' dir='ltr'><strong>iunctionem</strong></span> <span class='ocrx_word' id='word_1_110' title='bbox 488 2405 722 2507; x_wconf 77' lang='lat' dir='ltr'><strong>copulativam</strong></span> <span class='ocrx_word' id='word_1_111' title='bbox 740 2404 1006 2504; x_wconf 73' lang='lat' dir='ltr'><strong>interponunt,</strong></span> <span class='ocrx_word' id='word_1_112' title='bbox 1028 2423 1066 2478; x_wconf 76' lang='lat' dir='ltr'><strong>ul</strong></span> <span class='ocrx_word' id='word_1_113' title='bbox 1085 2407 1131 2480; x_wconf 81' lang='lat' dir='ltr'><strong>sit</strong></span> <span class='ocrx_word' id='word_1_114' title='bbox 1145 2464 1155 2499; x_wconf 90' lang='lat'>,</span> <span class='ocrx_word' id='word_1_115' title='bbox 1168 2409 1254 2483; x_wconf 80' lang='lat' dir='ltr'><strong>salis</strong></span> 
     </span>
     <span class='ocr_line' id='line_1_17' title="bbox 240 2527 1034 2628; baseline 0 -27"><span class='ocrx_word' id='word_1_116' title='bbox 240 2543 276 2601; x_wconf 78' lang='lat' dir='ltr'><strong>et</strong></span> <span class='ocrx_word' id='word_1_117' title='bbox 293 2527 429 2628; x_wconf 90' lang='lat' dir='ltr'><strong>pulcre.</strong></span> <span class='ocrx_word' id='word_1_118' title='bbox 1031 2612 1034 2617; x_wconf 88' lang='lat'><em>.</em></span> 
     </span>
    </p>

    <p class='ocr_par' dir='ltr' id='par_1_3' title="bbox 130 2641 1255 3578">
     <span class='ocr_line' id='line_1_18' title="bbox 324 2641 1247 2741; baseline 0 -22"><span class='ocrx_word' id='word_1_119' title='bbox 324 2647 356 2720; x_wconf 89' lang='grc'><strong>3.</strong></span> <span class='ocrx_word' id='word_1_120' title='bbox 383 2643 649 2717; x_wconf 87' lang='lat' dir='ltr'><strong>Adverbiorum</strong></span> <span class='ocrx_word' id='word_1_121' title='bbox 677 2641 888 2741; x_wconf 80' lang='lat' dir='ltr'><strong>significatio</strong></span> <span class='ocrx_word' id='word_1_122' title='bbox 924 2641 1133 2716; x_wconf 78' lang='lat' dir='ltr'><strong>multimoda</strong></span> <span class='ocrx_word' id='word_1_123' title='bbox 1169 2661 1247 2720; x_wconf 80' lang='lat' dir='ltr'><strong>est.</strong></span> 
     </span>
     <span class='ocr_line' id='line_1_19' title="bbox 240 2760 1251 2837; baseline 0.001 -3"><span class='ocrx_word' id='word_1_124' title='bbox 240 2761 313 2837; x_wconf 88' lang='lat' dir='ltr'><strong>Sed</strong></span> <span class='ocrx_word' id='word_1_125' title='bbox 341 2762 445 2837; x_wconf 81' lang='lat' dir='ltr'><strong>multi</strong></span> <span class='ocrx_word' id='word_1_126' title='bbox 467 2762 670 2836; x_wconf 76' lang='lat' dir='ltr'><strong>existimant</strong></span> <span class='ocrx_word' id='word_1_127' title='bbox 687 2761 787 2835; x_wconf 92' lang='lat' dir='ltr'><strong>nulla</strong></span> <span class='ocrx_word' id='word_1_128' title='bbox 806 2760 970 2834; x_wconf 82' lang='lat' dir='ltr'><strong>adverbia</strong></span> <span class='ocrx_word' id='word_1_129' title='bbox 993 2790 1033 2833; x_wconf 83' lang='lat' dir='ltr'><strong>ex</strong></span> <span class='ocrx_word' id='word_1_130' title='bbox 1054 2790 1129 2835; x_wconf 86' lang='lat' dir='ltr'><strong>sese</strong></span> <span class='ocrx_word' id='word_1_131' title='bbox 1150 2764 1251 2836; x_wconf 87' lang='lat' dir='ltr'><strong>nasei</strong></span> 
     </span>
     <span class='ocr_line' id='line_1_20' title="bbox 240 2880 1253 2983; baseline -0.001 -26"><span class='ocrx_word' id='word_1_132' title='bbox 240 2912 362 2983; x_wconf 85' lang='lat' dir='ltr'><strong>posse:</strong></span> <span class='ocrx_word' id='word_1_133' title='bbox 382 2911 467 2957; x_wconf 91' lang='lat' dir='ltr'><strong>nam</strong></span> <span class='ocrx_word' id='word_1_134' title='bbox 487 2908 571 2956; x_wconf 87' lang='lat' dir='ltr'><strong>curn</strong></span> <span class='ocrx_word' id='word_1_135' title='bbox 597 2880 690 2956; x_wconf 88' lang='lat' dir='ltr'><strong>dicis</strong></span> <span class='ocrx_word' id='word_1_136' title='bbox 713 2882 921 2955; x_wconf 86' lang='lat' dir='ltr'><strong>adverbium</strong></span> <span class='ocrx_word' id='word_1_137' title='bbox 942 2881 1132 2980; x_wconf 85' lang='lat' dir='ltr'><strong>separandi</strong></span> <span class='ocrx_word' id='word_1_138' title='bbox 1150 2911 1253 2956; x_wconf 75' lang='lat' dir='ltr'><strong>seor·</strong></span> 
     </span>
     <span class='ocr_line' id='line_1_21' title="bbox 241 3001 1254 3100; baseline 0 -25"><span class='ocrx_word' id='word_1_139' title='bbox 241 3029 330 3075; x_wconf 88' lang='lat' dir='ltr'><strong>sum·</strong></span> <span class='ocrx_word' id='word_1_140' title='bbox 348 3059 358 3091; x_wconf 89' lang='lat'>‚</span> <span class='ocrx_word' id='word_1_141' title='bbox 377 3004 486 3076; x_wconf 90' lang='lat' dir='ltr'><strong>habes</strong></span> <span class='ocrx_word' id='word_1_142' title='bbox 512 3027 644 3074; x_wconf 89' lang='lat' dir='ltr'><strong>nomen</strong></span> <span class='ocrx_word' id='word_1_143' title='bbox 675 3027 716 3074; x_wconf 85' lang='lat' dir='ltr'><strong>ex</strong></span> <span class='ocrx_word' id='word_1_144' title='bbox 740 3028 812 3100; x_wconf 92' lang='lat' dir='ltr'><strong>quo</strong></span> <span class='ocrx_word' id='word_1_145' title='bbox 830 3001 1024 3086; x_wconf 72' lang='lat' dir='ltr'><strong>nascitur,</strong></span> <span class='ocrx_word' id='word_1_146' title='bbox 1055 3017 1097 3073; x_wconf 83' lang='lat' dir='ltr'><strong>ut</strong></span> <span class='ocrx_word' id='word_1_147' title='bbox 1124 3018 1177 3074; x_wconf 83' lang='lat' dir='ltr'><strong>est</strong></span> <span class='ocrx_word' id='word_1_148' title='bbox 1192 3030 1254 3075; x_wconf 74' lang='lat' dir='ltr'><strong>oe·</strong></span> 
     </span>
     <span class='ocr_line' id='line_1_22' title="bbox 242 3118 1254 3219; baseline -0.003 -23"><span class='ocrx_word' id='word_1_149' title='bbox 242 3150 362 3196; x_wconf 86' lang='lat' dir='ltr'><strong>curus·</strong></span> <span class='ocrx_word' id='word_1_150' title='bbox 377 3178 387 3210; x_wconf 88' lang='lat'>‚</span> <span class='ocrx_word' id='word_1_151' title='bbox 405 3122 474 3194; x_wconf 91' lang='lat' dir='ltr'><strong>hoc</strong></span> <span class='ocrx_word' id='word_1_152' title='bbox 501 3137 554 3193; x_wconf 79' lang='lat' dir='ltr'><strong>est</strong></span> <span class='ocrx_word' id='word_1_153' title='bbox 581 3119 644 3219; x_wconf 89' lang='lat' dir='ltr'><strong>qui</strong></span> <span class='ocrx_word' id='word_1_154' title='bbox 672 3146 708 3190; x_wconf 89' lang='lat' dir='ltr'><strong>se</strong></span> <span class='ocrx_word' id='word_1_155' title='bbox 734 3119 852 3218; x_wconf 90' lang='lat' dir='ltr'><strong>ipsum</strong></span> <span class='ocrx_word' id='word_1_156' title='bbox 873 3118 915 3189; x_wconf 85' lang='lat' dir='ltr'><strong>ab</strong></span> <span class='ocrx_word' id='word_1_157' title='bbox 934 3118 1092 3190; x_wconf 82' lang='lat' dir='ltr'><strong>humano</strong></span> <span class='ocrx_word' id='word_1_158' title='bbox 1115 3135 1254 3219; x_wconf 78' lang='lat' dir='ltr'><strong>separat</strong></span> 
     </span>
     <span class='ocr_line' id='line_1_23' title="bbox 130 3237 1255 3338; baseline -0.003 -22"><span class='ocrx_word' id='word_1_159' title='bbox 130 3275 137 3286; x_wconf 93' lang='lat'><strong>·</strong></span> <span class='ocrx_word' id='word_1_160' title='bbox 245 3241 442 3316; x_wconf 70' lang='lat' dir='ltr'><strong>consortio:</strong></span> <span class='ocrx_word' id='word_1_161' title='bbox 463 3240 557 3313; x_wconf 77' lang='lat' dir='ltr'><strong>sicut</strong></span> <span class='ocrx_word' id='word_1_162' title='bbox 574 3255 608 3312; x_wconf 84' lang='lat' dir='ltr'><strong>et</strong></span> <span class='ocrx_word' id='word_1_163' title='bbox 625 3237 756 3311; x_wconf 89' lang='lat' dir='ltr'><strong>adorus</strong></span> <span class='ocrx_word' id='word_1_164' title='bbox 769 3241 813 3338; x_wconf 83' lang='lat' dir='ltr'><strong>(a)</strong></span> <span class='ocrx_word' id='word_1_165' title='bbox 829 3295 837 3327; x_wconf 89' lang='lat'>‚</span> <span class='ocrx_word' id='word_1_166' title='bbox 856 3237 918 3337; x_wconf 90' lang='lat' dir='ltr'><strong>qui</strong></span> <span class='ocrx_word' id='word_1_167' title='bbox 936 3265 973 3310; x_wconf 89' lang='lat' dir='ltr'><strong>se</strong></span> <span class='ocrx_word' id='word_1_168' title='bbox 994 3237 1114 3338; x_wconf 91' lang='lat' dir='ltr'><strong>ipsum</strong></span> <span class='ocrx_word' id='word_1_169' title='bbox 1127 3240 1171 3312; x_wconf 89' lang='lat' dir='ltr'><strong>ad</strong></span> <span class='ocrx_word' id='word_1_170' title='bbox 1183 3265 1255 3313; x_wconf 90' lang='lat' dir='ltr'><strong>om·</strong></span> 
     </span>
     <span class='ocr_line' id='line_1_24' title="bbox 243 3340 1254 3435; baseline 0 -2"><span class='ocrx_word' id='word_1_171' title='bbox 243 3362 347 3435; x_wconf 90' lang='lat' dir='ltr'><strong>nium</strong></span> <span class='ocrx_word' id='word_1_172' title='bbox 376 3387 437 3433; x_wconf 86' lang='lat' dir='ltr'><strong>ora</strong></span> <span class='ocrx_word' id='word_1_173' title='bbox 468 3356 619 3431; x_wconf 78' lang='lat' dir='ltr'><strong>ostendit</strong></span> <span class='ocrx_word' id='word_1_174' title='bbox 650 3340 676 3433; x_wconf 71' lang='lat' dir='ltr'><strong>t¹</strong></span> <span class='ocrx_word' id='word_1_175' title='bbox 698 3358 795 3432; x_wconf 84' lang='lat' dir='ltr'><strong>iuxta</strong></span> <span class='ocrx_word' id='word_1_176' title='bbox 828 3358 918 3431; x_wconf 90' lang='lat' dir='ltr'><strong>illud</strong></span> <span class='ocrx_word' id='word_1_177' title='bbox 954 3357 1143 3431; x_wconf 82' lang='lat' dir='ltr'><strong>Ciceronis</strong></span> <span class='ocrx_word' id='word_1_178' title='bbox 1167 3372 1192 3404; x_wconf 89' lang='lat'><strong>“</strong></span> <span class='ocrx_word' id='word_1_179' title='bbox 1224 3360 1254 3433; x_wconf 89' lang='lat' dir='ltr'><strong>si</strong></span> 
     </span>
     <span class='ocr_line' id='line_1_25' title="bbox 245 3475 1254 3578; baseline 0 -27"><span class='ocrx_word' id='word_1_180' title='bbox 245 3497 378 3577; x_wconf 74' lang='lat' dir='ltr'><strong>persius</strong></span> <span class='ocrx_word' id='word_1_181' title='bbox 392 3479 441 3578; x_wconf 81' lang='lat' dir='ltr'><strong>(b)</strong></span> <span class='ocrx_word' id='word_1_182' title='bbox 458 3477 576 3565; x_wconf 85' lang='lat' dir='ltr'><strong>luero,</strong></span> <span class='ocrx_word' id='word_1_183' title='bbox 597 3475 747 3549; x_wconf 81' lang='lat' dir='ltr'><strong>edorum</strong></span> <span class='ocrx_word' id='word_1_184' title='bbox 766 3504 822 3548; x_wconf 88' lang='lat' dir='ltr'><strong>me</strong></span> <span class='ocrx_word' id='word_1_185' title='bbox 844 3478 971 3548; x_wconf 86' lang='lat' dir='ltr'><strong>iaciarn</strong></span> <span class='ocrx_word' id='word_1_186' title='bbox 988 3478 1176 3572; x_wconf 83' lang='lat' dir='ltr'><strong>omnibus3</strong></span> <span class='ocrx_word' id='word_1_187' title='bbox 1196 3477 1254 3551; x_wconf 87' lang='lat' dir='ltr'><strong>sin</strong></span> 
     </span>
    </p>
   </div>
   <div class='ocr_carea' id='block_1_3' title="bbox 135 3598 1254 3687">
    <p class='ocr_par' dir='ltr' id='par_1_4' title="bbox 135 3598 1254 3687">
     <span class='ocr_line' id='line_1_26' title="bbox 135 3598 1254 3687; baseline 0.001 -14"><span class='ocrx_word' id='word_1_188' title='bbox 135 3668 138 3673; x_wconf 91' lang='lat'><em>.</em></span> <span class='ocrx_word' id='word_1_189' title='bbox 244 3602 327 3674; x_wconf 85' lang='lat' dir='ltr'><strong>alias</strong></span> <span class='ocrx_word' id='word_1_190' title='bbox 340 3659 349 3687; x_wconf 88' lang='lat'><strong>‚</strong></span> <span class='ocrx_word' id='word_1_191' title='bbox 361 3626 510 3672; x_wconf 90' lang='lat' dir='ltr'><strong>securus</strong></span> <span class='ocrx_word' id='word_1_192' title='bbox 528 3599 664 3671; x_wconf 80' lang='lat' dir='ltr'><strong>efficiar</strong></span> <span class='ocrx_word' id='word_1_193' title='bbox 679 3655 688 3686; x_wconf 90' lang='lat'>‚</span> <span class='ocrx_word' id='word_1_194' title='bbox 705 3598 833 3671; x_wconf 80' lang='lat' dir='ltr'><strong>timens</strong></span> <span class='ocrx_word' id='word_1_195' title='bbox 854 3626 909 3670; x_wconf 90' lang='lat' dir='ltr'><strong>me</strong></span> <span class='ocrx_word' id='word_1_196' title='bbox 930 3601 1165 3673; x_wconf 74' lang='lat' dir='ltr'><strong>conventibus</strong></span> <span class='ocrx_word' id='word_1_197' title='bbox 1186 3617 1254 3674; x_wconf 78' lang='lat' dir='ltr'><strong>tra·</strong></span> 
     </span>
    </p>
   </div>
   <div class='ocr_carea' id='block_1_4' title="bbox 242 3713 1256 4060">
    <p class='ocr_par' dir='ltr' id='par_1_5' title="bbox 242 3713 1256 4060">
     <span class='ocr_line' id='line_1_27' title="bbox 242 3713 1254 3817; baseline 0.001 -27"><span class='ocrx_word' id='word_1_198' title='bbox 242 3721 328 3790; x_wconf 84' lang='lat' dir='ltr'><strong>dere</strong></span> <span class='ocrx_word' id='word_1_199' title='bbox 349 3718 548 3817; x_wconf 82' lang='lat' dir='ltr'><strong>peritorum.</strong></span> <span class='ocrx_word' id='word_1_200' title='bbox 573 3773 598 3802; x_wconf 77' lang='lat'><strong>,‚</strong></span> <span class='ocrx_word' id='word_1_201' title='bbox 628 3715 745 3788; x_wconf 84' lang='lat' dir='ltr'><strong>Simul</strong></span> <span class='ocrx_word' id='word_1_202' title='bbox 767 3773 775 3802; x_wconf 89' lang='lat'>‚</span> <span class='ocrx_word' id='word_1_203' title='bbox 806 3713 1013 3788; x_wconf 85' lang='lat' dir='ltr'><strong>adverbium</strong></span> <span class='ocrx_word' id='word_1_204' title='bbox 1037 3745 1254 3817; x_wconf 82' lang='lat' dir='ltr'><strong>congregan-</strong></span> 
     </span>
     <span class='ocr_line' id='line_1_28' title="bbox 242 3833 898 3934; baseline 0 -26"><span class='ocrx_word' id='word_1_205' title='bbox 242 3840 304 3925; x_wconf 80' lang='lat' dir='ltr'><strong>di,</strong></span> <span class='ocrx_word' id='word_1_206' title='bbox 329 3866 370 3911; x_wconf 87' lang='lat' dir='ltr'><strong>ex</strong></span> <span class='ocrx_word' id='word_1_207' title='bbox 393 3839 439 3934; x_wconf 79' lang='lat' dir='ltr'><strong>(c)</strong></span> <span class='ocrx_word' id='word_1_208' title='bbox 463 3834 704 3908; x_wconf 77' lang='lat' dir='ltr'><strong>similitudine</strong></span> <span class='ocrx_word' id='word_1_209' title='bbox 725 3833 898 3908; x_wconf 82' lang='lat' dir='ltr'><strong>nascitur.</strong></span> 
     </span>
     <span class='ocr_line' id='line_1_29' title="bbox 321 3953 1256 4060; baseline -0.005 -28"><span class='ocrx_word' id='word_1_210' title='bbox 321 3962 355 4053; x_wconf 73' lang='grc'><strong>4.</strong></span> <span class='ocrx_word' id='word_1_211' title='bbox 383 3955 496 4030; x_wconf 81' lang='lat' dir='ltr'><strong>Multi</strong></span> <span class='ocrx_word' id='word_1_212' title='bbox 519 3953 724 4028; x_wconf 81' lang='lat' dir='ltr'><strong>obtendunt</strong></span> <span class='ocrx_word' id='word_1_213' title='bbox 748 3955 849 4027; x_wconf 92' lang='lat' dir='ltr'><strong>nobis</strong></span> <span class='ocrx_word' id='word_1_214' title='bbox 871 3955 1145 4055; x_wconf 78' lang='lat' dir='ltr'><strong>quaestionem,</strong></span> <span class='ocrx_word' id='word_1_215' title='bbox 1170 3986 1256 4060; x_wconf 89' lang='lat' dir='ltr'><strong>quo·</strong></span> 
     </span>
    </p>
   </div>
   <div class='ocr_carea' id='block_1_5' title="bbox 310 4101 1223 4172">
    <p class='ocr_par' dir='ltr' id='par_1_6' title="bbox 310 4101 1223 4172">
     <span class='ocr_line' id='line_1_30' title="bbox 310 4101 1223 4172; baseline 0.001 -21"><span class='ocrx_word' id='word_1_216' title='bbox 310 4108 348 4172; x_wconf 80' lang='lat' dir='ltr'><strong>(a)</strong></span> <span class='ocrx_word' id='word_1_217' title='bbox 366 4109 422 4154; x_wconf 77' lang='lat' dir='ltr'><strong>eod.</strong></span> <span class='ocrx_word' id='word_1_218' title='bbox 438 4111 483 4153; x_wconf 68' lang='lat' dir='ltr'><strong>ada</strong></span> <span class='ocrx_word' id='word_1_219' title='bbox 498 4114 537 4168; x_wconf 55' lang='grc' dir='ltr'><strong>ιη</strong></span> <span class='ocrx_word' id='word_1_220' title='bbox 552 4108 591 4152; x_wconf 79' lang='lat' dir='ltr'><strong>aad</strong></span> <span class='ocrx_word' id='word_1_221' title='bbox 608 4108 663 4151; x_wconf 73' lang='lat' dir='ltr'><strong>inira</strong></span> <span class='ocrx_word' id='word_1_222' title='bbox 681 4108 788 4151; x_wconf 71' lang='lat' dir='ltr'><strong>adesum.</strong></span> <span class='ocrx_word' id='word_1_223' title='bbox 820 4101 860 4168; x_wconf 77' lang='lat' dir='ltr'><strong>(b)</strong></span> <span class='ocrx_word' id='word_1_224' title='bbox 877 4113 913 4153; x_wconf 75' lang='lat'><strong>1¹·</strong></span> <span class='ocrx_word' id='word_1_225' title='bbox 931 4105 981 4152; x_wconf 74' lang='lat' dir='ltr'><strong>cod.</strong></span> <span class='ocrx_word' id='word_1_226' title='bbox 1014 4109 1050 4169; x_wconf 77' lang='lat' dir='ltr'><strong>(e)</strong></span> <span class='ocrx_word' id='word_1_227' title='bbox 1068 4107 1122 4154; x_wconf 76' lang='lat' dir='ltr'><strong>Cod-</strong></span> <span class='ocrx_word' id='word_1_228' title='bbox 1138 4119 1164 4154; x_wconf 81' lang='lat' dir='ltr'><strong>ee</strong></span> <span class='ocrx_word' id='word_1_229' title='bbox 1180 4126 1223 4156; x_wconf 75' lang='lat' dir='ltr'><strong>ox.</strong></span> 
     </span>
    </p>
   </div>
   <div class='ocr_carea' id='block_1_6' title="bbox 0 0 1708 5206">
    <p class='ocr_par' dir='ltr' id='par_1_7' title="bbox 0 0 1708 5206">
     <span class='ocr_line' id='line_1_31' title="bbox 0 0 1708 5206; baseline 0 0"><span class='ocrx_word' id='word_1_230' title='bbox 0 0 1708 5206; x_wconf 95' lang='lat' dir='ltr'><strong> </strong></span> 
     </span>
    </p>
   </div>
  </div>
 </body>
</html>
