3382 5206
510 818 787 907 EDlTORlS
816 816 1147 905 PRAEFATIO.

619 1035 1036 1072 -ι-ι*

499 1181 573 1256 DE
616 1175 880 1254 VIRGILIO
920 1174 1165 1252 MARONE

680 1411 1001 1461 GMUM'NGO.

439 1834 467 1879 1.
494 1714 563 1878 In
586 1800 710 1876 multia
727 1801 918 1876 latinarum
935 1801 1132 1874 litterarum
1153 1802 1355 1903 capitibus,
1381 1795 1542 1912 ὰᾞζῑζζ

327 1960 420 2034 quae
444 1929 632 2004 doctorum
661 1928 848 2003 hominum
876 1927 974 2017 labor
1004 1944 1041 2000 et
1069 1926 1240 2002 industria
1264 1952 1353 2002 non·
1378 1916 1541 2033 “22:20ss

331 2061 418 2132 dum
446 2055 529 2128 satis
553 2053 742 2128 illustrarit
764 2110 774 2142 ,
800 2051 931 2152 duplex
950 2052 1114 2128 illudent
1137 2053 1183 2126 de
1200 2059 1358 2156 antiquit
1383 2035 1493 2082 “¹¹⁰⁰'‘

332 2185 576 2285 grammatico
601 2197 636 2252 et
661 2179 707 2254 de
732 2183 863 2252 texictr
880 2206 943 2252 seu
960 2182 1176 2278 glossario,
1203 2205 1358 2280 quorum

336 2311 459 2406 ingens
484 2330 657 2378 numerus
680 2301 719 2375 in
744 2302 887 2375 annosis
911 2301 1209 2377 bibliothecarum
1233 2302 1362 2378 codici-

337 2435 403 2506 bus
429 2431 547 2504 adhuc
576 2428 712 2502 desidet
733 2458 742 2503 ε
767 2454 872 2529 quam
897 2455 961 2525 ego
980 2455 1057 2502 rem
1077 2444 1114 2500 et
1133 2426 1172 2500 in
1190 2426 1267 2503 aliis
1287 2427 1358 2502 sire

340 2556 532 2658 superioris
552 2553 623 2627 sive
645 2553 818 2627 inferioris
838 2551 958 2626 ltaliae
978 2553 1128 2629 urbibus
1140 2553 1271 2655 partim
1286 2581 1362 2654 per-

340 2684 436 2782 spexi
459 2740 469 2770 ,
497 2697 534 2753 et
558 2677 689 2751 Romae
710 2678 747 2750 in
766 2679 928 2751 vaticana
947 2678 1107 2751 omnium
1127 2679 1292 2780 principe
1312 2678 1364 2751 hi-

342 2807 516 2879 hliothcca
540 2804 750 2905 quotidiano
770 2831 837 2876 usu
859 2821 1074 2904 compertam
1092 2802 1217 2890 habeo.
1237 2803 1365 2906 Neque

343 2958 420 3001 vero
440 2929 611 3000 hactenus
634 2927 725 2999 hanc
753 2926 933 3000 doctrinae
960 2944 1094 3027 partem
1113 2929 1274 3026 neglexi:
1295 2929 1367 3004 edi-

343 3052 379 3123 di
408 3052 504 3124 enim
524 3048 714 3122 Frontonis
743 3051 900 3150 exempla
925 3051 1201 3142 elocutionum,
1227 3052 1366 3127 Placidi

345 3175 471 3271 glossas
502 3231 512 3262 ‚
538 3172 789 3248 Minutianurn
816 3175 860 3248 de
890 3175 1135 3275 orthographia
1165 3233 1176 3264 ,
1202 3177 1367 3252 Maximi-

345 3327 434 3373 num
452 3299 496 3370 dc
516 3326 552 3370 re
575 3298 724 3372 metrica
747 3355 757 3386 ‚
783 3316 819 3372 et
838 3298 1006 3399 Martyrii
1024 3300 1271 3396 fragmentum.
1292 3297 1369 3375 Sed
1413 3352 1416 3357 -

346 3425 433 3495 hacc
460 3422 604 3522 quidem
631 3423 751 3496 brevia
776 3424 848 3496 lere
875 3421 1065 3523 specimina
1084 3439 1169 3496 sunt
1192 3452 1275 3523 prae
1301 3423 1369 3498 illio
1432 3516 1434 3523 Ι

339 3552 489 3651 copiis,
515 3577 603 3650 quaa
626 3549 754 3650 partim
782 3549 879 3649 prelo
904 3549 1046 3624 decrevi
1073 3549 1270 3639 subiicere,
1297 3578 1372 3653 par·

348 3676 412 3749 tim
430 3675 561 3748 idonea
579 3675 780 3747 narratione
800 3676 844 3750 ad
866 3700 1089 3750 communem
1113 3677 1276 3751 notitiam
1294 3705 1371 3775 per-

348 3803 446 3874 ferre.
469 3797 738 3873 Constitueram
770 3820 888 3875 autem
921 3802 1008 3876 huic
1039 3802 1212 3876 volumini
1239 3859 1248 3890 ‚
1275 3803 1371 3901 quod

349 3955 386 3999 re
413 3925 661 4024 grammaticali
679 3953 842 4024 magnam
861 3943 997 4027 partem
1016 3926 1165 4015 referti,
1191 3923 1374 4025 duplicem

345 4052 619 4153 disputationem
649 4080 866 4154 praeponere
896 4110 905 4143 ,
931 4053 977 4126 de
1007 4057 1253 4152 grammaticis
1285 4050 1377 4126 scili-

349 4193 401 4251 cet
427 4195 462 4251 et
491 4178 537 4253 de
553 4183 741 4278 glossariis
769 4207 831 4259 seu
860 4183 992 4255 lexicir
1021 4183 1225 4273 vaticanis3
1253 4193 1289 4247 et
1308 4176 1378 4275 pri·
