3382 5206
598 596 774 648 attactos
801 600 1044 648 urotctrtttuts.
1248 579 1315 677 397

595 817 690 882 xltt.
717 839 760 882 uu
787 837 955 883 uruuorts
980 811 1087 883 cotta.¹

329 969 407 1101 Ex
432 1032 556 1122 scyrosi
578 1028 695 1117 splenis
715 1026 861 1095 mortalis
883 1027 1029 1092 nascitur
1047 1026 1186 1111 humor,

328 1142 370 1204 Et
394 1152 540 1227 segregat
559 1136 710 1199 miseram
733 1135 853 1199 misero
872 1131 914 1197 de
933 1132 1057 1198 viscere
1078 1131 1221 1221 pellem,

326 1247 502 1330 Tantaque
525 1239 570 1306 vis
590 1239 696 1304 morbi
724 1255 793 1320 est,
811 1238 922 1304 sitiens
940 1253 1061 1302 utnon
1081 1237 1223 1304 satietur.

326 1347 506 1415 Sumuntur
531 1347 656 1411 cineres
676 1365 757 1434 quos
780 1346 847 1409 urit
867 1341 1010 1409 fraxinus
1032 1341 1123 1425 alta,

327 1455 375 1519 Ex
395 1453 446 1517 his
475 1451 584 1517 lisciva
606 1449 802 1541 franguntur
824 1449 949 1517 hordea
973 1448 1081 1531 dura,

327 1559 379 1623 Bis
398 1556 494 1622 simul
511 1556 650 1621 excoctis
668 1552 754 1619 fidus
774 1575 934 1642 compone
958 1552 1103 1635 dolenti,

328 1663 502 1750 Raphauus
529 1687 566 1728 ex
587 1660 675 1726 dulci
700 1659 875 1727 mandatur
902 1663 1024 1750 optima
1043 1658 1166 1742 melle,

330 1768 431 1831 Cuius
454 1792 492 1832 ex
514 1764 597 1832 foliis
623 1766 785 1855 epithema
808 1767 983 1854 apponitur
1008 1766 1125 1853 ipsum.

330 1870 496 1960 Sulphnra
517 1895 592 1936 cum
611 1871 713 1939 veteri
734 1887 888 1958 potantur
912 1867 1036 1938 fervida
1062 1872 1162 1948 vino;

328 1976 398 2042 Nec
425 1975 530 2041 miuus
552 2000 589 2040 ex
608 1977 684 2065 ipsis
708 1975 869 2064 epithema
889 1997 1021 2064 appone
1041 1975 1186 2042 tumenti.

332 2084 419 2148 Haec
433 2082 580 2174 scyrosin
598 2081 716 2171 splenis
737 2082 884 2167 solvunt,
898 2081 1048 2176 lymphas
1063 2107 1195 2176 quoque
1211 2081 1342 2147 siccant.

683 2293 773 2361 xtv.
799 2315 842 2358 uu
867 2314 992 2361 trusis.

331 2436 494 2570 putrida
508 2508 689 2596 sanguineis
708 2503 847 2594 gliscunt
860 2509 885 2572 si
901 2503 1036 2573 vulnera
1049 2507 1174 2573 morbis
1188 2555 1198 2588 ‚

331 2611 511 2677 Conveniet
534 2611 677 2679 calidum
699 2609 785 2678 lacte
801 2617 848 2692 (ι)
863 2628 977 2700 potare
999 2613 1169 2702 caprinum

330 2719 399 2782 Nec
421 2720 526 2784 miuus
550 2745 587 2786 ex
609 2720 706 2783 asina·
715 2716 843 2785 solvunt
865 2734 1029 2807 apostema
1053 2717 1173 2782 dirum.

330 2825 413 2890 Vitis
430 2826 576 2890 amineae
594 2826 716 2891 cineres
741 2823 927 2889 funduntur
948 2822 1055 2895 olivo:

326 2929 425 2992 Potus
443 2928 498 2993 hic
523 2946 569 2995 est
592 2928 733 3017 putridis
756 2927 866 2996 multis
888 2951 947 3020 per
967 2926 1098 2994 saecula
1117 2926 1243 3016 dignus.

330 3030 389 3099 Ast
412 3035 521 3122 apium
547 3037 739 3125 caricaeque
761 3033 882 3117 simul,
903 3059 963 3102 nec
988 3058 1054 3102 non
1078 3034 1160 3101 baca
1179 3034 1288 3118 lauri,

329 3142 453 3229 Hyris,
475 3157 506 3204 et
528 3139 657 3232 illyrica
681 3141 813 3233 grandis
835 3144 1001 3209 centauria
1026 3159 1125 3225 ruta,

329 3245 416 3309 Haec
435 3259 588 3332 poterunt
610 3248 704 3310 eitius
731 3246 922 3335 purulentas
940 3264 1070 3336 tergere
1093 3245 1232 3330 sordes,

328 3344 378 3412 Ao
402 3346 586 3412 redivivum
609 3347 776 3418 hominem
803 3348 897 3416 laetis
920 3372 1074 3439 reparare
1103 3348 1227 3418 diebus.

627 3559 703 3628 XV.
728 3582 771 3627 uu
797 3582 914 3629 verua
941 3580 1050 3631 auara.

334 3700 522 3837 Convenit
548 3773 684 3840 incautis
703 3792 812 3842 cautas
833 3774 1049 3863 praetendere
1070 3798 1191 3858 curas,

412 3937 459 4001 (t)
480 3937 558 3989 Lacte
579 3956 670 4006 genere
688 3938 789 3992 scilicet
807 3950 921 3998 neutro,
941 3958 1003 3994 casu
1022 3937 1191 3998 accusativo,
1211 3940 1252 3995 uti
1272 3942 1301 3998 tit
1321 3941 1348 3991 in

331 4036 502 4077 ttomtttattro.
