3382 5206
585 518 648 586 stt
885 543 912 587 s.
938 537 1115 590 annosum
1140 545 1183 591 ns
1207 544 1250 591 ar

958 751 1005 816 De
1037 750 1187 835 bacchio.

606 965 641 1020 Δ.
655 955 763 1022 Dictio
779 955 925 1046 exempla
944 956 986 1022 ad
1007 956 1189 1048 pedestrem
1204 958 1334 1027 bacchii
1347 958 1497 1051 regulam
1516 980 1590 1047 per·

560 1059 708 1128 tinentia.
732 1060 780 1127 M.
810 1059 997 1147 Voluntas,
1027 1063 1200 1156 voluptas,
1230 1064 1387 1149 lacialtas,
1417 1080 1587 1154 potestas,

561 1162 732 1234 honestas,
756 1167 927 1251 iuventus,
949 1185 1121 1254 senectus,
1150 1187 1182 1236 et
1204 1168 1442 1260 propemodum
1472 1170 1585 1236 omnia

562 1271 696 1361 nomina
717 1274 844 1361 primae
866 1270 918 1339 vel
949 1271 1112 1340 secundae
1135 1275 1396 1367 coniugationis,
1425 1298 1510 1364 quae
1545 1272 1588 1336 ad

562 1374 836 1465 amphibrachum
859 1377 1009 1467 nuperius
1027 1376 1272 1445 accumulantes
1289 1379 1479 1445 catervatim
1500 1399 1589 1442 cou-

563 1481 740 1572 gessimus,
761 1482 842 1550 haec
866 1482 982 1551 eadem
1005 1507 1100 1550 versa
1124 1485 1194 1554 vice
1217 1483 1395 1550 bacchium
1423 1481 1587 1550 reforma-

564 1589 647 1655 bunt
668 1590 703 1655 in
723 1591 837 1658 ceteris
861 1591 1018 1676 casibus,
1038 1608 1170 1682 excepto
1194 1591 1419 1675 nominativo,
1449 1613 1582 1655 accusa·

562 1695 629 1762 tivo
650 1713 683 1765 et
706 1698 853 1764 vocativo
876 1696 1059 1789 singulari,
1082 1715 1114 1765 et
1137 1698 1279 1791 genitivo
1302 1696 1441 1788 plurali,
1465 1713 1497 1761 ut
1526 1721 1590 1785 po·

563 1802 685 1891 pinse,
707 1800 864 1887 culinae,
887 1805 1046 1889 rubetae,
1068 1806 1226 1895 popinas,
1249 1803 1397 1888 culinas,
1425 1802 1562 1869 rubetas
1580 1849 1589 1882 ,

562 1907 726 1997 popinis,
756 1904 909 1992 culinis,
940 1909 1073 1977 rubetis.
1105 1909 1161 1978 Sic
1190 1906 1369 1975 masculina
1405 1906 1588 1986 cothurni,

562 2013 748 2103 triumphi,
780 2018 937 2107 tyranni,
969 2015 1163 2107 etreliqua·
1191 2013 1318 2081 Eodem
1340 2012 1437 2081 modo
1467 2011 1589 2079 bachio

392 2114 407 2144 ⁸
424 2131 449 2160 ⁶⁰
466 2132 496 2173 ⁴
513 2133 537 2160 ⁴·
560 2135 762 2185 concurrunt
785 2144 872 2212 quae
902 2140 1080 2208 secuntur,
1111 2141 1148 2189 ut
1169 2119 1351 2201 kalendae,
1382 2118 1588 2201 cathedrae,

564 2225 708 2295 cicutae,
732 2225 884 2312 cicadae,
907 2229 1027 2314 tiarae,
1049 2227 1212 2311 tabellae,
1235 2226 1406 2317 polentae,
1428 2222 1592 2314 patellae,

560 2329 690 2416 olivae,
712 2330 888 2425 lagoenae,
911 2333 1097 2417 fenestrae,
1118 2335 1274 2425 saginae,
1304 2328 1467 2424 sybillae,
1495 2329 1590 2418 supi-

561 2460 651 2525 nae,
675 2437 867 2524 columbae,
888 2438 1085 2532 palumbae,
1108 2439 1298 2508 columnae,
1319 2429 1505 2526 podagrae,
1525 2436 1590 2500 Mi·

562 2566 708 2626 nervae,
730 2545 920 2629 modestae,
942 2543 1124 2628 molestae,
1156 2541 1290 2608 farinae.
1314 2541 1368 2610 sic
1392 2558 1424 2606 et
1455 2562 1590 2604 naason·
1626 2577 1629 2584 ·

562 2645 628 2713 lina
644 2652 713 2734 ,ut
736 2649 897 2740 benigni,
921 2648 1079 2740 maligni,
1100 2646 1228 2739 saligni.
1252 2642 1415 2735 Vergilius
1436 2679 1483 2693 -
1506 2640 1587 2708 sali·

561 2776 639 2842 guas
663 2757 843 2824 umbonum
865 2773 970 2824 crates
991 2792 1037 2809 -
1059 2756 1200 2846 papyri,
1225 2750 1413 2844 phaselli*,
1444 2747 1585 2832 lacerti,

565 2861 716 2944 cruenti,
739 2860 858 2946 suelli,
881 2861 1025 2946 miselli,
1049 2862 1200 2945 tribuni,
1223 2858 1348 2953 gulosi,
1370 2855 1501 2946 pusilli,
1524 2881 1590 2945 pu-

564 2965 661 3054 pilli,
683 2965 810 3057 lupini,
834 2969 968 3052 mariti,
989 2965 1102 3050 silari,
1124 2966 1279 3046 iuvenci,
1302 2960 1450 3044 caballi,
1471 2961 1591 3027 cocul-

562 3068 596 3135 li.
620 3068 676 3138 Sic
700 3088 731 3136 et
754 3088 896 3156 neutra,
920 3092 956 3139 ut
979 3069 1122 3152 theatri,
1144 3067 1332 3159 sepulchri,
1366 3063 1514 3155 flagelli,
1537 3062 1590 3129 la-

562 3172 666 3258 belli,
689 3175 813 3267 tigilli,
835 3173 969 3260 lritilli,
990 3174 1098 3245 socelli
1119 3225 1129 3260 ,
1150 3171 1288 3240 macelli.
1312 3171 1400 3237 llaec
1423 3170 1457 3233 in
1485 3191 1589 3259 gene·

562 3282 628 3348 tivo
651 3281 788 3370 quidem
811 3280 970 3376 singulari
995 3279 1171 3373 praedictis
1194 3276 1411 3369 respondent;
1435 3274 1494 3340 sed
1525 3300 1588 3341 no-

562 3387 739 3471 miuaivo,
756 3389 959 3473 accusativo,
978 3389 1125 3455 vocativo
1144 3384 1263 3475 plurali
1281 3383 1488 3470 discrepant,
1508 3383 1589 3472 quia

562 3493 596 3557 in
619 3491 670 3558 his
697 3493 825 3560 casibus
860 3493 965 3561 denuo
989 3491 1032 3557 ad
1064 3487 1339 3579 amphibrachum
1364 3485 1474 3552 redire
1505 3510 1587 3551 nos-

564 3618 694 3668 cuntur.
708 3613 742 3666 Δ.
757 3600 916 3668 Bacchius
932 3598 1019 3666 unde
1034 3596 1217 3688 appellatus
1239 3590 1315 3665 est?
1337 3595 1384 3659 M.
1402 3591 1432 3658 A
1455 3593 1588 3659 Baccho

564 3706 621 3794 qui
645 3724 675 3773 et
699 3688 870 3796 Dionysius
893 3703 1092 3771 vocabatur,
1116 3704 1184 3792 ipse
1207 3721 1239 3766 ct
1263 3699 1365 3765 Liber
1388 3717 1501 3788 pater.
1526 3723 1591 3762 un-

565 3808 604 3876 de
627 3835 718 3877 sacra
742 3837 826 3903 quae
860 3812 981 3877 Libero
1005 3837 1021 3874 a
1046 3809 1287 3876 bacchantibus
1311 3808 1523 3885 litabantur,
1547 3804 1590 3870 li-

566 3913 691 3981 beralia
716 3934 748 3982 et
762 3915 974 3983 bacchanalia
992 3939 1052 3980 nec
1077 3940 1140 3979 uou
1165 3931 1197 3979 et
1215 3915 1304 4002 orgia
1328 3914 1514 3999 nuncupari
1533 3936 1586 3977 ve·

566 4035 673 4086 terum
705 4022 882 4112 antiquitas
914 4044 1010 4086 verae
1044 4018 1208 4109 religionis
1241 4041 1353 4106 expers
1385 4015 1589 4084 decreverat.
