3382 5206
607 589 671 674 ⁵7⁰
912 610 938 656 s.
964 607 1143 659 arctarant
1167 611 1210 657 nr
1235 610 1278 657 ns
1517 594 1522 623 ²

582 709 729 798 luppiter
756 728 845 776 tonat
880 729 914 776 ut
945 709 1074 777 t'abnlae
1108 710 1259 802 fingunt,
1282 710 1420 777 tutantes
1455 712 1623 802 vagiunt,

579 811 691 882 leones
712 811 883 883 fremunt,
907 815 1017 908 lynces
1034 816 1197 907 hyrcana,
1220 816 1346 904 lepores
1371 817 1542 905 vagitant,
1566 815 1622 880 lu-

578 921 611 1009 pi
629 919 782 1005 ululant,
807 921 902 988 litora
929 940 1158 996 murmurant,
1182 922 1272 987 milvi
1299 921 1427 1011 lugiunt
1449 920 1505 989 vel
1536 924 1621 1013 vigi-

579 1023 649 1093 lant
669 1026 719 1094 vel
742 1025 893 1097 luriunt,
920 1029 1034 1097 meruli
1054 1031 1233 1113 zinzitant,
1249 1025 1403 1096 mustelae
1427 1027 1621 1110 dindrant,

579 1156 688 1200 mures
707 1134 881 1200 mintriunt
897 1133 948 1200 vel
968 1136 1143 1203 mtaniunt,
1160 1150 1300 1201 noctuae
1320 1133 1526 1215 cucubiunt,
1540 1133 1618 1200 olo·

576 1261 629 1305 res
657 1238 861 1306 drensitant,
885 1261 960 1307 oves
981 1237 1117 1305 balant,
1139 1243 1251 1329 onagri
1276 1236 1458 1327 vagillant,
1480 1234 1619 1325 palum·

578 1344 637 1412 bes
663 1344 848 1412 raucitant,
874 1369 1019 1434 passeres
1045 1346 1176 1411 titiant,
1207 1346 1295 1433 parri
1318 1344 1507 1432 tinnipant,
1535 1346 1617 1432 pari

577 1447 768 1540 paululant,
794 1450 944 1540 perdices
971 1451 1160 1535 cacabant,
1189 1450 1269 1541 pulli
1293 1467 1324 1514 ct
1344 1452 1434 1537 pueri
1465 1451 1617 1538 pipant,

579 1556 758 1646 pantherae
772 1560 942 1624 chauriunt
958 1595 968 1624 ,
983 1558 1076 1645 pardi
1094 1556 1227 1625 saliunt,
1247 1555 1381 1645 porcelli
1399 1561 1615 1647 grunniunt,

577 1663 667 1750 porci
688 1662 892 1752 grundiunt,
918 1686 1016 1727 ranae
1040 1679 1174 1728 coaxant
1194 1700 1205 1728 ,
1228 1665 1331 1726 sturni
1353 1663 1533 1749 parsitant,
1555 1687 1612 1729 so-

495 1805 520 1831 a,
537 1819 544 1835 .
577 1770 659 1834 rices
688 1768 874 1850 denticant,
890 1785 1052 1856 serpentes
1077 1767 1223 1834 sibillant
1239 1771 1281 1836 ⁴²,
1309 1769 1406 1835 silvae
1426 1786 1585 1853 strepunt
1602 1811 1612 1835 ,

578 1872 667 1941 turdi
690 1876 848 1940 soccitant
874 1874 923 1942 vel
956 1873 1131 1942 faccilant,
1158 1874 1291 1965 tigrides
1317 1894 1478 1959 raccant,
1506 1877 1614 1943 tubae

577 1979 765 2071 clangiunt,
780 1983 865 2044 tauri
883 1983 1048 2069 mugiunt,
1064 1979 1206 2047 vultures
1220 1983 1401 2068 pionpant,
1420 1983 1511 2045 venti
1528 1983 1614 2047 ssant
1642 2004 1647 2011 ’

578 2083 626 2152 rel
640 2101 785 2151 tremunt
807 2084 854 2149 vel
878 2084 1035 2151 sibilant,
1053 2085 1122 2151 ursi
1136 2103 1252 2175 urgant
1276 2085 1324 2152 vel
1341 2087 1513 2153 saeviunt,
1541 2087 1614 2152 vnl-

578 2215 635 2280 pes
654 2189 800 2258 eiulant,
824 2214 934 2257 verres
950 2193 1109 2282 quiritant
1137 2193 1220 2259 ltem
1239 2190 1387 2256 homines
1403 2190 1615 2280 loquuntur,

578 2297 689 2364 rustici
709 2294 871 2362 iubilant,
893 2315 924 2361 et
949 2295 1072 2386 reliqua
1091 2295 1218 2362 similia.
1238 2296 1326 2360 Haec
1342 2318 1460 2383 genera
1490 2320 1615 2361 sncutn

575 2423 640 2466 non
655 2399 697 2464 ad
711 2392 855 2465 ionicum
869 2401 1101 2488 pertinebunt,
1115 2400 1173 2466 sed
1194 2398 1400 2465 discretionis
1415 2400 1520 2487 gratia
1536 2425 1614 2488 pro·

576 2503 641 2572 lata
657 2523 745 2571 sunt,

645 2622 677 2675 A.
708 2611 758 2675 Da
785 2611 962 2678 verborum
997 2608 1145 2698 exempla
1172 2610 1279 2676 ionico
1308 2611 1429 2675 minori
1462 2611 1611 2680 subdita.

577 2713 624 2780 Μ.
649 2714 832 2782 Sumuntur
856 2738 874 2777 a
897 2715 1004 2780 verbis
1027 2715 1153 2802 primae
1182 2715 1439 2803 coniugationis,
1463 2739 1551 2804 quae
1576 2718 1614 2781 in

577 2817 747 2884 tribracho
772 2815 960 2900 edidimus,
982 2835 1129 2906 tempore
1157 2816 1282 2883 futuro,
1308 2834 1343 2883 ut
1366 2820 1616 2903 numerabunt,

575 2922 777 3013 rogitabunt,
796 2920 1044 3011 glomerabunt,
1066 2923 1254 2988 sociabunt,
1277 2923 1509 2989 temerabunt,
1532 2946 1612 2987 ma-

577 3029 759 3096 culabunt,
782 3027 990 3094 dubitabunt.
1016 3029 1072 3096 Sic
1098 3046 1130 3095 et
1152 3027 1312 3094 infinitivo
1331 3045 1479 3118 tempore
1500 3053 1612 3116 prae-

577 3139 657 3203 senti
681 3162 697 3200 a
720 3138 845 3226 passivo
871 3138 1058 3216 numerari,
1090 3138 1247 3227 rogitari,
1277 3134 1470 3228 glomerari,
1497 3141 1612 3203 socia-

576 3245 614 3310 ri.
642 3243 831 3313 Veniunta
869 3244 963 3310 tertia
996 3247 1227 3334 coniugatione
1263 3260 1407 3332 tempore
1438 3249 1609 3332 praeteri-

576 3368 608 3417 to
631 3347 833 3438 inperfecto,
866 3352 1064 3435 veniebant,
1093 3350 1290 3439 capiebant,
1324 3351 1521 3438 rapiebant,
1544 3375 1612 3439 po-

575 3455 722 3539 liebant,
742 3457 950 3537 metuebant,
977 3456 1175 3522 tribuebant.
1198 3458 1246 3520 lta
1266 3479 1396 3545 quoque
1419 3481 1436 3519 a
1461 3458 1612 3544 partici-

577 3563 639 3652 piis
661 3579 805 3651 tempore
826 3565 1011 3650 praesenti,
1042 3580 1076 3626 ut
1102 3580 1333 3630 numerantes,
1361 3561 1609 3652 glomerantes,

577 3669 767 3737 titulantes,
788 3669 964 3758 polientes,
989 3686 1187 3736 statuentes,
1210 3669 1410 3750 iaculantes,
1431 3669 1612 3736 modulan-

578 3793 648 3844 tes,
669 3774 867 3866 spatiantes,
891 3774 1115 3865 speculantes,
1138 3791 1170 3842 et
1191 3773 1329 3866 reliqua.
1346 3788 1380 3845 A,
1395 3778 1525 3841 Ionicus
1543 3778 1611 3840 mi-

576 3904 640 3948 nor
658 3885 710 3947 cui
735 3882 882 3949 dlvisioni
905 3878 1108 3951 famulatur?
1131 3882 1178 3952 M.
1202 3881 1257 3948 Ad
1279 3879 1412 3971 duplam
1439 3880 1609 3949 divisionis

579 3987 723 4079 regulam
750 3991 902 4078 pertinet.
931 4001 964 4056 A.
989 3990 1051 4056 Die
1079 4012 1155 4080 ergo
1183 4005 1294 4056 utrum
1320 3991 1480 4056 arsisset
1508 3989 1614 4059 thesis

581 4099 615 4161 in
638 4099 819 4186 tempotum
844 4094 1072 4166 distributione
1094 4093 1236 4186 palmam
1259 4096 1413 4163 victoriae
1437 4116 1612 4185 promere·
