3382 5206
496 549 567 641 430
837 572 1009 623 sonemus
1033 572 1136 623 scorr
1237 608 1256 647 χ

537 680 694 750 Caelestis
717 704 872 749 uumerus
897 696 930 744 te
953 677 1031 746 colit
1055 677 1120 744 alta
1142 697 1264 768 patens.

471 793 522 858 Te
546 784 625 879 πνῦξ
642 787 692 880 (ι)
710 804 820 854 nostra
844 785 964 853 dehinc
988 787 1073 853 iusto
1089 770 1311 852 uioduiamine
1332 784 1475 875 laudat,

539 898 603 963 Per
626 912 657 963 te
680 891 897 961 christiferam
919 914 1062 983 namque
1084 889 1252 980 redempta
1275 891 1348 963 fuit.

473 1005 526 1069 Te
549 1024 591 1068 ne
615 1024 712 1068 manu
736 1000 865 1091 Moyses
888 1021 1022 1089 magnus
1045 1014 1227 1090 gestaverat
1248 997 1353 1087 olim,
1541 996 1592 1061 15.

541 1107 629 1174 Dum
653 1104 718 1173 dux
742 1103 845 1170 divini
869 1102 970 1170 factus
992 1119 1062 1170 erat
1085 1099 1224 1193 populi?

473 1212 524 1277 Te
545 1209 673 1278 Pharao
696 1206 838 1298 stupidat
862 1210 1010 1274 vestitam
1034 1204 1118 1296 pelle
1142 1206 1314 1292 draconis,

538 1317 627 1381 Dum
648 1314 760 1382 sorbes
783 1311 864 1379 alios
887 1334 969 1402 quos
993 1308 1084 1380 dedit
1107 1328 1177 1378 arte
1200 1308 1344 1402 mogus?

473 1419 621 1488 Omous
645 1419 770 1486 virtutis
794 1415 994 1485 descendens
1019 1417 1127 1484 carnis
1149 1414 1192 1480 ad
1212 1416 1280 1483 ima

543 1527 672 1618 Figeris
694 1527 729 1591 in
751 1524 864 1615 liguo,
886 1539 977 1611 septa
999 1522 1089 1591 subis
1112 1520 1214 1590 erebi.

474 1631 583 1697 Morte
605 1655 661 1697 sua
683 1626 801 1718 simpla
823 1644 967 1695 nostram
990 1649 1179 1694 consumere
1203 1622 1338 1715 duplam

541 1733 649 1801 Ausus
673 1758 769 1817 eras,
790 1748 895 1799 totum
919 1728 997 1795 dum
1021 1753 1156 1797 renovas
1179 1729 1362 1798 hominem.

473 1842 504 1908 0
527 1864 606 1908 crux
628 1839 798 1932 erythreas
820 1853 856 1902 tu
878 1835 1001 1902 scindis
1024 1837 1195 1904 marmoris
1218 1835 1345 1922 undas,

540 1947 669 2014 Victrix
692 1942 888 2034 praecedis,
912 1940 1032 2033 dasque
1054 1942 1142 2008 viam
1163 1941 1297 2032 populo.

475 2053 526 2118 Te
549 2051 696 2139 sequitur
719 2050 822 2115 virtus
845 2048 968 2131 omnis,
991 2062 1022 2115 te
1045 2049 1111 2113 rita
1134 2045 1307 2138 salusque,
1529 2057 1580 2120 25.

541 2159 593 2224 Tc
618 2154 747 2247 fugiunt
768 2156 913 2239 fluctus,
941 2155 1079 2221 crimina
1104 2152 1177 2222 dico
1199 2179 1284 2223 tues.

475 2266 530 2330 Tu
555 2261 613 2326 das
636 2260 807 2329 harenosis
830 2258 998 2326 currentia
1022 2258 1157 2325 ssumiua
1181 2259 1276 2324 saxis.

541 2366 665 2434 Ebihat
687 2365 777 2430 huuc
799 2362 925 2431 fontem
948 2365 1057 2430 rivere
1081 2363 1228 2454 quisquis
1251 2380 1350 2428 amat

476 2479 515 2543 lu
537 2472 665 2564 sapidos
688 2472 807 2539 fluctus
829 2469 949 2562 populo
973 2470 1135 2538 convertis
1158 2493 1309 2554 amaros,

545 2580 610 2646 Lex
634 2576 767 2668 depuisa
790 2579 918 2667 gravis,
940 2579 1046 2669 gratia
1069 2574 1134 2646 sola
1157 2592 1275 2642 manet.
1527 2569 1579 2636 30.

476 2685 533 2752 Est
556 2707 684 2774 quoque
708 2703 774 2746 nou
795 2679 911 2770 dispar
934 2705 1043 2750 sensus
1066 2681 1264 2773 praefatibus
1282 2684 1385 2768 sctis,

543 2791 654 2882 Siquis
677 2779 858 2876 συμίολικὲις
882 2787 976 2855 discit
999 2813 1110 2855 amare
1133 2805 1237 2856 notas.

476 2899 631 2991 Mysticus
655 2912 702 2961 est
726 2895 853 2985 Moyses
877 2893 1053 2980 Christus,
1076 2919 1132 2961 rex
1155 2911 1254 2987 atque
1275 2896 1452 2984 sacerdos,

544 3003 607 3088 Qui
630 3024 687 3066 nos
712 2995 864 3090 Aegypto
885 2998 1005 3067 liberat
1027 2999 1179 3069 edomita.

474 3107 549 3198 ipse
571 3106 659 3172 subit
682 3120 822 3171 mortem
845 3104 994 3193 primus,
1017 3123 1224 3198 mortemque
1247 3106 1413 3177 resolvens
1527 3101 1580 3169 35.

540 3210 672 3279 Prosilit
695 3211 729 3276 in
752 3211 870 3278 vitam:
894 3213 985 3302 virga
1009 3231 1138 3302 recepta
1161 3216 1257 3306 regit.

474 3316 560 3403 Quid
584 3316 712 3383 Pharao
734 3318 878 3405 sequeris
900 3313 1081 3405 populum?
1102 3321 1192 3408 Fuge
1215 3343 1339 3387 mersus
1356 3320 1392 3385 in
1416 3321 1501 3387 imas

543 3421 692 3488 Carceris
715 3421 839 3486 aeterni
863 3436 895 3488 te
918 3421 1000 3513 tegit
1023 3438 1092 3487 atra
1115 3423 1218 3511 palus.

474 3529 541 3597 Nos
562 3526 690 3592 virtutis
715 3524 777 3590 iter
799 3523 946 3590 medium
970 3524 1048 3592 dum
1074 3529 1251 3618 carpimus,
1273 3527 1338 3597 alte

550 3697 594 3764 (1)
614 3693 707 3748 classa
726 3693 853 3745 ecclesio.
871 3695 969 3746 Rursus
989 3706 1077 3749 noster
1096 3699 1183 3750 utitur
1202 3697 1229 3750 iu
1248 3698 1348 3767 graecis
1371 3700 1497 3757 versibus

479 3788 528 3840 hoc
547 3780 690 3836 vocabulo:

520 3894 571 3949 'lta
592 3852 676 3957 tediis
695 3886 806 3946 θανάτου
825 3893 869 3951 τήν
888 3896 932 3946 τοῦ
951 3889 1089 3963 ταφθέντος
1108 3895 1222 3971 ἔγερσιν,

600 3983 652 4036 Καὶ
671 3979 741 4054 (dors
762 3984 863 4054 Χριστῷ
879 3985 943 4050 πύξ
959 3983 1095 4056 μελόδημα
1114 3985 1171 4052 βόα.
