3382 5206
575 583 802 636 cmuutrrca
825 585 872 633 rr
912 582 1077 635 uermes.
1255 567 1276 717 p

241 716 246 721 ·
326 685 506 783 declarant.
529 684 683 757 Sedulius
708 723 725 735 -
746 708 808 753 nec
826 685 887 754 tibi
901 710 1002 777 parva
1018 685 1104 754 salus
1121 686 1263 756 Domino
1280 710 1345 754 me·

325 792 479 861 dicante,
497 792 614 860 Maria.
641 830 659 842 -
680 790 766 859 Item
787 792 929 881 Prosper
954 827 970 839 -
993 792 1092 881 inque
1116 807 1229 881 putres
1247 788 1349 857 libras

328 897 505 967 descendat
531 924 610 966 cura
636 897 805 966 medentis
827 933 868 949 -·
889 895 1059 988 Populos,
1085 896 1235 966 iaculor,
1261 921 1344 987 cpu-

327 1002 402 1071 lor,
427 1005 587 1073 comitor,
610 1004 755 1095 spatior,
781 1001 955 1092 speculor,
976 1002 1153 1071 moderor,
1180 1001 1346 1072 medicor,
1415 1006 1431 1023 ‘'

327 1133 478 1177 mereor,
502 1108 632 1195 fateor,
652 1132 794 1177 vereor,
818 1127 937 1178 tueor,
958 1108 1113 1200 gradior,
1140 1111 1271 1200 patior,
1295 1133 1353 1205 po‘
1423 1102 1428 1107 ’
1469 1147 1472 1154 ·
1499 1120 1502 1127 ’

327 1218 414 1300 tior,
435 1216 568 1283 morior.
592 1211 623 1282 Α
645 1215 893 1304 pronominibus
915 1237 992 1283 vero
1020 1214 1071 1282 vel
1091 1214 1270 1306 participiis
1295 1239 1351 1281 cu·

327 1319 459 1389 inslibct
485 1322 640 1412 temporis
667 1322 875 1388 tribrachum
905 1321 996 1388 haud
1023 1345 1183 1412 umquam
1213 1320 1346 1389 derisn-

329 1445 397 1496 tum
418 1429 633 1497 reminiscor,
657 1428 806 1519 quamvis
829 1430 865 1493 iu
890 1428 1007 1495 ceteris
1034 1428 1220 1495 orationum
1241 1429 1350 1518 parti-

328 1534 390 1603 bus
412 1535 530 1602 crebro
552 1534 757 1623 pois'matibus
782 1534 936 1602 insertum
959 1534 1139 1603 recorder,
1162 1553 1199 1602 ut
1225 1535 1352 1626 igitur,

330 1655 362 1703 ct
384 1640 564 1730 quonipm,
589 1641 730 1706 etenim,
753 1653 785 1706 et
803 1636 855 1706 hi,
873 1637 1002 1706 similia.
1028 1653 1064 1707 Δ.
1086 1639 1259 1706 Praedicta
1278 1660 1348 1706 ser-

332 1766 464 1809 monum
485 1741 631 1833 erempla
654 1767 719 1834 quo
740 1759 878 1808 accentu
900 1739 1144 1832 proferuntur?
1168 1753 1210 1808 M.
1233 1738 1356 1810 Omnia

332 1848 569 1941 propemodum
595 1864 781 1927 acuuntur3
804 1866 837 1915 et
857 1850 934 1939 quia
958 1848 1214 1939 antepenultima
1239 1870 1356 1914 acceu-

334 1970 536 2037 torreretur,
560 1952 683 2023 idcirco
703 1971 739 2020 ut
758 1954 904 2024 arbitror
926 1955 992 2023 duo
1017 1972 1164 2044 tempora
1184 1954 1218 2019 in
1234 1953 1354 2018 tribra-

331 2054 394 2126 clto
412 2057 455 2123 ad
478 2058 587 2141 arsin,
610 2074 641 2125 et
664 2082 764 2124 unum
786 2057 829 2124 ad
848 2058 954 2129 thesin
973 2060 1194 2149 pertinebunt.

732 2269 782 2335 De
805 2267 955 2335 molosso.

399 2488 433 2543 Δ.
457 2479 506 2545 Da
535 2480 692 2546 rationem
715 2481 885 2547 nominum
908 2495 940 2545 et
966 2477 1141 2548 verborum
1162 2475 1204 2543 ad
1231 2475 1355 2545 molos-

331 2606 403 2647 sum
423 2583 540 2673 pedem
560 2585 785 2673 pertinentem.
812 2597 853 2651 Μ.
878 2585 1019 2654 Nomina
1039 2584 1191 2674 primitus
1214 2585 1358 2659 strictim

331 2707 363 2756 ct
375 2676 560 2757 summatim
574 2689 724 2783 digerere
738 2691 841 2761 nitor,
861 2709 928 2759 tam
942 2689 1095 2781 singulari
1112 2713 1210 2781 quam
1230 2687 1353 2780 plurali

330 2819 465 2866 numero
490 2813 670 2887 congesto,
700 2813 734 2864 nt
761 2799 940 2884 maiestas,
964 2797 1128 2880 libertas,
1154 2813 1353 2886 tempestas,

330 2922 518 2993 paupertas,
531 2909 680 2977 ubertas,
693 2930 873 2977 sermones,
889 2929 1080 2997 mangones,
1092 2904 1245 2974 lenones,
1260 2928 1352 2994 prae·

330 3009 448 3079 donea,
471 3035 674 3081 musmones,
696 3036 879 3102 caupones,
900 3033 1065 3100 perones,
1087 3027 1236 3076 sutores,
1259 3032 1354 3098 prac-

333 3139 449 3186 cones,
469 3115 642 3202 lurcones,
664 3115 834 3187 doctores,
852 3116 1011 3186 lectores,
1032 3133 1192 3200 tortores,
1211 3116 1353 3183 crebro-

332 3245 408 3289 nes,
435 3244 591 3288 rumores.
616 3224 662 3290 Ut
685 3224 827 3312 Prosper
850 3257 867 3270 -
890 3245 955 3290 uon
975 3218 1087 3288 faciles
1113 3236 1244 3310 pateant
1265 3242 1355 3287 scae·

332 3329 379 3394 vis
401 3330 589 3395 rumoribus
613 3353 717 3399 aures.
744 3367 761 3378 -
782 3330 939 3415 Romani,
960 3328 1123 3396 humani,
1145 3327 1269 3394 divini,
1292 3326 1357 3394 lor·

332 3437 430 3502 mosi,
447 3433 599 3504 frontosi,
618 3439 730 3505 setosis
748 3437 909 3506 muscosi,
936 3433 1086 3505 dumosi,
1109 3435 1262 3504 obsceni,
1277 3458 1352 3501 can-

332 3538 428 3606 celli,
451 3544 605 3611 rostrati,
625 3543 774 3612 nervosi,
789 3543 948 3611 herbosi,
966 3541 1085 3609 hirsuti
1099 3591 1110 3626 ‚
1122 3541 1243 3631 rugosi.
1266 3540 1356 3606 Nas-

333 3643 418 3709 citur
441 3647 539 3713 etiam
568 3644 723 3715 molossus
750 3673 767 3713 a
795 3649 974 3714 verborum
1002 3646 1176 3738 generibus
1203 3661 1352 3734 tempore

332 3752 510 3840 praeterito
531 3752 698 3842 perfecto,
721 3770 758 3820 ut
781 3751 911 3821 dixisti,
931 3753 1069 3836 vexisti,
1093 3752 1286 3841 promsisti,
1309 3772 1357 3817 te·

332 3859 445 3948 psisti,
468 3859 618 3950 repsisti,
637 3858 818 3953 scalpsisti,
839 3858 1025 3951 sculpsisti,
1046 3857 1216 3948 serpsisti,
1242 3872 1275 3925 et
1298 3878 1356 3923 cc·

334 3980 414 4033 tera.
430 3961 462 4033 A
474 3966 653 4057 participiis
668 3988 798 4058 quoque
810 3982 877 4032 tam
890 3962 1066 4055 praesentis
1080 3962 1238 4053 temporis
1253 3982 1354 4053 quam

333 4069 437 4141 futuri
459 4072 540 4141 oriri
571 4070 727 4143 molossus
752 4068 956 4142 dinoscitur,
987 4085 1024 4137 nt
1045 4066 1189 4139 dicentes
1214 4064 1358 4135 dicturi,
