3382 5206
596 597 773 646 eruentus
799 591 1037 643 nenrcrnants.
1151 606 1153 611 ·
1254 564 1321 663 395

598 808 641 875 X.
666 831 708 877 nr
735 825 950 876 accusasses
974 824 1072 873 cuna.

328 948 402 1086 At
421 1019 447 1083 si
471 1017 554 1085 sorte
575 1019 666 1107 pium
685 1016 769 1084 latus
792 1016 967 1106 pulsaverit
986 1016 1097 1105 ingens

327 1124 488 1208 Morbus,
509 1142 540 1193 et
562 1125 695 1213 ancipiti
715 1124 868 1190 turbatur
889 1123 955 1188 vita
978 1119 1127 1211 periclo,

326 1228 520 1299 Accelerare
541 1229 610 1318 lupi
631 1228 754 1320 pellem
776 1229 931 1312 studeas,
953 1244 985 1293 et
1006 1249 1128 1317 ponere
1151 1222 1304 1306 caldam,

328 1335 428 1400 Cerri
452 1353 482 1401 et
501 1333 679 1401 medullam
702 1335 821 1424 poteris
848 1357 922 1398 cum
947 1332 1090 1422 unguine
1110 1331 1210 1419 capri.

327 1445 477 1514 Protinus
499 1445 533 1509 in
555 1446 675 1512 cacabo
699 1444 896 1526 mittantur,
917 1443 1057 1532 igneque
1078 1437 1191 1522 lento,

326 1549 383 1615 Pix
403 1551 527 1637 pariter
550 1552 651 1619 britia
675 1551 817 1618 societur
840 1548 1130 1638 decoquaturque,

326 1655 437 1722 Farris
462 1673 492 1722 et
516 1657 583 1745 ipsa
603 1655 714 1746 lupina
734 1652 858 1738 simul,
876 1671 907 1721 ct
931 1677 996 1721 non
1023 1653 1094 1721 sine
1117 1674 1225 1718 croco.

329 1760 452 1852 Sicqne
477 1761 636 1852 malagma
656 1763 749 1851 pium
773 1759 890 1828 morbo
914 1762 1065 1850 iungatur
1085 1758 1228 1840 acerbo,

328 1867 398 1950 Quo
416 1868 542 1954 requies
565 1867 660 1935 detur
682 1867 799 1933 misero
823 1865 962 1929 nimium
988 1862 1161 1929 laboranti.

331 1968 372 2032 Et
391 1970 504 2034 vitium
526 1969 618 2059 pellit
638 1968 777 2039 celebris
796 1967 958 2035 medicina
972 1965 1160 2055 Tonantis(
1183 1973 1208 2046 ).

627 2176 690 2243 xl.
714 2200 757 2245 na
778 2198 919 2273 ‘sanaris
944 2195 1044 2245 cuna.

332 2318 454 2478 Splen
468 2385 609 2454 tumidus
617 2385 784 2453 hominem
793 2384 1066 2476 plaustum*cum
1082 2383 1162 2452 sorte
1174 2381 1340 2468 molestat,

330 2498 532 2562 bettonicam
557 2497 695 2585 coquis,
717 2514 748 2561 et
769 2499 870 2561 socias
892 2512 1029 2585 purgata
1053 2493 1252 2576 columbae,
1297 2572 1303 2581 ι

330 2604 420 2685 Quae
444 2599 508 2665 duo
531 2600 640 2665 iuncta
662 2598 759 2666 simul
782 2618 918 2688 poscunt
937 2602 1028 2692 iungi
1051 2596 1279 2688 cephalotam,

332 2709 575 2794 llosacenmque
591 2703 724 2780 olcumt
749 2722 856 2770 certus
878 2705 924 2771 sic
943 2702 1076 2770 madida
1099 2702 1212 2768 nectis.

327 2811 503 2902 Thymbra
522 2812 629 2879 brevis
651 2813 802 2900 rapitur,
820 2812 987 2878 sociantur
1004 2828 1103 2902 atque
1130 2806 1234 2897 lupini
1252 2854 1262 2887 ,

329 2914 464 3005 Saepius
489 2933 520 2981 et
544 2914 690 2999 dantur,
715 2916 843 2981 bibitur
862 2939 992 3005 quoque
1016 2911 1162 3003 lingunla
1187 2913 1301 2994 cervi,

328 3023 398 3106 Qua
425 3024 545 3089 virtute
567 3024 654 3112 perit
678 3019 776 3089 facies
798 3021 855 3090 sed
876 3020 998 3088 blanda
1022 3037 1171 3111 rugatur.

329 3126 481 3193 Nascitur
501 3128 536 3190 in
561 3128 662 3215 petris
687 3126 845 3211 humilis,
860 3126 919 3192 sed
939 3151 1054 3218 magna
1079 3123 1157 3193 lieni

328 3232 386 3298 Est
409 3250 439 3298 et
463 3232 566 3298 amica
589 3233 740 3317 homini,
762 3257 873 3302 verum
898 3232 989 3298 haud
1007 3231 1125 3298 risibus
1144 3247 1231 3321 apta.

326 3335 411 3418 Quot
426 3352 500 3400 sunt
517 3335 664 3400 membra
683 3334 843 3418 hominis,
861 3352 908 3400 tot
926 3352 1002 3400 sunt
1023 3336 1058 3400 in
1078 3357 1214 3423 corpore
1229 3347 1341 3423 pestes.

328 3438 394 3507 Sed
414 3440 575 3507 medicina
599 3457 712 3529 potens
736 3442 909 3531 compescit
931 3465 1065 3508 munere
1084 3439 1212 3506 multas.

327 3547 419 3633 Dum·
438 3549 569 3613 vitiatur
586 3546 689 3637 hepar
708 3547 881 3639 gliscitque
900 3572 936 3613 es
960 3570 1051 3614 more
1070 3547 1230 3638 scyrosis,

327 3650 442 3720 Cossus
466 3676 541 3719 acer
562 3653 715 3736 bibitur,
735 3677 795 3720 nec
816 3678 881 3719 non
900 3653 1122 3718 reubarbarus
1138 3653 1259 3742 ingens.

326 3763 416 3842 Quae
431 3758 567 3824 contrita
581 3756 678 3824 simul
692 3760 874 3847 reprimunt
888 3783 963 3826 cum
977 3756 1045 3825 sale
1063 3775 1253 3826 tumentem.

411 3944 457 4007 (r)
476 3938 580 3989 Dicitur
599 3957 646 4008 pro
660 3941 738 3991 Iovis.
758 3940 876 4012 Namque
891 3942 971 3994 herba
990 3943 1063 3996 dicta
1080 3944 1162 3995 barda
1178 3946 1252 3997 lora}
1273 3942 1341 3994 intra

329 4026 487 4095 appellatur.
