3382 5206
726 632 769 679 nn
793 628 1019 682 mantnano.
1275 614 1347 682 505
1483 678 1488 685 .

337 733 435 801 terite
451 728 658 802 saecuiorum
683 731 881 823 exemplaria
895 729 1100 806 solummodo
1115 751 1304 826 perscruter
1328 752 1362 802 et

326 843 458 925 rimer,
470 863 512 907 en
526 837 618 908 rudis
631 841 840 911 instrumenti
854 837 945 934 quod
963 839 1109 910 arbitror
1125 840 1366 912 deuteronomii

203 1032 207 1039 ι
336 947 605 1049 recapitulatione
618 951 682 1017 rite
707 947 850 1041 signari,
871 945 968 1039 plura
995 949 1030 1015 in
1052 945 1225 1040 propatulo
1245 948 1305 1017 sita
1327 964 1360 1017 et

337 1054 493 1123 concordi
520 1059 649 1125 ratione
672 1052 902 1146 respondentia
931 1052 1149 1146 suffragatur,
1176 1076 1261 1146 quae
1287 1050 1361 1120 sur·

336 1161 386 1227 ris
411 1161 627 1231 tenebrarum
648 1158 784 1229 latebris
809 1157 1030 1243 cessantibus,
1055 1175 1088 1228 et
1113 1159 1284 1227 nocturnis
1308 1174 1366 1225 te-

336 1265 517 1335 nebrarum
536 1262 682 1334 latibulis
696 1262 925 1332 intereuntibus
936 1299 948 1330 a
958 1278 1070 1333 exorto
1085 1259 1278 1354 crepusculo
1293 1260 1358 1330 ola·

334 1392 410 1437 ram
433 1387 465 1439 et
485 1393 637 1440 croceum
661 1367 879 1460 limpidissimi
895 1367 971 1437 solis
985 1368 1081 1437 iubar
1100 1370 1175 1439 totis
1194 1385 1358 1436 terrarum

334 1475 456 1545 finibus
472 1475 668 1546 infunditur·
683 1476 771 1543 Nam
799 1497 892 1543 sacer
918 1471 1074 1543 dominici
1101 1474 1241 1566 pectoris
1260 1485 1358 1542 socu-

334 1579 450 1651 bitora
475 1600 508 1653 et
533 1600 670 1677 quartus
704 1580 847 1650 caelestis
877 1579 1022 1671 paradisi
1051 1603 1196 1674 gurges,
1229 1602 1267 1648 m
1294 1603 1359 1671 quo

333 1684 423 1780 larga
442 1687 546 1756 laticis
571 1689 638 1755 rivi
666 1686 802 1756 flumina
818 1686 1010 1776 perenniter
1022 1687 1156 1755 roriflua
1171 1683 1361 1754 inundatio·

333 1817 377 1861 ne
399 1795 562 1861 manantia
585 1792 791 1878 decurrunt,
812 1793 993 1886 Smyrnae,
1015 1794 1191 1885 Pergamo,
1213 1814 1253 1860 ac
1277 1788 1359 1858 Phi·

332 1896 538 1989 ludolphine,
557 1915 591 1968 et
618 1900 734 1967 ceteris
748 1921 810 1989 per
822 1893 937 1965 Asiam
958 1895 1102 1966 ecclesiis
1124 1892 1276 1987 septupla
1294 1919 1361 1965 ser·

335 2023 470 2069 monam
492 2003 576 2072 serie
592 2004 756 2093 scripsisse
777 2001 1044 2093 perhibetur.1n
1066 1999 1182 2071 audent
1198 1997 1362 2070 nibilomi-

332 2128 393 2170 nus
409 2105 640 2200 apocalypseos
659 2124 817 2192 oramate,
828 2124 960 2196 septem
977 2102 1109 2198 sigillati
1123 2101 1300 2173 uoluminis
1313 2102 1358 2172 si·

332 2211 468 2302 gracula
483 2229 666 2281 transactae
681 2211 962 2304 praefigurationis
977 2211 1169 2303 mysterium
1183 2211 1357 2278 continen-

332 2317 398 2395 tia,
413 2316 700 2406 perspicacissimis
727 2314 842 2381 mundi
864 2313 971 2383 cordis
992 2313 1240 2405 conspectibus,
1266 2330 1301 2380 et
1313 2315 1357 2378 ab

333 2422 421 2486 omni
443 2418 607 2488 feculenta
630 2422 784 2488 vitiorum
809 2421 934 2487 sentina
957 2418 1092 2488 sublatis
1120 2440 1255 2487 cernere
1278 2441 1357 2509 pro-

333 2525 476 2606 meruit,
506 2549 592 2616 quae
615 2524 702 2593 solus
722 2525 764 2592 de
793 2526 884 2592 tribu
910 2525 993 2592 luda
1013 2524 1065 2594 leo
1082 2523 1272 2594 fortissimus
1291 2524 1358 2592 lte·

330 2631 466 2699 stiarum
491 2628 535 2695 ad
556 2627 690 2697 nullius'
703 2653 878 2722 pavescent
904 2630 1276 2723 occursum,quiiu1ta
1298 2653 1355 2695 us-

332 2737 481 2805 ticinium
496 2736 706 2827 patriarchae
722 2736 765 2802 ad
777 2735 936 2827 praedam
951 2735 1136 2805 ascendisse
1150 2785 1161 2820 ,
1175 2750 1207 2805 et
1222 2735 1356 2826 requie·

333 2866 427 2911 scens
456 2843 647 2911 accubuisse
678 2860 904 2928 memoratur,
924 2844 997 2911 iure
1021 2841 1207 2913 caelestium
1234 2856 1267 2907 et
1289 2858 1356 2909 ter·

335 2952 467 3017 restium
488 2948 733 3044 inferorumque
751 2968 940 3042 potestatem
957 2972 1198 3041 supergressus,
1220 2949 1353 3038 aperire

321 3057 510 3123 ‘nativitatis
534 3072 568 3122 et
589 3058 744 3146 passionis
763 3058 989 3150 praerogativa
1011 3057 1135 3147 potuit:
1156 3078 1258 3147 quare
1278 3054 1349 3143 ipse

332 3158 457 3227 habere
481 3158 603 3229 dicitur
625 3159 753 3231 clavem
775 3162 900 3248 David,
914 3164 981 3254 ipse
1003 3163 1108 3256 aperit
1124 3178 1156 3230 et
1169 3183 1266 3229 nemo
1281 3158 1354 3226 ulu-

330 3262 378 3329 dit
400 3281 434 3332 et
452 3288 547 3332 nemo
569 3267 685 3355 aperit.
713 3269 843 3334 Etenim
866 3268 927 3334 nisi
953 3269 1027 3359 quis
1048 3265 1212 3334 obstinata
1236 3261 1353 3333 nesan-

330 3366 391 3434 dae
415 3368 615 3439 infidelium
641 3369 730 3439 frena
756 3375 790 3439 iu
825 3371 926 3440 frusta
960 3371 1185 3465 confregerit,
1211 3392 1353 3462 euntque

327 3471 503 3538 medullata
532 3476 647 3542 mentis
680 3474 800 3542 fiducia
833 3476 1078 3566 praedictorum
1111 3473 1218 3569 sigilla
1242 3476 1352 3566 signo-

329 3602 404 3644 rum
432 3578 563 3647 solvisse
585 3579 789 3666 crediderit,
817 3582 932 3652 clausis
960 3599 998 3659 ‚et
1027 3583 1132 3653 caecis
1153 3577 1354 3672 pupillarum

327 3684 484 3769 orbibus,
506 3702 540 3753 et
561 3684 704 3754 obtensis
717 3687 953 3778 palpebrarum
966 3687 1152 3773 obtutibus,
1173 3684 1262 3753 velut
1279 3686 1353 3777 epi-

326 3783 476 3857 lemticus
501 3805 559 3856 aut
568 3794 795 3859 scotomaticus
810 3791 1088 3885 contemplabitur
1099 3814 1216 3857 amana
1242 3788 1353 3885 legum

326 3909 359 3958 et
381 3915 482 3982 opaca
504 3894 750 3984 prophetarum.
770 3895 915 3987 Septimo
938 3896 1042 3967 nihilo
1068 3897 1176 3965 miuus
1205 3895 1274 3965 eitts
1297 3917 1354 3971 vu·

326 3995 448 4064 lumina
461 3999 568 4092 sigillo
582 4000 726 4070 resoluto
740 4052 751 4088 ,
764 4020 837 4095 post
857 3999 979 4072 facturn
991 4025 1207 4095 supernorum
1226 4000 1349 4073 civium

327 4102 464 4174 caeleste
486 4104 667 4194 silentium,
687 4107 898 4202 mediumque
922 4109 1025 4180 horae
1049 4105 1287 4181 intervalium
1305 4132 1357 4178 se·
