3382 5206
552 521 642 619 ‚⁵³⁸
881 546 908 592 ι.
935 541 1181 592 amaremur
1207 543 1249 590 ur

509 625 513 632 ⁵
549 667 628 727 aar,
657 639 771 728 celer,
798 645 888 728 iter,
914 644 1056 725 scaber,
1083 666 1199 726 aacer,
1224 642 1348 724 ruber,
1375 665 1488 728 amor,
1502 644 1580 736 glo·

546 772 644 832 ruer,
681 749 805 834 iubar,
844 772 970 834 cruor,
1000 748 1131 832 honor,
1165 766 1277 834 sator,
1305 773 1428 833 soror,
1467 750 1599 828 labor„

548 852 644 937 Quod
667 853 694 919 ai
722 854 861 921 verbum
886 853 984 921 suerit
1003 853 1192 943 deponent,
1217 850 1271 920 ·la·
1296 853 1519 944 producitur,
1537 877 1577 924 ut

546 957 732 1028 -labitur
759 960 924 1028 invalidae
948 958 1103 1028 deformia
1132 959 1235 1052 gloria
1268 960 1428 1047 flammae.
1456 998 1493 1016 -·
1523 966 1579 1031 le·

549 1089 632 1150 cur,
666 1068 776 1151 ebur,
802 1090 901 1158 agar,
930 1069 1037 1134 timor.
1069 1066 1221 1158 Liquor‚
1248 1070 1276 1134 ai
1294 1092 1423 1136 vuouron
1452 1072 1574 1136 tertiae

545 1170 644 1241 luerit
667 1172 894 1241 declinationis
907 1173 1121 1265 pyrrhichius
1143 1191 1200 1241 eat
1216 1190 1251 1239 ut
1272 1173 1395 1244 mator
1408 1213 1443 1228 -·
1462 1177 1505 1244 de
1520 1202 1574 1244 ro·

547 1303 583 1346 re
601 1278 721 1370 dapes,
747 1279 789 1346 de
814 1297 908 1347 caute
924 1280 1140 1372 liquores·-
1123 1281 1204 1347 -sst
1226 1278 1369 1346 insra-
1335 1291 1573 1375 -aoreusqne

545 1385 657 1477 liquor
678 1384 792 1453 solidis
807 1384 956 1452 induruit
976 1388 1067 1453 escis
1087 1386 1274 1453 -Nam
1249 1413 1275 1456 ar
1296 1359 1407 1478 liquor
1429 1390 1571 1455 verbum

546 1489 646 1557 suerit
665 1492 780 1558 tertiae
804 1491 1042 1583 coniugationia
1062 1490 1115 1559 uel
1135 1493 1222 1558 tertii
1241 1492 1386 1574 ordinis,
1408 1511 1444 1558 ut
1465 1493 1571 1562 Vale·

546 1599 596 1664 rio
622 1597 836 1690 grammatico
862 1621 978 1666 vocare
1005 1596 1125 1685 libuit,
1156 1599 1352 1680 trochaeua3
1380 1618 1418 1668 ut
1444 1601 1570 1690 Vergi-

545 1700 608 1771 liuo
619 1706 656 1769 ia
676 1703 836 1793 georgicis
851 1739 886 1750 -·
906 1705 1082 1770 caniacum
1097 1705 1275 1772 uroutibua¹
1285 1703 1405 1773 humor
1420 1741 1457 1756 ·-
1471 1704 1572 1796 liqui*

544 1825 617 1892 tur,
640 1823 671 1873 et
691 1805 834 1897 zephyro
864 1807 967 1895 putris
990 1830 1025 1876 aa
1051 1805 1149 1900 gleba
1174 1806 1378 1892 resolvit-
1338 1811 1496 1892 -ttosa‚
1521 1806 1568 1872 fa-

541 1912 611 1994 ba,
637 1934 749 2001 aqua,
770 1934 884 1993 mora,
906 1928 999 1995 rota,
1027 1936 1142 1996 coma,
1162 1913 1234 1995 ria,
1263 1928 1356 2002 toga,
1368 1910 1461 2004 gula,
1473 1913 1567 1978 scho-

540 2015 583 2084 la.
609 2015 730 2107 Plaga,
749 2017 775 2080 ai
803 2014 935 2082 climata
960 2015 1141 2084 cardinalia
1162 2017 1329 2108 designat,
1352 2018 1564 2110 pyrrhichius

544 2136 612 2200 cett
641 2138 677 2187 ut
703 2118 897 2188 Ambrosius
921 2119 1173 2188 mediolaueuaio
1203 2122 1350 2212 pontifex
1376 2123 1565 2190 hexametro

545 2226 745 2318 deprompsit
773 2226 885 2295 dicent
917 2265 951 2278 ··
984 2228 1129 2319 dumque
1164 2226 1301 2296 colorati
1328 2227 1437 2294 rutilat
1470 2226 1573 2319 plaga

542 2328 673 2396 caerula
694 2328 820 2397 mundi.
847 2366 886 2381 -
908 2332 950 2398 Et
971 2329 1123 2401 Seduliua
1150 2367 1188 2391 -ι
1213 2347 1368 2422 quattuor
1388 2329 1465 2396 inde
1493 2331 1569 2422 pla·

541 2461 597 2531 gas
630 2436 785 2529 quadrati
818 2437 945 2530 colligit
975 2437 1075 2506 orbis.
1101 2473 1143 2488 -
1172 2437 1207 2506 Si
1234 2462 1314 2506 vcro
1340 2436 1436 2527 plaga
1466 2437 1566 2503 ultrix

541 2542 687 2609 vindicta
709 2541 828 2624 luerit,
851 2542 891 2607 ad
917 2541 1117 2609 trochaicam
1144 2540 1289 2633 regulam
1313 2541 1498 2633 redigitur,
1531 2559 1567 2606 ut

541 2649 729 2738 praedictus
748 2662 839 2716 'rates
860 2646 1041 2738 evangelici
1059 2648 1156 2716 metri
1172 2648 1327 2714 vaticinio
1342 2645 1443 2736 refert
1456 2682 1494 2696 ·-
1508 2648 1571 2736 qui

543 2756 638 2846 tegit,
656 2771 689 2821 et
705 2754 836 2845 plagam
860 2752 1002 2842 trepidat
1021 2751 1147 2818 nudare
1164 2751 1319 2820 medenti.
1338 2786 1360 2802 -
1376 2749 1570 2818 Notandum

542 2883 695 2951 quoque,
725 2859 857 2925 uomina
889 2855 1112 2948 monosyllaba
1144 2855 1316 2948 quaedam*
1332 2882 1398 2924 ease
1419 2880 1504 2946 quae
1531 2857 1570 2919 ina

541 2965 681 3055 obliquis
702 2966 848 3047 casibus,
872 2964 906 3029 id
928 2981 975 3032 eat
998 2964 1147 3053 genetivo
1172 2980 1207 3028 et
1233 2961 1400 3030 ablativo,
1427 2961 1567 3052 pyrrhi-

540 3067 653 3134 chium
673 3070 829 3161 gignunt‚
852 3085 889 3134 ut
908 3092 985 3134 crux
1014 3067 1138 3151 crucia,
1159 3092 1224 3133 uux
1250 3068 1362 3150 nucis,
1383 3089 1459 3156 grex
1487 3087 1567 3155 gre-

538 3174 605 3265 gia,
626 3197 684 3263 pes
703 3173 814 3263 pedis,
842 3173 892 3238 lar
912 3172 1009 3254 laris,
1025 3170 1072 3239 aal
1093 3170 1190 3253 salia,
1212 3195 1281 3239 mas
1305 3171 1421 3254 maris,
1444 3170 1504 3240 nir
1516 3170 1567 3233 ui·

540 3281 605 3363 ria,
620 3303 683 3346 ner
698 3280 806 3361 nocio,
823 3281 879 3368 pix
894 3280 976 3367 picis
992 3329 1002 3363 ‚
1016 3279 1229 3369 prex-precia,
1254 3301 1331 3368 grus
1343 3278 1451 3368 gruis,
1470 3277 1566 3343 trabs

537 3383 659 3466 trahis,
682 3385 741 3451 boa
762 3385 888 3474 havisa·
904 3384 966 3449 dur
992 3382 1107 3470 ducis,
1131 3399 1204 3448 trux
1226 3383 1337 3450 truoia.
1399 3426 1405 3431 ·

583 3501 619 3559 Δ.
632 3491 805 3578 Expositae
818 3508 893 3556 sunt
908 3491 1008 3580 igitur
1022 3490 1160 3575 strictim
1174 3490 1428 3577 summatimque
1453 3489 1567 3554 *nomi-

538 3620 620 3664 num
633 3597 781 3688 regulae,
797 3596 881 3687 quae
902 3597 1001 3685 primi
1019 3596 1110 3685 pedis
1123 3594 1249 3686 legibus
1269 3594 1498 3682 suffragantur.
1516 3595 1562 3659 M.

538 3702 651 3772 Verba·
671 3725 803 3793 quoque
828 3717 894 3766 tam
919 3701 1042 3788 primae
1064 3701 1297 3790 coniugatiouis
1319 3722 1418 3789 quam
1445 3700 1563 3766 tertiae

539 3823 708 3896 correptae
721 3807 794 3896 pari
813 3805 1004 3874 condicione
1019 3821 1238 3886 concurrunt,
1249 3820 1284 3870 ut
1299 3827 1398 3883 voco,
1412 3803 1565 3888 veto,·le-

538 3934 600 3997 vo,
623 3937 717 3998 ceco,
742 3936 842 3996 neco,
870 3929 973 4002 puto,·
991 3935 1097 3997 caro,¹
1114 3909 1191 3995 lito,
1218 3933 1318 3994 toro,
1337 3917 1439 4001 ocgo,
1466 3934 1568 3995 anuo,

531 4015 643 4105 frico,
674 4019 787 4112 plico,
820 4019 894 4087 dico
912 4017 1010 4087 dicat
1032 4015 1147 4106 ¹dicat3
1175 4033 1327 4109 correpta
1352 4014 1538 4107 penultima
1551 4039 1576 4099 ς.
