3382 5206
689 646 731 693 ur
756 643 979 693 saerrsamo.
1046 640 1050 647 “
1267 613 1335 692 '503

325 749 560 840 supputationis
581 761 783 814 sacramenta
807 760 982 836 potuerunt
997 748 1053 828 ,si
1078 748 1185 837 prisca
1216 767 1359 813 comme·

326 880 457 925 morans
481 856 524 920 ab
548 856 673 945 origine
695 851 864 941 pendam,
888 876 963 918 enm
992 852 1159 921 horrenda
1193 851 1355 947 cataclys-

327 986 455 1030 morum
479 963 622 1050 inruptio
646 957 838 1028 mortalium
859 960 980 1050 flagitia
1005 959 1208 1045 cohercens,
1231 978 1264 1027 et
1285 980 1356 1027 sce·

245 1088 250 1097 ·
327 1066 416 1137 lestis
441 1067 768 1157 vitae-pervicaciam
793 1063 967 1132 ultricibus
986 1065 1081 1133 undis
1098 1066 1236 1135 abluens
1248 1116 1265 1151 ,‚
1275 1088 1355 1132 euu-

328 1190 379 1239 cta
402 1199 488 1266 quae
510 1175 679 1263 reciproco
704 1194 883 1262 corporeae
907 1173 1088 1240 vivacitatis
1105 1171 1278 1263 'spiraculo
1301 1196 1353 1240 re·

327 1280 531 1364 scebantur‚
556 1279 699 1367 exceptis
723 1276 766 1343 ad
792 1279 1063 1368 propagationem
1081 1276 1204 1347 sobolis
1224 1275 1354 1345 suturae

325 1385 471 1469 relictis,
491 1383 647 1476 usquead
660 1384 911 1452 internicionem
926 1403 1076 1470 necaret,
1095 1385 1269 1476 diramque
1287 1399 1352 1475 sty-

326 1491 371 1584 gii
389 1490 535 1558 Plutonis
551 1487 748 1580 ingluviem,
771 1504 804 1554 et
824 1490 1058 1579 exanguinibus
1073 1491 1266 1558 miserorum
1285 1510 1353 1552 ma·

326 1599 422 1667 uibus
446 1595 575 1663 crudeli
595 1614 700 1686 strage
719 1596 873 1679 satiaret,
897 1594 938 1661 de
962 1598 1092 1666 mundis
1115 1613 1248 1687 septena
1277 1619 1353 1664 cae·

326 1703 482 1773 naculum
505 1720 537 1769 et
564 1705 740 1792 tristaega,
763 1704 833 1769 sive
854 1718 891 1767 ut
915 1702 1019 1770 altera
1044 1705 1188 1771 continet
1212 1699 1354 1768 transla-

328 1813 391 1877 tio,
414 1810 646 1876 bicameratam
669 1824 703 1873 et
720 1806 963 1875 tricameratam
979 1806 1132 1901 leguntur
1151 1833 1262 1876 arcam
1281 1830 1356 1899 gre-

326 1919 426 2006 gatim
440 1920 593 2006 ingressa.
607 1913 801 2003 Septenaria
814 1914 966 1983 similiter
979 1917 1154 2007 pignorum
1173 1916 1233 1982 lob
1243 1939 1354 2005 prosa·

226 2084 229 2089 .
325 2024 378 2110 pia
393 2073 402 2107 ,
415 2023 450 2087 in
460 2022 623 2112 principio
637 2019 716 2087 libri
732 2020 821 2112 quod
832 2044 925 2110 prosa
941 2023 1143 2106 conteritur,
1158 2037 1189 2088 et
1203 2021 1355 2111 deinceps

325 2128 505 2195 secundum
523 2129 691 2196 Hebraeos
709 2126 839 2220 dactylo
858 2125 1091 2219 spondaeoque
1109 2125 1267 2194 scandere
1289 2125 1358 2193 ser·

326 2253 381 2301 tur
396 2284 406 2320 ,
419 2252 450 2302 et
469 2251 592 2323 septem
612 2231 834 2326 lanigerarum
849 2233 1013 2325 pecudum
1037 2234 1200 2325 descripta
1216 2259 1357 2302 narran-

325 2357 396 2418 tnr3
411 2364 589 2430 rursusque
599 2342 633 2406 in
648 2338 740 2406 calce
755 2338 929 2408 voluminis
941 2338 1031 2408 idem
1040 2338 1231 2408 bidentium
1241 2365 1354 2408 nume·

328 2468 382 2511 rus
397 2444 439 2511 ad
453 2444 732 2530 remunerandam
744 2444 886 2513 inlustris
900 2446 1077 2537 patientiae
1086 2445 1228 2535 palmam
1244 2447 1279 2512 in
1292 2445 1357 2512 du·

326 2548 417 2639 plum
432 2550 597 2616 restitutus
612 2549 780 2639 praedicta
796 2552 1026 2642 mysteriorum
1049 2544 1168 2618 arcaira
1189 2549 1353 2641 praefigu-

328 2678 413 2722 rasse
428 2671 637 2721 monstratur.
654 2657 800 2746 Denique
816 2656 943 2740 Esaias,
960 2680 1166 2748 nequaquam
1181 2680 1256 2746 pars
1271 2654 1355 2723 ulti·

329 2787 380 2826 ma
396 2761 647 2852 prophetarum,
661 2780 785 2852 septem
807 2782 970 2831 matronas
984 2765 1044 2830 sub
1057 2782 1136 2854 typo
1151 2781 1275 2854 septem
1297 2788 1356 2832 se·
1460 2822 1463 2827 .

328 2868 500 2935 elesiarum
516 2872 623 2936 virum
638 2894 739 2935 ιιιιιιιιι
759 2868 1032 2960 adprehendisse,
1046 2871 1217 2937 Christum
1233 2868 1356 2937 videli-

325 2990 379 3038 cet
403 2972 589 3040 caelestium
605 2991 638 3041 et
651 2974 855 3042 terrestrium
878 2972 1179 3058 reconciliatorem,
1198 2990 1353 3042 contesta-

329 3096 393 3145 tur.
420 3079 534 3146 Heliae
557 3097 662 3148 autem
688 3077 813 3149 scelera
836 3077 950 3170 populi
975 3078 1117 3148 crudelis
1140 3078 1354 3166 lamentanti,

329 3200 362 3249 et
385 3182 559 3274 lugubrem
583 3182 843 3251 interiectionem
867 3184 1116 3250 vaticinantium
1140 3208 1356 3274 conqueren-

329 3290 371 3357 ai,
386 3287 507 3355 divinis
523 3288 647 3355 dictum
672 3307 721 3355 est
737 3288 901 3356 oraculis=
917 3287 1036 3381 reliqui
1056 3289 1138 3357 milti
1154 3309 1279 3382 septem
1290 3289 1354 3358 'mi-

328 3391 370 3458 lia
395 3396 541 3460 virorum
565 3394 620 3485 qui
644 3417 711 3460 non
734 3412 954 3464 curvaverunt
989 3417 1094 3485 genua
1122 3412 1197 3464 ante
1224 3392 1355 3476 nahah

325 3501 383 3590 qui
408 3499 485 3567 dnm
510 3501 645 3567 orbatae
668 3499 846 3568 Sunamitis
867 3498 1013 3568 sobolem
1034 3499 1176 3570 crudelis
1193 3500 1251 3568 leti
1267 3518 1353 3570 sotto

328 3607 467 3694 sopitam
489 3606 606 3694 septies
637 3622 726 3670 artus
759 3604 921 3687 artubus,
950 3605 1165 3698 membraque
1193 3604 1352 3673 membris

328 3707 503 3800 copulans,
525 3711 754 3793 suscitaverat,
778 3708 1028 3798 Redemptorem
1061 3709 1223 3801 significat
1251 3732 1353 3800 genus

328 3814 510 3882 humanum
532 3813 712 3905 septiformi
735 3815 869 3903 spiritus
892 3816 996 3906 gratia
1020 3839 1038 3881 a
1061 3838 1174 3884 somno
1190 3816 1352 3887 scelerum

327 3938 359 3987 et
382 3922 460 3989 tabe
482 3921 609 4011 peccati
634 3919 862 3989 vivificantem.

393 4024 461 4093 Sed
479 4043 511 4093 et
530 4022 809 4106 Macbabaeorum
826 4046 983 4117 generoaa
996 4028 1220 4119 germanitatis
1238 4028 1352 4123 pigno-

236 4121 240 4128 ’
326 4149 384 4198 η,
409 4152 495 4222 quae
516 4128 580 4197 sub
602 4122 775 4222 tyrannis!
803 4127 962 4201 Antiochi
992 4130 1185 4204 manubia
1215 4119 1351 4201 suifluut
