3382 5206
397 562 470 656 134
754 585 898 636 carrona
925 586 995 636 vnr.

375 729 460 806 rure
474 731 494 775 a
508 700 686 803 plerisque
702 701 909 800 garrissimis
926 704 972 802 (a)
986 701 1071 775 viris
1088 716 1254 802 usurpata
1275 717 1382 789 sunt,

365 844 483 928 aperta
511 825 718 899 delinitione
739 825 908 927 inoperari
927 851 1001 897 non
1023 824 1163 899 debent.
1194 823 1382 923 Compara-

365 950 456 1024 tivus
476 950 683 1049 superlativo
698 946 1053 1045 incongruentissime
1070 949 1319 1048 praeponitur,
1341 965 1383 1020 ut

364 1075 476 1150 maior
496 1074 656 1150 maximo.
679 1072 919 1173 Superlativus
938 1073 1100 1145 omnihus
1121 1073 1382 1172 superequita13

364 1201 460 1274 siout
482 1197 654 1297 positivus
686 1196 854 1269 omnibus
882 1195 1049 1268 subsidet.
1083 1193 1380 1297 Comparativus‚

362 1322 458 1396 velut
484 1319 659 1423 quaedam
678 1319 769 1393 scala
790 1335 871 1407 est,
898 1319 1043 1418 positivo
1062 1317 1189 1408 altior,
1210 1337 1244 1392 et
1264 1349 1382 1420 super·

362 1444 468 1518 lativo
492 1443 669 1520 humilior.
697 1441 761 1515 Est
787 1443 915 1541 gradus
941 1442 1042 1543 quasi
1065 1443 1236 1541 positivus
1264 1471 1382 1543 super·

362 1568 465 1657 ficie,
485 1568 548 1642 sed
562 1566 727 1670 qualitate
743 1567 990 1666 superlativus:
1006 1568 1158 1642 dicimus
1172 1569 1271 1641 enim
1288 1597 1381 1667 prae·

363 1693 490 1793 cipuns
510 1693 690 1782 omniurn,
712 1692 870 1790 egregius
889 1711 1051 1792 patrum,
1072 1721 1228 1768 cernuus
1248 1721 1380 1791 regum.

440 1812 496 1889 De
525 1816 719 1914 generibus.
752 1814 1016 1910 Quadrisormia
1045 1846 1172 1916 genera
1200 1834 1310 1908 sunt,
1338 1821 1382 1891 ai-

363 1954 425 2012 cut
454 1953 547 2037 patet
575 1937 805 2036 legentibus,
838 1939 1107 2029 masculinum,
1138 1940 1380 2030 femininum,

361 2080 553 2154 neutrum,
575 2090 763 2139 commune
783 2081 849 2138 ete.
878 2061 1031 2137 Nomina
1053 2066 1254 2138 communia
1274 2084 1380 2155 sunt,

360 2203 401 2261 ut
425 2187 611 2276 sacerdos,
638 2187 740 2277 dics,
767 2186 848 2260 finis
869 2243 878 2274 ,
906 2186 1031 2275 renis,
1058 2186 1166 2260 lacus.
1196 2185 1270 2260 Sed
1295 2214 1379 2262 cum

360 2310 548 2385 masculini
575 2310 714 2408 generis
740 2310 812 2398 sit,
839 2309 889 2382 sic
916 2309 1154 2383 declinabitur
1182 2309 1307 2401 lacus,
1333 2310 1381 2383 la·

326 2464 328 2469 ·
365 2437 423 2527 ci,
450 2437 554 2525 laco,
580 2436 676 2525 lace,
702 2435 789 2509 laco.
811 2432 915 2507 Sicut
936 2435 1081 2524 domus,
1108 2436 1225 2524 domi,
1253 2437 1380 2527 domo,

358 2578 394 2635 et
420 2560 524 2634 saciet
550 2561 735 2634 domorum
760 2559 883 2634 domis.
906 2554 960 2630 'Et
983 2559 1160 2631 seminum
1183 2559 1308 2650 lacus,
1334 2561 1380 2634 la·

361 2710 432 2762 cus.
459 2682 508 2757 Et
526 2685 654 2758 domus
674 2685 780 2758 saciet
804 2685 975 2756 domuum
995 2681 1158 2756 domibus
1180 2701 1247 2758 etc.
1276 2682 1381 2758 Com-

359 2808 485 2883 munia
509 2808 617 2881 etiam
638 2809 829 2880 masculini
856 2826 891 2881 et
919 2806 1039 2880 neutri
1057 2806 1311 2895 inveniuntur,
1340 2825 1382 2880 ut

359 2930 493 3027 fulgor,
513 2956 694 3018 murmur,
713 2957 874 3029 prunus,
895 2929 1022 3003 buxus.
1045 2926 1144 3001 Sunt
1163 2945 1197 3001 et
1216 2926 1379 3001 seminini

358 3070 395 3126 et
414 3053 536 3126 neutri
556 3053 780 3141 communia,
809 3070 848 3126 ut
868 3051 995 3140 tellus,
1015 3050 1126 3125 holus.
1149 3050 1278 3125 Omnis
1306 3051 1382 3123 ani-

359 3176 455 3250 malis
474 3193 535 3249 aut
556 3177 624 3249 avis
645 3201 801 3265 nomen,
822 3174 1003 3275 proprium
1023 3201 1136 3271 genus
1154 3175 1284 3249 habere
1304 3203 1378 3247 non

356 3319 496 3403 potest,
522 3320 603 3375 ante
630 3328 735 3402 quam
761 3300 986 3374 discernatur
1014 3300 1114 3372 cuius
1141 3300 1188 3373 sit
1214 3301 1350 3398 generis
1371 3332 1381 3396 3

361 3427 516 3528 exceptis
540 3429 620 3517 his,
642 3445 684 3501 ut
704 3445 829 3500 taurus
851 3442 885 3498 et
904 3453 1035 3513 vacca,
1054 3427 1117 3497 bos
1143 3425 1242 3499 bovis
1259 3482 1269 3515 ‚
1289 3426 1382 3498 aries

358 3567 393 3625 et
412 3553 491 3627 ovis.
503 3550 658 3627 Nomina
677 3571 798 3627 autem
817 3578 908 3650 quae
929 3550 1090 3623 omnibus
1112 3551 1300 3648 generibus
1321 3580 1380 3653 ap

358 3691 505 3765 tantur,
526 3703 599 3749 non
621 3676 825 3749 communia
846 3674 906 3747 scd
927 3673 1117 3771 omnigena
1138 3674 1378 3765 dicidebent‚

356 3815 396 3873 ut
424 3799 533 3889 felix,
559 3799 688 3889 velox,
714 3827 845 3888 verax,
872 3826 1018 3888 amens,
1040 3798 1161 3888 dives,
1181 3798 1349 3897 prudens.

377 3986 384 3992 .
433 3920 489 3998 De
514 3925 675 3998 numeris
702 3926 770 3998 hoc
799 3940 939 3998 tantum
965 3922 1254 4011 dicendumst,
1281 3921 1380 4024 quod

404 4078 452 4146 ’(ι)
469 4090 506 4132 rra
523 4083 572 4129 rod·
592 4085 699 4129 Fortuna
714 4088 866 4142 gravissime
882 4093 922 4129 aut
937 4087 1095 4141 purissima.
