3382 5206
359 558 429 651 340
626 582 772 633 tasonis
801 584 1062 637 rnontactnsts

329 691 417 783 Κύρος
451 694 588 785 Cyrus,
617 695 708 762 κοινὶν
735 725 867 784 coena,
898 699 987 790 ripas
1019 698 1105 766 unde
1137 701 1358 788 primicerius.

330 802 402 869 Nec
421 803 566 892 mirum,
596 832 670 874 cum
690 827 835 879 mutetur
856 803 924 878 Θιός
952 825 984 873 ct
1000 806 1128 874 dicatur
1145 810 1242 877 Deus.
1255 809 1361 878 Simi-

329 915 406 986 liter
421 918 576 1010 uoppv'pns
596 945 795 1011 purpureus.
809 920 950 1009 Quando
973 944 1051 988 vero
1064 921 1147 988 ·CH·
1161 944 1220 1010 pro
1242 943 1291 1004 χ,
1316 924 1357 989 si-

330 1047 386 1096 cut
405 1046 438 1095 et
458 1031 515 1095 PH
535 1053 596 1120 pro
614 1042 661 1113 Φ,
682 1048 715 1097 et
733 1034 817 1101 ·Tll·
830 1056 891 1122 pro
914 1040 941 1094 Θ
958 1033 994 1096 in
1015 1027 1182 1119 aliquibus
1204 1027 1360 1096 dictioni-

329 1138 391 1204 bus
414 1138 564 1204 scribunt
592 1141 722 1225 nostri,
754 1158 882 1208 certum
907 1157 954 1207 est
981 1138 1072 1229 quod
1094 1136 1172 1205 illae
1198 1128 1358 1206 dictiones

329 1246 451 1314 latinae
465 1271 533 1315 uon
545 1249 636 1318 sint,
657 1269 690 1317 et
712 1251 836 1319 idcirco
854 1251 929 1318 illas
947 1247 1143 1340 proferimus
1163 1273 1358 1342 graecarum

330 1357 514 1425 litterarum
534 1363 648 1444 sonis,
675 1360 751 1430 licet
775 1362 911 1453 quidam
939 1360 1122 1452 figurarum
1143 1358 1358 1428 similitudine

329 1465 458 1557 decepti
478 1471 694 1559 pronunc‘pnt
708 1493 749 1534 ·x·
765 1493 825 1559 pro
839 1495 913 1554 οχι,
936 1486 967 1535 et
997 1468 1108 1535 dicant
1135 1492 1211 1534 arxe
1229 1491 1291 1557 pro
1316 1492 1356 1535 eo

330 1578 421 1671 quod
442 1564 490 1647 est
510 1603 531 1641 α
544 1604 559 1670 p
573 1603 598 1663 χ
611 1605 651 1664 a,
668 1596 701 1646 et
726 1603 876 1647 maxaera
902 1603 962 1669 pro
982 1575 1134 1668 paaealpc.
1149 1578 1358 1667 Quapropter

329 1712 405 1754 cum
417 1711 536 1778 graece
552 1690 710 1756 scribitur
723 1701 746 1752 x
761 1713 775 1750 a
789 1712 803 1778 p
820 1715 834 1752 η
850 1717 872 1754 a
885 1711 917 1758 ts
934 1693 979 1757 ita
995 1688 1161 1779 profertur
1174 1712 1212 1754 ac
1229 1687 1257 1753 ti
1272 1688 1356 1752 scri-

330 1798 466 1866 beretur
486 1802 607 1867 Kereus
631 1818 662 1865 et
687 1823 850 1892 ωρροιχια
884 1801 976 1893 quasi
1006 1799 1229 1891 parroechia,
1255 1822 1356 1888 quem

328 1927 438 1978 tamen
464 1933 579 1976 sonum
603 1927 708 1976 mutat
728 1910 849 1998 sigma,
869 1909 896 1977 si
918 1933 980 1999 pro
1003 1907 1061 1975 illa
1085 1911 1170 1991 sitae
1195 1910 1299 1998 posita
1319 1925 1356 1971 ut

327 2045 346 2083 σ
359 2040 385 2100 χ
397 2041 510 2104 apoc
529 2043 628 2110 quarn
648 2023 714 2086 vim
741 2035 773 2085 et
794 2017 881 2108 apud
903 2019 1035 2085 Latinos
1057 2035 1162 2087 servat
1179 2016 1244 2100 ·S·,
1267 2013 1355 2106 apud

329 2153 409 2219 quos
430 2130 476 2194 ·ti·
497 2153 627 2219 semper
655 2131 848 2197 enuntiatur
867 2150 945 2196 sono
966 2130 1018 2193 ·ci·
1036 2123 1086 2212 (ι)
1109 2128 1136 2195 ai
1162 2142 1233 2216 post
1264 2124 1357 2191 illam

326 2238 360 2303 in
390 2236 490 2306 altera
518 2236 646 2328 syllaba
670 2255 827 2328 aequatur
856 2235 1003 2318 vocalis,
1026 2235 1090 2300 nisi
1114 2237 1181 2323 ipsa
1195 2233 1238 2302 ·S·
1255 2258 1356 2323 prae·

326 2350 456 2414 cesserit
472 2396 483 2430 ,
498 2365 534 2414 ut
548 2345 670 2430 lectio,
692 2348 853 2438 quaestio,
867 2344 1017 2427 testium,
1032 2344 1235 2434 legentium,
1255 2337 1355 2433 quani

326 2458 423 2521 etiam
437 2457 482 2526 ·S·
496 2454 707 2546 duplicabant
728 2458 853 2547 antiqui
880 2480 939 2544 pro
961 2454 1068 2521 littera
1091 2457 1143 2538 Ζ,
1169 2478 1254 2544 quae
1276 2452 1356 2516 ubi-

326 2590 467 2655 cumque
490 2567 525 2630 in
547 2583 691 2632 extrema
712 2563 837 2654 syllaba
862 2564 1010 2630 dictionis
1028 2563 1187 2653 ponitur,
1208 2562 1276 2628 eius
1299 2583 1356 2648 pe-

325 2675 465 2742 nultima
480 2677 515 2741 iu
533 2700 629 2766 prosa
650 2673 868 2762 producitur,
888 2697 964 2738 cnm
989 2674 1023 2737 in
1047 2687 1151 2736 metro
1167 2670 1350 2737 communis

328 2785 499 2853 habeatur.

418 2921 466 2963 tu.
490 2896 540 2960 De
563 2893 672 2960 littera
691 2892 743 2960 ·G·
757 2893 874 2959 scitote
890 2895 966 2983 quia
984 2893 1011 2957 si
1026 2916 1090 2958 non
1109 2905 1266 2981 sequatur
1279 2889 1355 2970 ·U·,

322 3024 458 3097 propter
470 3003 712 3093 diphthongum
727 3024 794 3068 uon
807 3003 1036 3092 inpinguatur,
1046 3018 1081 3066 ut
1099 2998 1259 3090 lagoena,
1281 3017 1353 3064 tra-

321 3114 449 3206 goedia.
484 3111 550 3181 Sed
575 3112 785 3200 aspirationes
813 3111 899 3176 bene
926 3133 1007 3194 vos,
1028 3107 1153 3200 Angli,
1178 3106 1356 3197 pervidere

323 3227 480 3311 potestise
504 3224 630 3290 babent
657 3248 773 3290 sonum
798 3239 924 3291 vestrae
948 3221 1101 3306 litterae,
1125 3222 1227 3311 etqui
1242 3244 1303 3309 pro
1323 3230 1352 3282 Θ

319 3331 524 3425 frequentius
539 3335 586 3400 ·B·
599 3332 761 3416 scribitis,
775 3332 861 3397 sicut
879 3354 939 3420 pro
955 3319 1152 3422 digammate
1169 3330 1286 3398 ellertis
1301 3330 1351 3394 ·L·

321 3440 409 3511 Ante
431 3460 662 3511 consonantem
685 3465 818 3533 quoque
842 3440 1011 3507 iraeadem
1037 3441 1164 3533 syllaba
1185 3465 1245 3530 par
1265 3459 1357 3523 sest,

320 3576 381 3643 pro
407 3577 482 3643 para
508 3569 577 3634 est,
602 3568 635 3616 et
655 3548 712 3616 feli
734 3574 787 3615 xes
813 3573 873 3638 pro
897 3548 972 3616 selix
1003 3574 1045 3615 es.
1073 3553 1215 3644 Pnpugit
1240 3569 1272 3617 et
1301 3569 1355 3617 tn·

320 3663 404 3731 tudit
438 3663 472 3727 iu
505 3659 691 3750 penultimis
724 3660 847 3748 corripi
880 3682 948 3725 non
983 3660 1164 3748 ignoretis.
1194 3656 1225 3725 Α
1255 3658 1360 3725 tundo

226 3835 244 3847 ,
321 3790 431 3838 tunsus
449 3773 484 3837 in
507 3770 726 3861 conpositione
750 3769 861 3859 perdit
887 3769 968 3854 ·N·,
992 3769 1124 3836 obtusus
1145 3787 1177 3834 et
1202 3785 1363 3848 retusus,

405 3943 452 4011 (ι)
470 3940 540 3994 llius
559 3937 708 4011 promiscua
727 3938 860 4011 scriptura
885 3941 971 3994 otium
992 3976 998 3995 .
1020 3941 1128 4000 ocr'um5
1150 3939 1249 3990 vitium
1265 3973 1272 3994 .
1291 3939 1339 3988 υἱ-

335 4034 406 4087 cium
425 4043 477 4085 etc.
