3382 5206
609 582 885 632 cannen.
1159 562 1227 656 455

239 680 294 749 nd
321 709 401 776 quos
429 688 624 776 perveniunt
644 686 775 754 Domini
802 689 954 779 mysteria
984 689 1081 774 viva,

312 793 413 859 Cuius
439 811 471 860 et
495 791 613 859 inferni
639 794 773 882 spiritus
794 810 886 859 antra
912 793 1004 882 petit.

242 898 361 988 Sicque
379 923 451 965 suos
472 896 569 966 lectos
589 897 700 966 eduxit
721 901 879 988 sanguine
901 918 1034 984 sancto,

289 1007 379 1072 ‘Hoc
401 1030 435 1072 se
454 1003 572 1071 salvari
595 1008 652 1097 qui
673 1022 808 1073 tenuere
834 1005 944 1071 fidem.

210 1177 218 1192 ,
244 1113 311 1178 Iex
330 1112 459 1203 inquit:
484 1137 596 1180 carnes
615 1115 688 1203 agni
708 1111 906 1180 mandentur
927 1114 961 1176 in
986 1137 1086 1179 unam
1118 1141 1124 1157 ·

308 1221 378 1287 llite
408 1216 564 1286 domum,
591 1222 761 1310 quisquam
783 1217 875 1285 tollet
897 1237 929 1287 et
954 1217 1033 1285 inde
1054 1215 1150 1285 nihil.

244 1322 286 1387 Et
308 1347 427 1411 panem
446 1341 626 1413 potumque
649 1321 736 1390 volet
758 1323 815 1414 qui
833 1346 961 1389 sumere
989 1324 1101 1407 vitae,

311 1429 500 1497 Catholicae
526 1447 659 1497 maneat
680 1431 809 1499 iunctus
830 1453 941 1496 amore
961 1428 1083 1512 domo,

241 1533 275 1600 Si
305 1533 372 1600 vult
399 1558 475 1601 curn
500 1537 618 1602 sanetis
642 1533 770 1605 caelesti
794 1532 922 1602 insede
941 1557 1100 1615 mouere,

164 1649 217 1715 80.
310 1642 415 1732 inque
441 1640 559 1710 decore
576 1665 633 1710 suo
654 1643 740 1734 regis
759 1642 885 1709 honore
905 1637 981 1708 srui.

243 1747 344 1814 Cuius
370 1766 545 1838 conspectu
569 1749 718 1832 satiaris,
741 1750 834 1840 virgo
864 1748 1000 1829 Maria,

309 1853 369 1935 Qui
392 1850 489 1918 decus
513 1854 691 1942 imperium
717 1876 791 1919 cum
813 1870 905 1943 patre
930 1876 1058 1941 semper
1081 1850 1192 1917 babet.

242 1958 304 2040 Qui
325 1954 403 2021 dum
420 1958 585 2041 surrexit,
608 1957 785 2025 multorum
808 1980 946 2047 corpora
972 1955 1050 2023 secit

307 2063 472 2154 Surgere,
495 2086 575 2154 quos
593 2089 702 2130 secum
726 2066 811 2130 vexit
833 2062 876 2129 atl
901 2079 987 2129 astra
1009 2059 1089 2151 poli.

163 2169 216 2232 85.
241 2164 394 2233 Sanctior
419 2168 470 2235 bis
490 2169 613 2236 eunctis
637 2169 789 2238 Verbum
815 2191 900 2260 quae
921 2169 1059 2259 gignere
1082 2166 1168 2234 vitae

308 2275 409 2339 Facta
432 2299 464 2340 es
488 2270 585 2363 digua
610 2290 665 2339 tuo
686 2295 824 2362 corpore
848 2273 1006 2362 virgineo.

240 2381 329 2466 Quae
353 2402 429 2445 caro
451 2395 559 2445 sancta
582 2380 642 2445 Dei
668 2403 733 2445 non
763 2396 809 2445 est
831 2393 988 2466 corrupta
1011 2373 1216 2466 sepulchro,

309 2485 379 2551 Nec
399 2501 452 2550 tua
473 2489 519 2567 (ι)
539 2508 605 2575 qua
628 2507 746 2572 corpus
767 2501 950 2573 sumpserat
971 2482 1040 2572 ipse
1058 2485 1155 2550 Deus.

162 2608 215 2673 90·
242 2589 328 2657 Cum
351 2614 415 2682 quo
438 2589 532 2655 stella
554 2590 654 2657 maris
672 2588 793 2658 resides
817 2593 850 2656 iu
875 2586 1018 2656 culmine
1039 2585 1123 2654 caeli

312 2694 550 2763 Concelebrata
573 2697 635 2784 piis
654 2694 808 2763 laudibus
832 2693 996 2786 angelicis.

241 2802 301 2888 Qui
324 2803 443 2890 pietate
466 2803 552 2883 mei,
579 2824 761 2869 memorare
785 2802 952 2892 benigna,
978 2796 1096 2869 miselli

308 2907 355 2973 De
380 2929 476 2973 cruce
500 2904 671 2991 clamavit,
693 2905 778 2972 filius
803 2928 880 2973 ecce
903 2923 986 2972 tuus.

241 3010 353 3101 Atque
375 3028 410 3078 ut
435 3011 611 3101 discipulus
635 3035 749 3079 curam
773 3013 835 3078 tibi
858 3010 960 3078 ferret
981 3009 1140 3078 honoris»

162 3122 215 3207 95.
307 3121 392 3186 Dixit
416 3120 580 3187 Iohanni,
604 3137 708 3187 mater
730 3135 764 3188 et
788 3142 865 3186 ecce
888 3136 954 3184 tua.
1024 3118 1027 3123 ’

240 3225 357 3290 Mortis
382 3224 414 3287 in
439 3222 576 3290 articulo
600 3226 665 3289 vita
689 3241 719 3290 et
745 3223 937 3289 resurreetio
959 3238 1069 3290 nostra

308 3327 466 3394 Exhibuit
489 3329 618 3395 tibimet
640 3328 705 3394 boo
728 3328 857 3417 pietatis
881 3350 973 3415 opus.

241 3430 326 3497 Cum
349 3432 491 3514 moriar,
515 3431 595 3500 caeli
620 3430 715 3500 claris
738 3430 884 3521 praelata
908 3430 1088 3498 ministris,

307 3536 438 3603 Christo
461 3558 682 3627 conregnans,
706 3539 749 3603 sis
772 3537 825 3625 pia
849 3558 968 3626 quaeso
992 3533 1084 3602 milri.

144 3669 214 3713 roo.
238 3645 285 3712 Ut
307 3662 435 3732 partem
457 3669 586 3713 merear
610 3644 758 3711 cumbis
783 3668 861 3735 quos
883 3644 989 3735 gratia
1010 3642 1137 3729 salvat,

306 3749 346 3814 ln
370 3747 450 3814 lucis
474 3750 561 3838 pacis
584 3767 671 3817 sorte
695 3749 841 3841 quietis,
863 3774 968 3816 amen.

326 3901 365 3975 (r)
384 3904 423 3955 De
441 3903 557 3974 corporis
576 3904 657 3956 BaV.
678 3904 779 3957 Mariae
804 3902 1003 3974 incorruptione
1028 3901 1139 3972 ideoque
1161 3910 1192 3955 et
1216 3915 1260 3953 re·

240 3990 403 4043 surrectione
421 3989 536 4041 addatur
555 4007 624 4042 nune
643 3990 799 4044 llinnnarus
818 3991 894 4043 testis
914 3989 965 4041 illis
985 3987 1108 4060 patribus
1125 4003 1194 4057 quos
1214 4003 1263 4055 ego

242 4078 353 4131 recitavi
378 4078 412 4130 ad
436 4078 544 4131 Attonis
567 4097 709 4132 sermonem
732 4078 818 4130 xvtt.
840 4077 868 4130 in
887 4095 944 4129 meu
963 4074 1122 4146 scriptorum
1141 4086 1259 4129 veterum

243 4181 311 4218 nova
331 4164 483 4218 collectione
501 4164 534 4215 Τ.
554 4165 601 4214 Vl.
621 4177 689 4236 part.
710 4165 744 4216 ll·
765 4183 790 4237 p.
810 4160 857 4235 39.
