3382 5206
391 583 461 676 doo
514 674 517 679 ⁴
679 617 709 662 s.
736 618 925 669 ssuaorcrr
950 624 1058 672 cussus

605 826 701 895 XXI.
727 852 769 896 os
794 849 960 902 sarsurus
986 855 1127 905 asarum.
1174 868 1177 873 ·

358 969 574 1105 Dicendum
594 1041 720 1106 cunctis
736 1064 810 1106 com
824 1041 933 1109 lundis
947 1047 1106 1135 sauguinis
1120 1048 1208 1114 unda

353 1143 451 1211 Naris
475 1144 750 1230 haemorrhoida,
767 1171 850 1238 quoe
872 1149 914 1214 sit
935 1174 1006 1239 spes
1030 1168 1120 1217 certa
1140 1153 1264 1220 salutis.

354 1252 437 1318 Ruta
464 1250 555 1316 dabit
582 1262 696 1340 potum
718 1254 842 1340 pariter
864 1257 1003 1321 coutrita
1024 1255 1195 1344 nidorem,

353 1355 493 1423 Humilis
518 1381 555 1422 ex
579 1359 700 1445 campis
724 1357 854 1446 prodest
880 1362 1018 1427 contrita
1042 1367 1171 1432 cumino

352 1464 534 1554 Hypporis,
557 1478 589 1528 et
613 1464 697 1528 sistit
719 1465 890 1531 coniuncta
913 1491 992 1535 nare
1017 1493 1174 1553 cruorem,

349 1569 488 1637 Pulvere
507 1568 610 1636 boleti
636 1594 735 1661 quem
757 1568 868 1636 santur
892 1596 961 1640 esse
980 1574 1151 1665 lupinum,

336 1628 496 1741 ¹1taribus
517 1673 652 1740 associas
673 1671 744 1741 vilis
767 1697 895 1764 quoque
920 1681 1070 1766 grandus
1095 1699 1236 1749 mentae.

606 1879 719 1948 xxn.
743 1904 786 1950 ms
812 1902 1096 1956 aasuosaaoms.

350 2021 409 2161 Si
433 2115 511 2158 vero
535 2091 714 2157 obscenum
739 2091 873 2157 morbus
898 2096 1072 2162 tentaverit
1094 2121 1221 2184 anum,

344 2199 526 2285 Quaeratur
547 2193 704 2262 maurella
724 2210 837 2283 potens
861 2198 1059 2289 inimicaque
1080 2198 1211 2290 talpae,

344 2306 413 2374 Nec
438 2329 505 2371 nou
522 2302 752 2393 hyosciamus,
776 2327 916 2393 quarum
940 2303 978 2370 fit
1003 2330 1081 2371 cura
1104 2308 1256 2379 salubris.

343 2415 431 2481 Haec
455 2424 548 2498 epota
571 2407 669 2473 simul
691 2409 809 2474 sistunt
835 2409 900 2474 iam
926 2411 1055 2503 iamque
1082 2438 1243 2482 cruorem.

345 2517 503 2587 Plumbus
521 2531 553 2582 et
578 2530 667 2579 ustus
687 2515 779 2580 obest
802 2514 934 2582 madido
956 2521 1145 2585 coniunctus
1172 2521 1271 2591 olivo.

289 2662 295 2675 ·
348 2629 405 2694 His
428 2629 564 2693 iunctim
587 2625 607 2662 ⁴
630 2624 717 2689 binis
739 2624 883 2690 subsistit
904 2627 1067 2714 sanguinis
1093 2627 1190 2695 unda.

691 2835 822 2905 xx111.
848 2862 891 2906 os
918 2863 1008 2909 rcus.

344 2982 396 3114 Ρ
399 3051 516 3119 essurit
541 3052 624 3141 ignis
649 3076 723 3119 scer
747 3052 943 3120 comburens
968 3055 1093 3120 viscera
1115 3080 1266 3146 semper,

341 3156 479 3246 Semper
492 3175 524 3224 et
539 3175 627 3225 errat
641 3175 730 3224 atrox
744 3157 907 3221 flammam
923 3158 982 3222 sub
1003 3178 1076 3228 cute
1093 3165 1288 3245 remittens,

341 3268 452 3352 Atque
469 3264 587 3327 iterum
604 3261 735 3329 exiliens
757 3261 853 3328 fontis
874 3260 935 3325 sub
956 3263 1097 3353 imagine
1113 3266 1262 3359 gliscens.

340 3365 528 3433 Fraudibus
550 3368 687 3432 internis
708 3369 775 3431 eius
800 3367 840 3430 sit
859 3365 955 3430 obuia
980 3392 1109 3457 semper

342 3473 436 3540 Mens
457 3470 625 3549 hominis,
647 3469 744 3535 linire
764 3471 853 3535 iuvat
874 3469 1079 3540 chelidoniae
1096 3497 1242 3563 gramen.

311 3645 313 3649 ,
340 3578 492 3644 internus
512 3576 597 3641 nivei
620 3575 762 3641 sociatur
777 3571 935 3638 candidus
955 3578 1029 3658 ovi,

340 3685 423 3750 Ruta
433 3684 520 3750 iuvat
530 3682 750 3771 morbumque
760 3680 848 3771 sugat
859 3683 1006 3771 ,stringit
1021 3707 1152 3772 quoque
1166 3684 1334 3755 flammam

340 3786 375 3853 Si
391 3786 499 3875 tepido
519 3810 670 3876 puroque
684 3783 780 3853 simul
794 3787 947 3874 iungatur
962 3785 1057 3852 olivo.

340 3892 392 3957 Ne
407 3908 501 3980 putes
515 3889 598 3956 haec
616 3888 705 3978 quod
722 3887 800 3954 salsa
816 3888 952 3979 loquar,
967 3913 1042 3954 cum
1063 3889 1173 3958 dicere
1194 3918 1310 3962 verum

339 3999 468 4066 Veritas
485 3999 553 4085 ipsa
569 3997 661 4060 iubet
675 4017 686 4073 ς
703 4012 825 4062 stercus
844 3993 1017 4083 producito
1035 3998 1150 4064 morbo

341 4104 421 4172 Ovis
435 4122 466 4172 et
480 4102 514 4169 id
532 4101 672 4168 calidum
691 4150 700 4184 ,
723 4098 870 4167 referunt
891 4101 979 4191 quod
1004 4105 1148 4170 carmine
1170 4104 1296 4192 plures.

1350 3742 1360 3775 2
