3382 5206
286 677 334 841 ¹¹1
390 517 766 761 iiiuaoms
806 652 1361 803 sariuurrssmu

769 879 971 940 versus

360 1027 422 1100 AD
445 1027 669 1101 KAROLUM
690 1031 882 1104 CALVUM
902 1034 1117 1105 LUDOVICI
1137 1033 1194 1099 Pit
1216 1031 1383 1099 FILlUM

712 1207 811 1254 cutus
835 1205 922 1255 AVUS
945 1208 1026 1254 Flll'l'

577 1333 815 1412 uuaouos
843 1333 1062 1410 macnus
1093 1337 1157 1436 (ι).

748 1527 935 1599 CARMEN
958 1532 984 1598 l.

667 1711 717 1776 De
741 1708 873 1777 Christo
897 1708 1062 1777 crucifixo.

359 1856 540 1990 Hellenas
563 1924 732 2014 Troasque
753 1947 827 1990 suos
852 1941 997 1990 cantarat
1021 1923 1201 2005 Homerus,

424 2025 612 2096 Romuleam
636 2026 763 2117 prolem
786 2028 924 2097 finxerat
947 2031 1014 2118 ipse
1038 2029 1143 2095 Maro.

357 2132 401 2200 At
424 2122 480 2200 nos
503 2131 704 2224 caeligenum
728 2136 813 2225 regis
835 2136 888 2225 pia
912 2132 996 2200 facta
1021 2158 1196 2218 canamus,

426 2238 590 2306 Continuo
614 2264 710 2305 cursu
734 2265 829 2330 quem
852 2243 938 2308 canit
961 2242 1051 2309 orbis
1073 2265 1184 2309 ovans.

359 2342 428 2410 lllis
451 2344 563 2411 iliacas
587 2346 733 2414 flammas
754 2349 945 2440 subitaeque
966 2372 1094 2432 ruinas,

426 2452 671 2543 Troiorumque
691 2448 800 2540 μᾶχας
824 2452 932 2523 dicere
955 2452 1051 2521 ludus
1075 2471 1155 2520 erat.

360 2551 418 2619 Ast
442 2555 536 2621 nobis
561 2554 729 2623 Christum
752 2556 879 2624 devicto
902 2557 1053 2647 principe
1075 2557 1191 2623 mundi

425 2658 590 2752 Sanguine
614 2659 782 2751 perfusum
804 2661 942 2751 psallere
964 2663 1060 2732 dulce
1082 2682 1182 2731 sonat,

359 2762 411 2831 llli
435 2766 612 2852 composito
636 2764 714 2833 falso
738 2766 799 2831 sub
824 2769 966 2858 imagine
989 2768 1059 2834 veri

427 2869 557 2935 Fallere
580 2869 731 2936 condocti
757 2871 902 2937 versibus
925 2870 1094 2939 Arcadius.

360 2973 466 3041 Nobis
491 2977 642 3042 virtutem
666 2978 765 3066 patris
789 3001 966 3067 veramque
987 2977 1135 3066 sophiam

427 3082 622 3173 Hymnizarc
646 3081 723 3148 licet
746 3081 898 3150 laudibus
922 3083 1057 3150 eximiis.

360 3185 530 3252 Musarum
554 3205 691 3270 cantus,
714 3186 827 3273 ludos,
849 3205 1036 3280 satyrasque
1059 3187 1210 3279 loquaces

428 3293 510 3382 lpsis
533 3317 609 3359 usus
632 3310 703 3360 erat
725 3293 884 3384 plaudere
905 3318 964 3383 per
987 3291 1132 3383 populos.

359 3402 456 3469 Dicta
478 3398 714 3487 prophetarum
737 3401 832 3467 uobis
854 3399 1077 3467 modulamine
1100 3397 1240 3488 pulchro
1409 3393 1459 3453 ¹5·

429 3506 579 3573 Consona
602 3505 785 3595 procedunt
808 3506 963 3574 cordibus
986 3530 1042 3573 ore
1065 3505 1141 3575 fide.

358 3615 456 3679 Nunc
479 3614 578 3703 igitur
602 3612 726 3679 Christi
751 3611 917 3678 videamus
941 3635 1066 3678 summa
1090 3627 1246 3699 tropaea,¹

427 3717 478 3784 Ac
500 3734 631 3807 nostrae
655 3719 771 3784 mentis
795 3717 902 3785 sidera
924 3720 1105 3808 perspicua.

434 3869 483 3938 (1)
502 3867 544 3920 lta
564 3885 592 3919 se
610 3865 690 3920 habet
709 3866 804 3921 titulus
826 3868 852 3921 iu
878 3880 1031 3940 pervetusto
1058 3868 1150 3924 codice
1175 3878 1232 3922 vat.
1251 3883 1320 3920 suec·
1339 3865 1375 3918 X·

364 3956 406 4010 vel
420 3954 466 4006 xt.
484 3955 645 4025 ceteroquin
657 3959 737 4008 etiam
751 3955 852 4008 SCOTl
867 3956 1010 4028 appellatio
1027 3959 1053 4010 in
1066 3956 1181 4008 carmine
1191 3955 1239 4008 tx,
1249 3954 1377 4008 occurrit.
