3382 5206
637 575 703 662 578
945 597 971 642 s.
997 591 1175 644 tenuram
1201 597 1245 645 ou
1268 597 1314 644 nr

611 695 805 784 stupebitis,
831 692 1014 762 fovebimus
1038 697 1210 781 fovebitis,
1234 698 1397 765 ciebimus
1422 701 1585 785 ciebitis,
1613 703 1670 768 ri-

608 802 760 892 gebimus
785 801 943 893 rigebitis.
970 803 1098 869 Passiva
1115 803 1361 885 ‚<communia,
1386 821 1417 869 et
1449 803 1664 894 deponentia

565 900 753 998 [utroque
777 931 915 974 numero
938 907 1163 991 concordant,
1188 908 1356 976 doceberis
1381 910 1568 977 docebitur
1595 912 1660 978 do-

613 1011 788 1096 oebimur,
812 1011 996 1078 medeberis
1021 1013 1210 1079 medebitur·
1233 1011 1444 1079 medebimur
1461 1000 1663 1098 ,fateberis

610 1115 768 1185 fatebitur
791 1116 987 1202 fatebimur,
1004 1120 1167 1188 vereberis
1184 1121 1349 1188 verebitur
1366 1121 1577 1190 verebimur.
1599 1125 1660 1190 Sic

578 1197 593 1223 ·
613 1242 644 1294 ct
659 1249 678 1290 a
692 1222 795 1293 forma
819 1224 1024 1294 inchoativa,
1048 1227 1104 1296 sed
1127 1252 1144 1292 a
1170 1245 1313 1317 tempore
1333 1230 1498 1315 praesenti
1514 1267 1525 1297 s
1544 1248 1583 1296 ut
1612 1232 1659 1295 vi-

613 1331 770 1396 rescimus
797 1331 977 1414 virescitis,
1001 1333 1188 1424 rigescimus
1217 1333 1400 1422 rigescitis,
1430 1335 1657 1402 tumescimus

610 1436 811 1503 tumescitis,
837 1434 1051 1503 madescimus
1074 1435 1285 1519 madescitis,
1308 1437 1514 1504 rubescimus
1538 1440 1674 1506 rube-.

612 1542 729 1608 scitist
754 1559 790 1607 ut
820 1545 854 1608 in
877 1553 975 1632 poe'ta'
995 1580 1040 1595 -
1064 1568 1163 1634 quem
1194 1545 1296 1632 magis
1328 1543 1463 1610 offendit
1495 1546 1654 1636 quisquis

610 1647 774 1738 sperando
799 1650 942 1738 tepescit.
957 1686 1003 1700 -
1018 1651 1195 1739 Participia
1219 1648 1431 1715 nihilominus
1454 1654 1575 1738 paeoni
1603 1679 1654 1717 se-

613 1753 722 1820 cundo
756 1776 942 1843 congruere
973 1753 1128 1821 videntur
1160 1758 1193 1821 in
1233 1755 1432 1821 nominativo
1465 1773 1498 1820 et
1531 1755 1652 1821 dativo

610 1858 731 1948 plurali
755 1884 874 1950 genere
899 1878 1042 1943 neutro,
1063 1877 1096 1925 ut
1123 1859 1266 1926 videntia
1293 1858 1501 1944 videntibus,
1527 1864 1650 1950 vigen-

608 1970 652 2033 tia
686 1966 897 2056 vigentibus,
935 1965 1053 2034 olentia
1097 1966 1288 2034 olentibus,
1325 1970 1459 2033 nitentia
1506 1970 1651 2036 nitenti-

610 2073 671 2139 bus
695 2098 780 2164 quse
806 2075 946 2139 nitorem
972 2098 1036 2140 non
1053 2076 1159 2139 nisum
1182 2071 1373 2163 designant,
1391 2071 1519 2138 litantia
1545 2073 1652 2142 litan-

611 2182 721 2266 tibus,
745 2182 900 2247 micantia
923 2181 1145 2263 micantibus,
1168 2179 1289 2246 luentia
1312 2179 1504 2263 luentibus,
1528 2180 1649 2248 fruen-

610 2290 654 2353 tia
677 2285 882 2371 fruentibus,
906 2291 1016 2353 euntia
1041 2289 1206 2355 euntibus·
1223 2299 1257 2348 Δ·
1275 2288 1324 2352 Da
1343 2286 1510 2354 divisionis
1534 2287 1646 2380 legem

610 2395 644 2458 in
668 2417 791 2482 paeone
813 2391 967 2459 secundo·
991 2394 1036 2457 M·
1062 2390 1345 2476 Quemadmodum
1376 2410 1561 2458 antecessor
1591 2423 1648 2465 se-

609 2499 720 2589 scupla
746 2499 940 2567 discretione
964 2497 1152 2565 dirimitur:
1175 2501 1255 2582 arsis
1276 2523 1353 2565 vero
1371 2518 1401 2564 et
1419 2500 1519 2567 tlresis
1537 2519 1569 2568 et
1590 2530 1646 2571 ae·

612 2622 725 2671 centus
752 2602 867 2669 eadem
897 2621 1082 2692 temporum
1110 2603 1223 2693 regula
1254 2601 1435 2691 funguntur
1471 2629 1574 2695 quarn
1608 2611 1645 2674 in

610 2734 734 2800 paeone
758 2711 868 2800 priore
891 2707 1028 2799 praefati
1052 2709 1172 2775 sturnus.

957 2923 1004 2986 De
1028 2943 1150 3007 paeone
1175 2921 1282 2985 tertio.

667 3149 700 3196 Δ·
723 3132 879 3221 Exempla
902 3134 1031 3220 panonia
1056 3133 1141 3197 tertii
1169 3133 1412 3220 depromantur·
1440 3134 1486 3198 M·
1512 3135 1645 3202 Nemo-

606 3261 718 3320 rosus,
743 3239 776 3303 id
795 3254 842 3304 est
862 3239 1052 3305 nemoribus
1069 3239 1191 3328 plenus.
1215 3241 1270 3305 Sic
1295 3236 1490 3321 decorosus,
1509 3244 1647 3330 specio·

606 3371 676 3428 sus,
701 3346 871 3422 rabiosus,
896 3346 1039 3409 variosus
1064 3343 1098 3406 id
1128 3361 1172 3408 est
1204 3343 1366 3407 varicibus
1390 3341 1533 3432 plenus,
1565 3370 1643 3412 sca·

607 3450 740 3516 biosuss
763 3472 955 3538 generosus,
978 3446 1197 3531 macilentus,
1220 3445 1446 3530 truculentus,
1470 3449 1649 3537 gracilen-

611 3572 684 3635 tus,
708 3551 928 3635 faeculentus,
959 3550 1154 3641 opulentus,
1178 3551 1335 3618 oriundus
1353 3601 1363 3631 ,
1394 3552 1643 3639 moribundus,

606 3659 843 3740 rudibundus,
874 3657 1073 3740 Palinurus,
1107 3659 1278 3748 paliurus:
1315 3675 1348 3721 ut
1381 3655 1465 3721 illud
1488 3694 1537 3709 -
1563 3685 1646 3724 ear-

612 3767 693 3832 duus
718 3786 749 3831 et
767 3767 865 3856 spinis
889 3783 1001 3854 surgat
1025 3766 1170 3856 paliurus
1194 3767 1379 3842 acutis-3
1403 3764 1553 3848 alienus,
1578 3792 1647 3835 sce·

606 3872 759 3956 leratus,
792 3873 959 3963 galeatus,
997 3875 1194 3955 tunicatus,
1224 3873 1420 3953 trabeatus,
1457 3892 1646 3958 cuneatus,

602 3980 793 4069 equitatus>
825 3978 1014 4067 peditatus,
1046 3981 1233 4046 comitatus,
1268 3976 1436 4067 capitalis,
1465 3977 1647 4069 glacialis,

599 4083 773 4174 specialis,
793 4083 981 4174 generalis,
1007 4083 1177 4172 lateralis,
1202 4084 1359 4154 cerealis:
1379 4101 1416 4149 ut
1434 4084 1565 4154 cereale
1590 4111 1646 4176 pa-
