3382 5206
597 557 617 602 X
971 560 1013 606 ut
1042 560 1184 607 vlnutnto

573 702 612 747 se
632 674 802 763 conficit,
830 678 893 751 uhi
914 696 946 750 et
978 704 1171 775 eognomen
1194 678 1266 750 filio
1289 678 1435 777 imponit
1456 678 1596 767 Maro,

492 832 496 843 ·
571 806 718 905 perium
747 827 789 872 eu
816 807 955 902 aritiprrr‘
988 796 1154 875 Morrnu's
1179 808 1326 906 spiritus
1350 804 1562 874 rennueret
1581 832 1594 888 ‚·

574 944 608 999 et
636 926 755 998 statim
786 928 839 999 avi
868 927 1033 1000 Martulis
1065 955 1180 1028 aeque
1212 926 1429 1024 grammatici
1462 928 1594 1000 mentio

571 1051 811 1148 consequitur.
842 1048 1000 1122 Aeneam
1029 1052 1180 1124 vicissim
1201 1049 1370 1147 Virgilius
1398 1068 1451 1125 ter
1472 1051 1594 1124 saltem

577 1203 608 1272 p.
634 1175 693 1248 60.
716 1182 773 1276 74.
804 1201 882 1276 127.
914 1204 1030 1248 rurornr
1056 1175 1234 1277 appellat3
1268 1204 1445 1277 nusquam
1474 1194 1594 1249 tamen
1667 1160 1680 1171 .

571 1305 685 1398 parnis
712 1301 854 1374 nomine
884 1301 1080 1398 indigitat:
1107 1329 1216 1400 quare
1244 1301 1339 1373 haud
1366 1300 1436 1373 seio
1456 1328 1502 1373 an
1523 1301 1596 1400 opi·

576 1423 652 1495 nari
682 1423 798 1495 adlruc
826 1424 929 1497 lineat
959 1426 1164 1522 magistrum
1190 1422 1435 1497 tantummodo
1456 1424 1594 1510 luisse,

575 1569 646 1623 non
671 1568 851 1652 parentem
876 1611 885 1642 ,
916 1552 1055 1648 Virgilii
1081 1551 1251 1625 Aeneam.
1276 1550 1417 1623 Etenim
1438 1549 1596 1622 Aeneam

577 1678 779 1774 magistrum
809 1706 912 1749 sunm
942 1679 1068 1752 diserte
1093 1677 1182 1750 dicit
1208 1676 1374 1775 Virgilius
1406 1707 1439 1778 p.
1460 1683 1517 1779 74.
1540 1676 1597 1748 ln-

575 1826 680 1899 super
700 1799 839 1898 Virgilii
870 1802 979 1873 nostri
1008 1800 1167 1898 magister
1192 1829 1211 1874 a
1239 1800 1368 1874 teneris
1387 1800 1594 1898 unguiculis

575 1923 744 2020 Virgilius
772 1924 914 1997 asianus
948 1925 1014 1998 luit
1042 1982 1052 2015 ‚
1080 1925 1143 2025 qni
1174 1954 1206 2024 p.
1241 1929 1322 2021 124.
1347 1931 1506 2025 puerulo
1538 1954 1597 2000 no·

572 2064 626 2122 tus
645 2048 870 2123 choruscant.
892 2048 1145 2124 Verumtamen
1170 2050 1376 2125 adulescens
1396 2066 1597 2150 praecepto·

576 2199 648 2243 rem
679 2173 811 2245 audivit
842 2175 1022 2248 decennio
1056 2173 1267 2247 Gratianum
1298 2175 1596 2272 grammaticum,

581 2313 617 2367 ut
636 2296 715 2391 lego
737 2298 772 2367 in
796 2298 943 2395 epitome
964 2327 995 2397 p.
1023 2299 1111 2394 143:
1138 2297 1223 2371 item
1253 2296 1462 2372 Comeliurn
1488 2324 1598 2396 gram-

466 2509 471 2515 .
575 2418 745 2489 matienm
764 2418 1050 2509 nobilissimum,
1075 2446 1178 2520 quam
1207 2445 1284 2491 rem
1313 2419 1384 2519 ipse
1416 2436 1532 2491 narrat
1565 2451 1595 2520 p.

579 2541 637 2612 38.
652 2539 749 2635 Quin
774 2544 878 2616 etiam
901 2573 931 2642 p·
950 2571 960 2613 ι
978 2571 1031 2644 ¹7·
1044 2544 1226 2642 magistros
1247 2572 1328 2615 snos
1348 2544 1495 2642 appellat
1519 2544 1598 2618 Snl-

575 2663 705 2762 pisiam
732 2668 909 2767 quandam
934 2686 965 2740 et
995 2667 1122 2741 lstium
1146 2723 1156 2756 ‚
1183 2696 1244 2766 pro
1271 2668 1400 2767 ‹prilins
1426 2697 1489 2764 ego
1518 2668 1597 2742 Sut-

577 2791 712 2889 pirium
733 2795 843 2891 legere
866 2793 984 2868 malim
1005 2812 1111 2895 atque
1132 2791 1313 2869 Histrium.
1328 2792 1496 2894 lienique
1512 2793 1598 2866 adn-

512 3012 516 3019 1
577 2918 768 2989 lescentem
790 2947 826 2990 se
853 2919 1051 2992 interfuisse
1083 2922 1272 2994 conventui
1295 2921 1598 3017 grammaticorum

393 3404 474 3467 virgili
493 3410 548 3451 reri-

410 3478 448 3527 pt·
471 3485 484 3512 v
493 3471 550 3517 nis,

410 3537 434 3574 st
459 3529 549 3588 religio.

576 3041 668 3113 lraud
692 3040 808 3113 minus
839 3043 1010 3139 triginta,
1038 3044 1085 3116 ait
1108 3044 1143 3116 in
1170 3044 1320 3142 epitome
1342 3073 1373 3141 p.
1400 3049 1480 3139 140.
1505 3042 1598 3117 Con-

579 3164 770 3262 disripulos
791 3195 872 3241 suos
894 3168 961 3266 ipse
987 3185 1155 3240 memorat
1178 3196 1208 3266 p.
1233 3169 1291 3241 23.
1313 3164 1535 3261 Latomium3
1563 3186 1595 3240 rt

579 3320 611 3392 p.
635 3293 692 3364 3ll.
714 3292 804 3366 duos
833 3294 923 3365 lilios
952 3292 1079 3367 luliani
1107 3290 1286 3366 Donatum
1316 3319 1355 3364 ac
1381 3289 1532 3370 Donom.

629 3420 662 3511 4.
686 3416 821 3514 Virgilii
839 3418 967 3517 scripta
983 3418 1155 3490 hactenus
1174 3413 1260 3487 milri
1282 3432 1363 3488 nota
1386 3435 1475 3489 sunt.
1500 3417 1524 3490 l.
1539 3415 1594 3486 lle

577 3557 657 3612 neto
678 3541 830 3636 partibus
860 3539 1023 3614 orationis
1050 3540 1215 3639 epistolae
1237 3540 1384 3612 totidem
1406 3541 1448 3612 ad
1468 3540 1598 3615 lulium

578 3666 801 3736 itomanam
812 3663 1024 3752 diaconum,
1037 3691 1128 3764 quae
1150 3692 1251 3737 nune
1272 3662 1441 3738 eduntur.
1455 3664 1499 3741 ll.
1523 3665 1594 3764 lipi·

581 3807 752 3862 tomorum
785 3787 1095 3884 grammaticalinm
1123 3789 1286 3887 epistolae
1318 3789 1521 3891 quindecim
1551 3792 1594 3864 ad

584 3912 782 3984 labienum
794 3938 942 4009 puerum
957 3913 991 3982 in
1008 3911 1162 3983 :liricam
1183 3915 1367 3987 missarum
1383 3971 1392 4003 ‚
1411 3933 1448 3986 ut
1461 3944 1502 3987 ex
1516 3945 1547 4014 p.
1563 3917 1594 3988 3.

584 4036 823 4133 intelligimus.
846 4035 916 4107 llas
935 4064 1074 4135 quoque
1098 4066 1138 4110 ex
1159 4039 1379 4139 neapolitano
1401 4038 1522 4110 codice
1543 4065 1599 4110 ex·
