3382 5206
598 498 601 503 *
689 544 733 591 nt
756 539 982 593 acerrumo.
1261 525 1320 593 tu

315 669 495 716 ¹aacrorntn
517 642 696 713 officiorum
716 638 875 733 gradibus
898 645 1129 729 eontinentur,
1142 666 1226 737 quae
1243 668 1263 712 a
1281 647 1350 736 pri·

329 776 384 820 mo
406 767 686 819 sacramentorum
704 747 822 815 ordine
840 749 1032 817 nominatim
1055 749 1205 819 distincta
1219 775 1279 842 per
1292 772 1352 820 es·

327 860 462 926 orcistas
487 874 518 925 et
540 854 707 923 acoluthos
729 857 931 924 incrementa
954 857 1114 924 virtutum
1137 860 1293 950 capiunt,
1318 876 1351 929 et

329 988 431 1056 usque
453 960 496 1030 ad
514 962 581 1052 ipsa
604 963 722 1026 summi
745 959 952 1051 pontificatus
971 960 1196 1054 gubernacula
1215 987 1254 1030 ac
1279 967 1349 1055 api-

330 1065 442 1136 ritales
456 1066 663 1135 sacerdotnm
677 1064 797 1134 infulas
815 1065 1048 1158 pedetemptim
1068 1071 1272 1164 pertingunt.
1291 1069 1350 1136 ld·

333 1175 421 1249 uirco
435 1172 705 1265 praxapostolon,
726 1172 790 1241 boc
811 1191 860 1240 est
873 1192 963 1242 uetus
977 1175 1198 1266 apostolorum
1213 1173 1351 1245 totidem

332 1280 418 1348 viros
444 1277 633 1346 diaconatus
657 1276 763 1345 officio
787 1277 936 1363 functos,
955 1295 987 1349 et
1009 1280 1196 1371 primitivae
1218 1278 1352 1372 dispen-

326 1404 446 1455 satores
470 1385 623 1454 ecclesiae
648 1385 785 1473 probat:
807 1383 847 1451 de
870 1386 990 1478 quibua
1012 1384 1134 1455 Arator
1155 1390 1280 1478 poetica
1299 1386 1350 1453 fa·
1374 1440 1383 1458 s

252 1564 254 1570 ,
328 1491 448 1557 cundia
472 1489 572 1556 fretus
600 1487 720 1556 referta

487 1598 562 1661 lura
587 1596 754 1662 ministerii
778 1594 1059 1665 neris-sturiam
1078 1600 1143 1686 apti

489 1703 527 1766 ln
551 1719 674 1789 septem
697 1717 840 1770 statuero
865 1703 955 1769 viris.

251 1827 252 1830 ’
331 1803 397 1871 Sed
412 1804 495 1893 prob
517 1801 631 1871 dolor!
646 1806 753 1870 statim
774 1805 807 1869 in
822 1805 928 1893 primo
948 1803 1062 1873 limine
1083 1804 1246 1897 religionis
1267 1828 1352 1872 con-

332 1926 382 1974 tra
408 1908 626 1975 orthodoxum
649 1908 724 1975 lidei
754 1907 901 2002 regulam
926 1909 1051 1978 caninis
1074 1910 1230 1978 latratum
1258 1911 1355 1976 ricti-

333 2015 393 2081 bus
427 2015 470 2080 ab
498 2016 613 2084 eodem
644 2034 737 2083 coetu
764 2013 896 2083 nefandi
932 2016 1115 2089 Nicolaitae
1147 2030 1356 2100 nascuntur,

298 2135 303 2143 ·
333 2141 473 2209 qnorum
491 2139 578 2187 secta
600 2144 699 2211 quam
727 2120 914 2211 perniciosis
931 2138 1080 2189 errorum
1100 2121 1265 2190 radicibus
1290 2146 1357 2212 pu·

333 2221 505 2309 lulavcrit,
523 2245 556 2294 et
573 2252 672 2318 quarn
693 2228 861 2295 venenatis
879 2225 1061 2294 haereticae
1081 2229 1249 2317 pravitatis
1270 2227 1357 2294 lron·

260 2404 271 2427 0
334 2331 431 2400 dibus
454 2339 673 2418 succreverit,
697 2333 895 2425 apocalypsis
921 2333 1065 2424 angelica
1096 2333 1253 2400 relatione
1274 2357 1357 2423 pro·

255 2436 258 2441 ⁴
333 2436 445 2526 palens
476 2438 653 2528 patefecit3
687 2439 775 2530 quod
803 2439 928 2529 quinto·
947 2437 1187 2506 baereticorum
1214 2436 1356 2528 capitulo

333 2538 536 2608 manifestius
559 2541 672 2634 liquet.
697 2541 763 2610 Sed
788 2542 830 2607 ad
852 2546 1051 2631 propositum
1075 2560 1232 2609 revertar.

379 2647 466 2713 Nam
490 2647 609 2738 duplex
640 2668 672 2715 et
695 2672 814 2737 anceps
840 2648 964 2716 nilotici
987 2650 1166 2741 regnatoris
1192 2651 1355 2715 somnium

335 2753 518 2822 futurorum
545 2758 712 2845 praesagia
735 2754 958 2844 portendens,
981 2777 1046 2846 quo
1070 2771 1222 2844 septenas
1244 2755 1357 2847 spica·

337 2886 411 2928 rum
435 2860 598 2954 glumulas
628 2859 743 2929 fertilis
771 2861 871 2927 culmi
897 2864 1083 2927 summitate
1106 2877 1359 2932 maturescentes

334 2991 409 3034 cunt
438 2966 574 3035 totidem
594 2968 724 3036 buculis
751 2967 942 3057 corpulenta
967 2967 1181 3036 crassitudine
1207 2968 1358 3059 saginatis

334 3099 469 3143 amoena
492 3076 639 3165 riparum
668 3075 788 3142 virecta
814 3072 1021 3164 carpentibus
1050 3072 1359 3169 contemplabatur,

334 3180 510 3271 praedictis
536 3204 749 3248 numerorum
769 3182 940 3272 speciebus
962 3182 1095 3248 minime
1120 3177 1278 3271 refragari
1299 3177 1360 3245 de·

334 3284 563 3376 prehenditur.
576 3284 702 3355 ·Altera
732 3310 865 3380 quoque
893 3289 1075 3355 testamenti
1101 3285 1211 3354 tabula
1236 3302 1360 3376 septem

336 3406 585 3480 praeceptorum
615 3405 728 3457 tenore
761 3390 887 3456 scribta
918 3389 1115 3481 legebatur:
1141 3407 1174 3457 et
1201 3389 1360 3456 orationia

338 3493 518 3587 dominicae
545 3495 732 3562 intercessio
757 3488 988 3585 suffragatrix,
1015 3512 1047 3561 et
1075 3493 1259 3584 purulentia
1287 3496 1360 3561 ani·
1387 3484 1390 3489 ¹

335 3623 466 3667 marum
486 3596 653 3668 ulceribus
672 3597 835 3668 medicina
853 3600 1073 3687 refocilatris,
1092 3619 1214 3692 septem
1230 3617 1364 3669 senteu-

337 3707 457 3799 tiarunt
481 3707 566 3773 serie
590 3707 794 3783 contexitur3
820 3705 982 3798 siquidem
1009 3706 1126 3775 diurna
1147 3725 1180 3775 et
1201 3698 1361 3775 noelurns

337 3808 494 3876 horarum
512 3808 682 3878 intervalla
704 3810 826 3901 quibus
842 3808 1067 3880 indesinenter
1082 3811 1176 3902 qnasi
1195 3808 1363 3901 quoddam

335 3914 557 4005 rei-publicae
577 3915 714 4010 vectigal
737 3935 769 3984 et
790 3916 901 3984 fiscale
923 3919 1084 3985 tributum
1107 3918 1292 3984 orationum
1313 3914 1366 3982 ol-

333 4021 406 4111 dein
426 4019 679 4112 persolvimus,
700 4042 833 4116 septena
858 4047 1014 4116 synaxeos
1040 4020 1279 4115 intercapidine
1305 4046 1361 4090 re-
