3382 5206
366 556 435 647 440
693 583 863 631 tonsurus
888 587 987 634 scor}

341 686 425 753 Tale
453 686 549 754 datur
569 693 713 778 pretium
736 692 869 776 mundi,
892 693 1044 761 mirabile
1068 693 1156 760 satu!

409 797 530 860 Totum
556 815 724 883 servatur,
749 797 899 864 redditur
921 816 1018 891 atquc
1040 799 1150 867 datur.

341 902 419 983 Quis
447 899 507 966 sari
532 902 638 968 valeat
664 904 748 993 quid
770 905 882 971 fecerit
904 908 971 997 ipse
996 904 1213 998 redemptor?

308 1062 311 1067 ,
410 1008 527 1097 Empto
554 1012 699 1096 potitur,
724 1010 864 1099 possidet
888 1030 919 1078 et
942 1015 1095 1102 pretium·

338 1115 369 1177 0
391 1112 448 1179 lux
471 1131 628 1205 perpetuo
655 1113 781 1206 fulgens
802 1117 1028 1209 mundumque
1055 1117 1222 1203 revelans,

402 1220 528 1287 Victrix
554 1219 748 1286 umbrarum
776 1246 856 1312 quas
877 1224 930 1310 pia
958 1220 1058 1288 corda
1081 1224 1221 1307 timent,

337 1322 455 1388 Custos
476 1325 521 1389 sis
550 1322 688 1407 Karoli,
710 1340 797 1391 tutus
823 1342 855 1391 et
879 1325 1023 1416 undique
1048 1350 1182 1407 manus,

401 1427 539 1517 Protege
564 1445 691 1517 sceptra
716 1429 762 1494 tui
791 1431 847 1520 qui
872 1433 988 1520 regitat
1017 1428 1152 1521 famuli,

331 1528 394 1597 Sat
416 1549 466 1598 sat
487 1555 667 1621 perpaucos
690 1536 834 1624 ingratos
858 1561 980 1625 ponere
1008 1561 1140 1619 versus,

404 1638 556 1709 Molestos
582 1642 648 1731 rogi
677 1640 758 1731 quid
782 1641 868 1709 valet
893 1640 1066 1713 astruere?

333 1745 429 1829 Quod
453 1745 549 1834 plane
576 1748 729 1835 perhibet
752 1751 818 1814 iam
845 1774 948 1838 nuper
973 1747 1083 1813 dedita
1109 1771 1224 1832 musa,

400 1852 525 1940 Expers
546 1853 706 1921 mercedis
729 1855 833 1921 tristis
855 1856 959 1920 inanis
987 1871 1065 1920 erat.
1382 1854 1432 1939 do.

398 1954 519 2038 Στοῒχοι
543 1952 675 2023 Ἰωάννου
698 1968 739 2037 τῷ
761 1958 883 2029 flacitei
902 1954 1049 2047 Καςὸλῳ(
1071 1957 1097 2045 ).

700 2169 887 2239 CARMEN
910 2169 984 2239 vlt.

535 2376 655 2445 Adhuc
680 2379 720 2446 de
744 2379 867 2447 Christi
891 2380 1138 2446 resurrectione.

330 2517 428 2653 Lux
450 2612 605 2678 superans
629 2591 753 2667 animas
775 2588 948 2655 hominum
972 2611 1192 2680 superumque
1210 2585 1355 2657 deorum

396 2693 536 2783 Agmina
561 2695 698 2760 terrenis
723 2692 927 2761 constabilita
954 2694 1058 2760 tonis,

327 2800 366 2865 ln
393 2802 516 2868 sinibus
540 2803 696 2892 genitoris
717 2818 807 2885 crat,
829 2799 994 2892 longeque
1019 2818 1143 2868 remota

393 2907 546 2974 Sensibili
571 2907 695 2973 mundo
717 2909 935 2999 empyrioque
957 2906 1053 2997 polo,

326 3011 520 3079 incarnatus
543 3029 613 3077 erat
636 3011 785 3079 Christos
813 3010 854 3077 de
877 3013 1003 3102 virgine
1025 3022 1197 3095 nascens,'
1380 3023 1412 3087 5,

394 3118 547 3186 Confixus
570 3117 678 3209 ligno,
706 3116 856 3184 conditas
880 3134 980 3208 atque
1003 3108 1097 3199 τῖιφῳ.

325 3222 473 3312 Corpore
497 3221 555 3288 sed
579 3223 741 3306 moriens,
765 3223 874 3290 virens
897 3224 1068 3312 animoque
1090 3223 1249 3311 Deoque,

392 3327 453 3395 Ast
477 3331 564 3396 Deus
585 3345 617 3397 et
640 3331 798 3411 moritur,
822 3329 910 3395 vivat
935 3345 971 3394 ut
993 3328 1062 3417 ipsa
1085 3351 1174 3395 caro.

325 3436 420 3502 Mens
443 3437 595 3518 erebum,
619 3458 736 3523 corpus
760 3453 904 3524 petram,
926 3450 1016 3501 tenet
1041 3434 1148 3500 omnia
1175 3459 1334 3524 numen,

345 3612 349 3619 ,
388 3543 428 3607 Iu
451 3542 557 3607 tribus
580 3557 627 3607 est
653 3564 735 3605 unos
759 3563 896 3629 corpore
921 3556 1030 3606 mente
1054 3540 1136 3605 Deo.
1271 3610 1279 3625 ·
1384 3575 1435 3619 ¹0,

320 3630 495 3737 Pirstquam
517 3666 578 3735 per
600 3643 749 3710 triduum
771 3661 876 3710 totum
902 3643 1100 3712 destruxerat
1121 3641 1219 3724 eras,

387 3758 492 3823 Totus
519 3754 675 3832 surrexit,
702 3750 750 3817 nil
778 3770 966 3820 remanente
994 3755 1108 3820 minus.

318 3859 477 3928 Ascendit
501 3877 608 3945 totus,
636 3876 740 3926 totum
766 3860 848 3950 regit
876 3859 983 3948 aspice
1007 3857 1193 3942 mundum,

395 4018 443 4085 (1)
465 4015 516 4066 Hic
543 4031 649 4086 quoquc
667 4013 811 4069 versiculus
831 4025 869 4069 est
889 4013 960 4086 apud
979 4012 1084 4082 glossar·
1102 4011 1152 4066 tac.
1171 4010 1218 4063 cit.
