3382 5206
536 484 559 521 Χ

349 585 420 660 388
716 611 743 655 s.
770 605 960 656 annornm

323 710 493 805 Angelicis
519 716 635 781 turmis
657 712 698 778 ad
720 710 801 779 caeli
822 710 965 779 culmina
987 712 1129 797 ductus,

323 817 496 886 Caelicolis
527 820 655 885 iunctus
674 816 815 885 laetatur
836 834 922 884 sorte
944 842 1092 907 superna.

321 921 396 989 Post
419 923 508 990 hunc
523 924 678 990 successit
700 921 791 990 bello
813 921 949 992 samosns
974 941 1005 990 et
1032 925 1131 991 armis

319 1028 386 1095 Rex
406 1028 585 1097 Ceduvalla
601 1031 649 1116 (ι)
664 1046 779 1119 potens
797 1032 890 1119 regni
913 1052 1069 1119 possessor
1088 1047 1120 1095 et
1142 1028 1246 1095 heres.

318 1129 387 1198 sed
403 1156 476 1201 mox
495 1135 668 1224 imperinm
691 1132 805 1198 mundi
827 1151 1055 1225 sceptrumque
1071 1132 1277 1222 relinquens,

322 1235 472 1326 Turgida
497 1262 572 1304 cum
603 1239 727 1303 ratibus
749 1235 897 1303 sulcabat
922 1234 1053 1301 caerula
1077 1237 1211 1319 curvis,
1372 1257 1427 1302 ao.

321 1338 366 1405 Et
387 1341 484 1408 maris
504 1366 680 1447 aequoreos
701 1340 859 1407 lustrabat
877 1342 1026 1431 regmine
1047 1339 1093 1428 (a)
1115 1365 1255 1431 campos·

323 1441 442 1537 Algida
462 1452 598 1515 ventosis
621 1447 988 1538 crepitabant.carbasa
1008 1447 1121 1512 flabris
1137 1487 1146 1516 a

321 1551 432 1621 Donec
457 1554 557 1620 barca
579 1553 654 1619 rudi
677 1552 828 1642 pulsabat
848 1551 960 1618 littora
983 1568 1097 1619 nostre.
1177 1626 1180 1631 ,

322 1655 406 1722 Exin
427 1658 590 1724 nimbosas
610 1656 810 1723 transcendit
834 1657 979 1745 passibus
1003 1654 1090 1745 alpes

322 1755 508 1849 Aggeribus
533 1762 632 1828 niveis
651 1777 683 1827 et
705 1760 824 1826 montis
845 1761 967 1825 vertice
986 1778 1101 1849 septas.

323 1861 424 1928 Cuius
445 1867 480 1928 in
507 1864 648 1928 adventu
671 1861 792 1952 gaudet
819 1860 990 1930 clementia
1025 1868 1170 1932 Romae,

323 1967 367 2032 Et
389 1969 485 2034 simul
513 1968 666 2035 ecclesiae
688 1967 827 2034 laetatur
851 1965 956 2036 clerus
978 1970 1013 2033 in
1037 1972 1145 2054 urbe,

323 2079 410 2144 Dum
433 2077 537 2168 mergi
562 2075 679 2140 meruit
711 2074 863 2161 baptismi
887 2077 1014 2165 gurgite
1043 2074 1130 2144 felix.

322 2185 398 2252 Post
421 2180 511 2248 albas
532 2183 633 2272 igitur
659 2182 775 2246 morbo
794 2198 964 2269 correptus
988 2185 1145 2272 egrescit,

321 2292 435 2357 Donec
463 2287 609 2355 mortalis
638 2285 752 2351 clausit
772 2286 933 2375 spiracula
957 2291 1064 2370 vitae,

323 2397 400 2466 Alta
424 2421 638 2486 supernorum
668 2399 863 2486 conquirens
886 2421 988 2488 regna
1010 2396 1179 2487 polorum,

251 2563 267 2581 f
323 2503 632 2591 Clarum⁸snlligeri
662 2502 879 2568 conscendens
905 2502 1036 2568 culmen
1057 2502 1188 2596 olympi.

321 2610 387 2678 Sed
415 2610 465 2675 his
491 2608 696 2695 principibus
718 2605 845 2672 caelum
874 2610 1123 2695 penetrantibus
1146 2608 1276 2692 altum,

410 2807 449 2875 (a)
466 2811 504 2854 Al.
521 2826 619 2866 remige·

410 2968 455 3035 (t)
477 2967 514 3017 De
532 2965 582 3016 hoe
606 2961 708 3014 scilieet
734 2978 792 3027 rege
811 2973 849 3013 est
869 2978 973 3011 carmen
993 2962 1017 3010 S.
1039 2962 1174 3014 Benedicti
1195 2964 1283 3033 Crispi
1304 2983 1349 3015 ar·

324 3056 410 3124 ebiep.
429 3050 539 3105 mediol.
558 3049 631 3118 quod
656 3048 684 3099 in
708 3047 757 3099 boc
785 3048 916 3100 volumine
941 3048 1122 3101 exhibebitur.
1143 3050 1271 3120 Baptismi
1291 3051 1350 3103 eius

325 3159 424 3194 aritium
448 3148 523 3191 notat
548 3135 619 3188 Beda
643 3133 709 3186 hist.
733 3133 778 3185 lib.
803 3133 835 3183 V.
856 3151 881 3206 7.
901 3137 1096 3204 Pontificatum
1115 3143 1212 3206 ugente
1232 3140 1349 3208 Sergio,

328 3232 486 3300 baptizatus
506 3221 690 3296 (Ceduvnlta)
705 3221 751 3272 die
766 3234 862 3273 sancto
876 3226 979 3275 sathan·
992 3223 1152 3293 paschalis.
1171 3243 1244 3274 atino
1260 3228 1293 3276 ab
1307 3228 1351 3277 itt-

325 3317 489 3368 carnatione
513 3311 624 3361 Domini
638 3311 829 3359 sexcentesimo
847 3313 1008 3378 octogesimo
1022 3330 1105 3360 trotio:
1120 3325 1147 3361 ct
1164 3315 1193 3361 in
1209 3312 1280 3362 albis
1294 3312 1350 3363 ad·

327 3403 380 3456 bue
391 3406 498 3473 positus
512 3438 518 3456 ‚
531 3402 668 3470 languore
682 3409 840 3465 correptus,
851 3397 1010 3450 ‹ltindeeimo
1023 3400 1204 3455 kalendorum
1213 3403 1349 3451 insciorum

324 3493 371 3544 die
393 3493 502 3542 solutus
523 3498 562 3537 est
580 3506 596 3537 a
617 3485 780 3536 carne01les
806 3484 886 3549 igitur
912 3486 1027 3552 contigit
1049 3487 1155 3539 vivente
1180 3504 1209 3537 ac
1237 3488 1350 3540 ssorente

327 3579 467 3635 Aldliclmo
481 3585 587 3630 nostro,
605 3572 652 3642 qui
668 3588 751 3640 usquc
766 3571 800 3622 ad
814 3571 917 3625 Christi
932 3592 1028 3625 annum
1042 3591 1101 3647 709.
1121 3575 1263 3647 superfuit.
1284 3578 1349 3628 ltem

324 3666 423 3720 Paulus
447 3664 574 3715 diaeonus
597 3660 661 3712 bist·
686 3661 765 3724 Long-
792 3660 839 3709 Vl.
862 3657 909 3714 15:
933 3661 1092 3714 Cedoaldus
1117 3681 1167 3714 rer
1192 3666 1349 3736 Anglorum

326 3759 464 3809 Saxonum
478 3788 485 3808 ,
504 3753 555 3822 qni
575 3750 666 3800 multa
685 3750 715 3798 in
736 3765 787 3798 tua
797 3751 890 3815 patria
904 3751 976 3801 bella
989 3763 1133 3823 gesserat,
1151 3749 1190 3800 ad
1213 3751 1350 3803 Christum

326 3859 472 3894 conversus
492 3841 597 3890 Ilnmam
614 3837 769 3905 properavit
791 3846 844 3888 etc.
868 3838 954 3888 Cuius
973 3855 1071 3906 corpus
1090 3839 1120 3886 in
1139 3839 1254 3887 basilica
1276 3842 1353 3891 beati

327 3929 406 3983 Petri
424 3927 560 3996 sepultum
581 3934 642 3978 est.
661 3933 685 3973 et
703 3920 753 3971 boe
773 3939 854 3990 super·
874 3943 900 3974 se
919 3925 1084 3996 epitaphium
1110 3927 1270 4001 inscriptum
1298 3928 1351 3981 ta-

326 4015 379 4067 bet·
398 4012 498 4082 Nempe
519 4009 584 4061 illud
606 4026 620 4059 a
639 4008 782 4062 Benedicta
801 4009 983 4082 compositum.
