3382 5206
390 535 460 626 4¹0
706 560 886 612 uraarrucr
912 563 1041 613 erucis

367 665 465 730 Felici
492 684 643 732 ‹zesrtenos
668 691 762 735 cursu
785 688 893 737 rectus
913 672 947 737 in
970 694 1068 737 anuos
1091 661 1095 669 ⁵

363 768 460 836 Alma
482 770 560 837 fides
582 773 714 839 obviam
735 779 909 844 comitante
932 776 1065 843 cohorte
1083 798 1236 858 sororum,

361 878 530 943 Virtutum
556 880 686 946 venicus
709 881 867 948 Karolum
887 907 985 972 super
1004 898 1088 948 astra
1108 879 1259 962 levabit,

361 981 554 1072 Perpetuam
576 986 724 1054 tribuens
747 989 879 1057 Christo
903 1005 1087 1079 praestante
1109 1009 1275 1053 coronam.

360 1087 516 1156 Versibus
538 1090 736 1180 incomptis,
759 1117 885 1160 summo
904 1092 961 1161 scd
980 1093 1097 1161 mentis
1117 1115 1232 1158 amore

364 1192 450 1259 Haec
473 1196 532 1260 tibi
562 1197 762 1280 conficiens,
783 1199 932 1283 Caesar,
955 1198 1088 1288 dignare
1113 1222 1256 1287 superne

362 1296 503 1364 Munera
531 1323 653 1390 quaeso
678 1303 722 1366 tui
749 1302 854 1369 devoti
881 1328 1008 1369 sumere
1027 1304 1121 1369 serui⁴

364 1441 449 1578 His
470 1534 527 1601 ego
557 1509 709 1577 litterulis
733 1512 855 1579 domiui
882 1514 1021 1604 deposco
1048 1510 1184 1578 salutem

431 1621 624 1706 Perpetuam
645 1618 758 1685 Karoli
779 1615 926 1684 servulus
945 1620 1013 1706 ipse
1035 1618 1095 1684 sui.

363 1723 420 1788 His
448 1738 480 1788 te
504 1722 671 1812 praeclara
693 1724 872 1792 Gundrada
893 1729 939 1808 (t)
960 1723 1062 1789 salicto
1086 1720 1223 1811 puella,

428 1830 517 1914 Quae
538 1818 616 1895 ¹licet
637 1854 693 1897 ore
717 1832 848 1914 nitens,
871 1830 1044 1920 pulchrior
1068 1856 1101 1897 es
1124 1831 1252 1895 merito.

362 1933 486 1999 Littera
509 1934 623 2001 festina
656 1923 806 2004 dominae
827 1936 976 2004 conferre
995 1935 1133 2003 salutem

427 2038 628 2108 Guudradne
651 2043 801 2132 egregiae
823 2043 969 2109 moribus
990 2059 1021 2108 et
1045 2038 1138 2107 facie.

728 2253 786 2317 111.
806 2272 849 2319 au
873 2274 1024 2320 eunoun.

366 2396 480 2530 Haec
503 2480 550 2529 est
573 2480 678 2529 vostra
698 2463 779 2532 fides
804 2462 885 2528 caeli
904 2486 987 2555 quae
1011 2462 1100 2529 ducit
1126 2461 1169 2526 ad
1187 2420 1323 2528 anam,

431 2571 523 2636 Hanc
544 2585 678 2652 teneat,
697 2572 848 2661 requiem
872 2570 1019 2659 quisquis
1040 2569 1167 2634 habere
1194 2560 1297 2658 cupit.

361 2677 419 2743 Est
440 2679 528 2742 entim
547 2677 648 2742 virtus
672 2679 797 2744 cunctis
825 2676 1032 2747 credentibus
1058 2677 1166 2767 ampla

180 2787 340 2853 'wi-rit*
432 2785 527 2852 More
549 2782 614 2849 fide
633 2784 719 2849 trino
746 2808 869 2874 speque
889 2786 908 2823 ¹*
926 2783 1058 2872 placere
1073 2786 1153 2849 Deo.

360 2889 512 2958 Summus
541 2914 621 2979 apex
644 2889 783 2958 Karolus
812 2915 923 2956 caesar
946 2915 1006 2979 par
1029 2891 1119 2957 orbis
1135 2891 1274 2979 opima,

166 2990 345 3062 '‘csoutooes.
435 2998 520 3063 Huic
539 3014 660 3065 turmas
683 2997 856 3064 homiuum
878 2997 1020 3066 subdere
1046 2995 1131 3065 coila
1153 2995 1255 3062 dccet.
1278 2994 1300 3032 ⁴²

448 3227 490 3299 (t)
510 3227 657 3280 Gundroda
676 3226 730 3280 iilia
751 3227 898 3286 uernuuu,
915 3226 962 3296 qui
982 3224 1071 3280 Caroli
1090 3225 1178 3294 magni
1197 3236 1309 3297 patruus
1328 3227 1392 3281 tuis.

363 3314 537 3370 Gundratlam
556 3317 625 3367 hanc
644 3317 791 3386 patrtselem
811 3334 885 3368 suam
903 3333 1004 3369 summo
1026 3314 1054 3368 in
1072 3314 1171 3368 honore
1188 3333 1277 3368 secum
1299 3316 1325 3368 iu
1345 3334 1395 3386 pa·

364 3402 430 3456 latio
444 3401 556 3455 Carolus
572 3400 713 3454 retinebat·
724 3403 766 3455 Ad
782 3403 975 3460 Gundrodom,
993 3414 1168 3470 cognomento
1181 3414 1212 3456 ut
1226 3402 1306 3455 moris
1325 3412 1394 3455 tunc

361 3501 419 3544 erat
438 3489 586 3546 Eulaliam.
604 3488 699 3541 scribit
719 3491 846 3544 Aieuiuus
865 3490 1004 3561 epistolum
1022 3488 1088 3555 184.
1106 3491 1216 3559 eiusque
1234 3490 1392 3543 castitatem

363 3577 464 3629 laudat.
483 3575 585 3628 ibidem
604 3593 666 3628 vcro
687 3576 714 3628 in
733 3577 823 3630 adnot
837 3578 920 3630 multo
938 3577 1026 3629 adhuc
1046 3576 1205 3628 incolentior
1224 3576 1392 3630 Gundradae

362 3665 420 3719 laus
439 3665 610 3719 recitaturos
630 3665 770 3719 Paschasio
789 3664 978 3720 uniberto-Ad
998 3664 1172 3718 Guudradam
1190 3681 1235 3716 seu
1255 3664 1391 3717 Eutstiam

363 3754 471 3826 scripsit
491 3755 643 3825 praedictus
663 3755 792 3810 Aleuiuus
810 3754 908 3807 librum
926 3753 974 3823 qui
994 3764 1069 3806 extat
1087 3753 1122 3803 de
1142 3756 1252 3804 ratione
1271 3756 1395 3806 atrimae.

365 3841 469 3893 Pulsum
488 3841 516 3893 iu
532 3840 641 3894 exilium
657 3860 671 3892 a
687 3840 824 3893 Lndnvico
837 3839 926 3895 Caroli
940 3856 1089 3893 successore
1102 3849 1224 3891 narratur
1246 3838 1272 3892 in
1295 3839 1395 3893 adnot.

368 3926 402 3978 od
423 3925 529 3980 Alcuiui
547 3927 685 3999 epistolum
705 3941 766 3981 «ω.
