3382 5206
372 539 422 615 68

446 681 640 759 INCIPIT
663 679 872 781 QUARTA
894 681 961 758 DE
982 682 1247 760 ADVERBIO.

468 1053 499 1100 r.
529 933 707 1104 Omnis
726 1026 812 1100 urbs
833 1028 973 1100 munita
996 1043 1033 1100 et
1046 1027 1164 1100 cincta
1181 1028 1273 1103 cives
1287 1030 1364 1103 bos·

347 1146 445 1223 tibus
463 1173 538 1221 non
553 1146 693 1223 tradet:
713 1146 762 1219 ita
775 1145 942 1220 historica
958 1146 1129 1246 expositio
1151 1149 1181 1221 si
1203 1166 1300 1223 recte
1317 1177 1359 1223 ac

349 1266 548 1343 rotabunde
570 1266 684 1343 luerit
708 1265 889 1367 perordita
916 1323 927 1357 ,
952 1265 1089 1341 nullius
1119 1268 1364 1366 reprehensio-

350 1387 408 1463 nis
423 1387 544 1463 locum
557 1386 710 1462 ulterius
723 1386 878 1463 habehit.
894 1384 1006 1461 Unde
1021 1412 1087 1459 nos
1110 1384 1273 1461 doctores
1295 1414 1367 1459 mo-

350 1525 445 1585 nent
462 1525 504 1584 ut
522 1534 645 1582 omnes
661 1523 756 1579 artes
772 1533 848 1578 non
862 1506 976 1580 solum
989 1507 1203 1607 principales
1218 1564 1228 1597 ,
1242 1534 1368 1581 verum

353 1626 463 1700 etiam
482 1623 680 1699 mediocres
699 1641 807 1729 atque
822 1623 993 1698 officiales
1011 1680 1021 1713 ,
1038 1642 1131 1698 recte
1148 1626 1189 1698 in
1204 1652 1370 1725 praecep

353 1746 400 1821 tis
421 1746 467 1848 (a)
485 1761 700 1820 statuantur.
714 1743 869 1844 Propter
889 1744 985 1843 quod
1012 1761 1048 1817 et
1071 1772 1134 1842 ego
1158 1801 1168 1834 ,
1192 1746 1277 1844 quia
1303 1743 1370 1818 tibi

356 1867 403 1941 de
431 1865 578 1939 nornine
606 1893 648 1939 ac
674 1863 886 1968 pronomine
912 1863 1103 1937 breviarias
1133 1865 1370 1965 expositiones

355 2013 420 2087 per
446 1984 607 2086 epistolas
630 1983 870 2057 intimaverim
891 2039 901 2072 ,
921 1982 1110 2056 inferiores
1130 2013 1272 2085 quoque
1295 2011 1373 2084 par-

356 2121 411 2180 tes
432 2103 656 2179 brevioribus
674 2102 823 2205 quidem
849 2104 910 2178 sed
933 2103 1052 2203 spissis
1070 2104 1118 2203 (b)
1144 2104 1299 2202 epistolis
1319 2131 1374 2176 ex-

356 2224 518 2325 planabo.
540 2221 758 2297 Praesertim
788 2249 872 2295 cum
895 2227 932 2294 in
958 2222 1120 2320 epitomis
1143 2223 1188 2295 de
1203 2223 1279 2295 ·III·
1297 2251 1374 2322 par-

356 2344 454 2419 tibus
476 2369 595 2417 unum
617 2342 689 2415 leci
711 2340 949 2441 opusculum,
969 2368 1061 2440 quae
1083 2341 1243 2415 residuae
1263 2358 1372 2430 sunt,
1451 2322 1455 2335 ι

357 2463 524 2537 adverbio
537 2462 693 2551 scilicet,
711 2461 899 2562 participio
914 2517 924 2550 ,
938 2459 1207 2534 coniunctione.
1216 2461 1278 2533 Ab
1297 2461 1372 2548 bis,

359 2581 391 2655 si
411 2581 573 2681 proprias
596 2580 750 2653 babeant
769 2579 956 2679 epistolas,
978 2580 1082 2680 paulo
1104 2580 1211 2653 latius
1238 2579 1373 2679 aliquid

360 2698 563 2799 legentibus
588 2699 796 2772 conseretur
818 2697 863 2771 ad
885 2724 1038 2773 sensum.

467 2846 500 2892 2.
526 2816 751 2892 Adverbium
770 2845 854 2916 ergo
879 2835 931 2891 est
951 2835 1078 2918 quarta
1100 2816 1273 2890 orationis
1300 2844 1376 2915 par·

362 2936 494 3029 ticula,
514 2965 607 3037 quae
626 2937 711 3038 quia
725 2937 831 3011 verbo
848 2936 1038 3026 adhaeret,
1061 2936 1268 3010 adverbium
1282 2965 1377 3011 nun·

363 3075 516 3158 cupatur
535 3087 546 3154 3
567 3058 662 3131 sicut
677 3084 874 3158 pronomen
896 3085 938 3130 ex
953 3056 1110 3130 nominis
1124 3058 1377 3131 communione

363 3194 516 3252 vocatur.
531 3175 603 3249 Sed
624 3178 697 3250 huc
712 3176 870 3277 quaestio
889 3175 1060 3253 adcurrit.
1072 3174 1179 3248 Forte
1201 3175 1299 3247 enim
1321 3175 1381 3248 ali·

364 3297 446 3398 quis
472 3297 633 3395 inquirat
660 3352 669 3386 ,
693 3296 788 3396 quod
816 3324 890 3369 non
917 3296 1042 3370 dubito
1071 3313 1287 3367 eventurum
1314 3352 1324 3383 ‚
1350 3296 1380 3367 si

365 3433 551 3520 propterea
579 3414 787 3488 adverbium
811 3430 958 3487 vocatur
975 3470 984 3504 ,
1004 3412 1089 3512 quia
1107 3414 1213 3486 verbo
1241 3440 1380 3510 semper
1439 3476 1440 3480 ,

365 3532 578 3630 adiungitur
590 3591 600 3625 ,
612 3560 683 3634 quo
703 3532 849 3606 nomine
863 3533 1085 3607 vocabuntur
1100 3530 1265 3603 adverbia
1290 3557 1382 3602 com-

366 3651 518 3755 parandi
535 3670 570 3725 et
588 3652 766 3753 qualitatis
787 3668 820 3725 et
836 3651 1072 3752 quantitatis,
1093 3679 1182 3750 quae
1203 3675 1383 3723 nonnum·

367 3796 476 3874 quam
494 3797 570 3847 non
591 3771 695 3844 verbo
721 3786 865 3845 tanturn
887 3769 947 3842 sed
967 3768 1046 3842 aliis
1068 3767 1231 3868 partibus
1257 3767 1384 3840 adiun-

433 3948 472 4013 (ι)
488 3954 578 3999 eod-tu
589 3960 678 4013 prosis.
708 3952 747 4017 (b)
764 3957 806 4000 I’ro
821 3954 865 3998 ead
880 3958 978 4011 spirate.
994 3961 1030 3999 ost
1040 3954 1063 3998 in
1075 3950 1126 3998 eod.
1142 3949 1303 4010 eompeudIutn
1320 3950 1380 3996 baud

374 4030 442 4082 vata·
458 4032 563 4081 absimile
597 4032 659 4095 qaod
674 4048 717 4081 non
734 4036 792 4080 ratis
808 4030 909 4093 explico·
926 4031 970 4079 tol
985 4031 1042 4079 dic:
1057 4031 1101 4078 sed
1113 4033 1257 4092 peroptanti·
