<?xml version="1.0" encoding="UTF-8"?>
<!DOCTYPE html PUBLIC "-//W3C//DTD XHTML 1.0 Transitional//EN"
    "http://www.w3.org/TR/xhtml1/DTD/xhtml1-transitional.dtd">
<html xmlns="http://www.w3.org/1999/xhtml" xml:lang="en" lang="en">
 <head>
  <title>
</title>
<meta http-equiv="Content-Type" content="text/html;charset=utf-8" />
  <meta name='ocr-system' content='tesseract 3.04.00' />
  <meta name='ocr-capabilities' content='ocr_page ocr_carea ocr_par ocr_line ocrx_word'/>
</head>
<body>
  <div class='ocr_page' id='page_1' title='image "./classicorumauct00vatigoog_0059.png"; bbox 0 0 3382 5206; ppageno 0'>
   <div class='ocr_carea' id='block_1_1' title="bbox 354 569 983 627">
    <p class='ocr_par' dir='ltr' id='par_1_1' title="bbox 354 569 983 627">
     <span class='ocr_line' id='line_1_1' title="bbox 354 569 983 627; baseline -0.002 -12"><span class='ocrx_word' id='word_1_1' title='bbox 354 570 404 616; x_wconf 74' lang='lat' dir='ltr'><strong>tu</strong></span> <span class='ocrx_word' id='word_1_2' title='bbox 689 569 731 615; x_wconf 77' lang='lat' dir='ltr'><strong>D!</strong></span> <span class='ocrx_word' id='word_1_3' title='bbox 758 571 782 618; x_wconf 78' lang='lat' dir='ltr'><strong>S.</strong></span> <span class='ocrx_word' id='word_1_4' title='bbox 808 569 983 627; x_wconf 69' lang='lat' dir='ltr'><strong>ammo</strong></span> 
     </span>
    </p>
   </div>
   <div class='ocr_carea' id='block_1_2' title="bbox 318 684 1344 1037">
    <p class='ocr_par' dir='ltr' id='par_1_2' title="bbox 318 684 1344 1037">
     <span class='ocr_line' id='line_1_2' title="bbox 330 684 1344 786; baseline 0 -25"><span class='ocrx_word' id='word_1_5' title='bbox 330 687 459 761; x_wconf 81' lang='lat' dir='ltr'><strong>confici</strong></span> <span class='ocrx_word' id='word_1_6' title='bbox 478 688 603 786; x_wconf 77' lang='lat' dir='ltr'><strong>possit:</strong></span> <span class='ocrx_word' id='word_1_7' title='bbox 624 686 823 786; x_wconf 84' lang='lat' dir='ltr'><strong>etquidem</strong></span> <span class='ocrx_word' id='word_1_8' title='bbox 843 686 880 756; x_wconf 88' lang='lat' dir='ltr'><strong>in</strong></span> <span class='ocrx_word' id='word_1_9' title='bbox 903 684 1056 786; x_wconf 84' lang='lat' dir='ltr'><strong>capitulo</strong></span> <span class='ocrx_word' id='word_1_10' title='bbox 1078 685 1123 759; x_wconf 86' lang='lat' dir='ltr'><strong>de</strong></span> <span class='ocrx_word' id='word_1_11' title='bbox 1144 684 1266 760; x_wconf 88' lang='lat' dir='ltr'><strong>ionico</strong></span> <span class='ocrx_word' id='word_1_12' title='bbox 1285 688 1344 761; x_wconf 89' lang='lat' dir='ltr'><strong>mi·</strong></span> 
     </span>
     <span class='ocr_line' id='line_1_3' title="bbox 326 810 1341 914; baseline -0.002 -28"><span class='ocrx_word' id='word_1_13' title='bbox 326 834 414 887; x_wconf 88' lang='lat' dir='ltr'><strong>nore</strong></span> <span class='ocrx_word' id='word_1_14' title='bbox 436 844 467 914; x_wconf 91' lang='lat' dir='ltr'><strong>p.</strong></span> <span class='ocrx_word' id='word_1_15' title='bbox 491 812 697 912; x_wconf 82' lang='lat'><strong>569-570‚</strong></span> <span class='ocrx_word' id='word_1_16' title='bbox 723 812 886 884; x_wconf 82' lang='lat' dir='ltr'><strong>notabilis</strong></span> <span class='ocrx_word' id='word_1_17' title='bbox 913 810 1107 885; x_wconf 86' lang='lat' dir='ltr'>admodum</span> <span class='ocrx_word' id='word_1_18' title='bbox 1132 827 1267 887; x_wconf 85' lang='lat' dir='ltr'><strong>tractus</strong></span> <span class='ocrx_word' id='word_1_19' title='bbox 1293 829 1341 886; x_wconf 82' lang='lat' dir='ltr'><strong>est</strong></span> 
     </span>
     <span class='ocr_line' id='line_1_4' title="bbox 318 933 1339 1037; baseline 0.002 -29"><span class='ocrx_word' id='word_1_20' title='bbox 318 936 368 1009; x_wconf 84' lang='lat' dir='ltr'><strong>de</strong></span> <span class='ocrx_word' id='word_1_21' title='bbox 395 938 561 1010; x_wconf 67' lang='lat' dir='ltr'><strong>confusae</strong></span> <span class='ocrx_word' id='word_1_22' title='bbox 584 933 788 1010; x_wconf 82' lang='lat' dir='ltr'><strong>animalium</strong></span> <span class='ocrx_word' id='word_1_23' title='bbox 809 936 907 1010; x_wconf 80' lang='lat' dir='ltr'><strong>vocis</strong></span> <span class='ocrx_word' id='word_1_24' title='bbox 932 933 1049 1008; x_wconf 86' lang='lat' dir='ltr'><strong>latinis</strong></span> <span class='ocrx_word' id='word_1_25' title='bbox 1073 933 1251 1007; x_wconf 78' lang='lat' dir='ltr'><strong>vocabulis</strong></span> <span class='ocrx_word' id='word_1_26' title='bbox 1277 938 1339 1037; x_wconf 75' lang='grc' dir='ltr'><strong>(ι)</strong></span> 
     </span>
    </p>
   </div>
   <div class='ocr_carea' id='block_1_3' title="bbox 321 1059 1341 1155">
    <p class='ocr_par' dir='ltr' id='par_1_3' title="bbox 321 1059 1341 1155">
     <span class='ocr_line' id='line_1_5' title="bbox 321 1059 1341 1155; baseline 0 -22"><span class='ocrx_word' id='word_1_27' title='bbox 321 1059 582 1136; x_wconf 77' lang='lat' dir='ltr'><strong>Verumtamen</strong></span> <span class='ocrx_word' id='word_1_28' title='bbox 613 1059 706 1133; x_wconf 88' lang='lat' dir='ltr'><strong>hanc</strong></span> <span class='ocrx_word' id='word_1_29' title='bbox 731 1062 960 1155; x_wconf 16' lang='lat' dir='ltr'><strong>‘otiosioribus</strong></span> <span class='ocrx_word' id='word_1_30' title='bbox 988 1060 1137 1135; x_wconf 86' lang='lat' dir='ltr'><strong>eruditis</strong></span> <span class='ocrx_word' id='word_1_31' title='bbox 1167 1059 1341 1134; x_wconf 87' lang='lat' dir='ltr'><strong>adornan-</strong></span> 
     </span>
    </p>
   </div>
   <div class='ocr_carea' id='block_1_4' title="bbox 318 1183 1341 1511">
    <p class='ocr_par' dir='ltr' id='par_1_4' title="bbox 318 1183 1341 1511">
     <span class='ocr_line' id='line_1_6' title="bbox 318 1183 1341 1285; baseline 0 -27"><span class='ocrx_word' id='word_1_32' title='bbox 318 1183 402 1259; x_wconf 84' lang='lat' dir='ltr'><strong>dam</strong></span> <span class='ocrx_word' id='word_1_33' title='bbox 425 1187 603 1263; x_wconf 79' lang='lat' dir='ltr'><strong>latinitatis</strong></span> <span class='ocrx_word' id='word_1_34' title='bbox 626 1185 830 1284; x_wconf 83' lang='lat' dir='ltr'><strong>anglicanae</strong></span> <span class='ocrx_word' id='word_1_35' title='bbox 851 1202 1004 1285; x_wconf 86' lang='lat' dir='ltr'><strong>spartam</strong></span> <span class='ocrx_word' id='word_1_36' title='bbox 1022 1185 1256 1285; x_wconf 83' lang='lat' dir='ltr'><strong>relinquens,</strong></span> <span class='ocrx_word' id='word_1_37' title='bbox 1281 1212 1341 1259; x_wconf 89' lang='lat' dir='ltr'><strong>au·</strong></span> 
     </span>
     <span class='ocr_line' id='line_1_7' title="bbox 319 1306 1338 1407; baseline -0.004 -24"><span class='ocrx_word' id='word_1_38' title='bbox 319 1326 461 1383; x_wconf 88' lang='lat' dir='ltr'><strong>ctorum</strong></span> <span class='ocrx_word' id='word_1_39' title='bbox 483 1308 726 1386; x_wconf 85' lang='lat' dir='ltr'><strong>tantummodo</strong></span> <span class='ocrx_word' id='word_1_40' title='bbox 749 1309 792 1381; x_wconf 86' lang='lat' dir='ltr'><strong>ab</strong></span> <span class='ocrx_word' id='word_1_41' title='bbox 813 1307 997 1382; x_wconf 76' lang='lat' dir='ltr'><strong>Atdhetmo</strong></span> <span class='ocrx_word' id='word_1_42' title='bbox 1023 1307 1250 1383; x_wconf 83' lang='lat' dir='ltr'><strong>laudatorum</strong></span> <span class='ocrx_word' id='word_1_43' title='bbox 1274 1306 1338 1407; x_wconf 81' lang='lat' dir='ltr'><strong>syl·</strong></span> 
     </span>
     <span class='ocr_line' id='line_1_8' title="bbox 319 1431 623 1511; baseline 0.01 -7"><span class='ocrx_word' id='word_1_44' title='bbox 319 1431 436 1506; x_wconf 84' lang='lat' dir='ltr'><strong>labum</strong></span> <span class='ocrx_word' id='word_1_45' title='bbox 461 1432 623 1511; x_wconf 86' lang='lat' dir='ltr'><strong>scribam.</strong></span> 
     </span>
    </p>
   </div>
   <div class='ocr_carea' id='block_1_5' title="bbox 323 1768 1329 2682">
    <p class='ocr_par' dir='ltr' id='par_1_5' title="bbox 323 1768 1329 2682">
     <span class='ocr_line' id='line_1_9' title="bbox 399 1768 1328 1853; baseline 0.002 -19"><span class='ocrx_word' id='word_1_46' title='bbox 399 1779 444 1851; x_wconf 87' lang='lat'><strong>(1)</strong></span> <span class='ocrx_word' id='word_1_47' title='bbox 464 1780 497 1832; x_wconf 90' lang='lat' dir='ltr'><strong>ln</strong></span> <span class='ocrx_word' id='word_1_48' title='bbox 515 1778 627 1849; x_wconf 83' lang='lat' dir='ltr'><strong>antiquo</strong></span> <span class='ocrx_word' id='word_1_49' title='bbox 645 1768 726 1833; x_wconf 83' lang='lat' dir='ltr'><strong>&#39;etiam</strong></span> <span class='ocrx_word' id='word_1_50' title='bbox 746 1782 836 1834; x_wconf 83' lang='lat' dir='ltr'><strong>codice</strong></span> <span class='ocrx_word' id='word_1_51' title='bbox 854 1781 974 1853; x_wconf 81' lang='lat' dir='ltr'><strong>palatino</strong></span> <span class='ocrx_word' id='word_1_52' title='bbox 992 1778 1053 1836; x_wconf 76' lang='lat'><strong>253.</strong></span> <span class='ocrx_word' id='word_1_53' title='bbox 1065 1797 1093 1851; x_wconf 82' lang='lat' dir='ltr'><strong>p·</strong></span> <span class='ocrx_word' id='word_1_54' title='bbox 1107 1779 1154 1837; x_wconf 81' lang='lat'><strong>61.</strong></span> <span class='ocrx_word' id='word_1_55' title='bbox 1168 1781 1196 1835; x_wconf 88' lang='lat' dir='ltr'><strong>b.</strong></span> <span class='ocrx_word' id='word_1_56' title='bbox 1209 1781 1328 1836; x_wconf 78' lang='lat' dir='ltr'><strong>scriban-</strong></span> 
     </span>
     <span class='ocr_line' id='line_1_10' title="bbox 330 1869 1326 1941; baseline 0.001 -16"><span class='ocrx_word' id='word_1_57' title='bbox 330 1884 374 1925; x_wconf 81' lang='lat' dir='ltr'><strong>tus</strong></span> <span class='ocrx_word' id='word_1_58' title='bbox 393 1872 443 1925; x_wconf 84' lang='lat' dir='ltr'><strong>hae</strong></span> <span class='ocrx_word' id='word_1_59' title='bbox 462 1870 614 1923; x_wconf 77' lang='lat' dir='ltr'><strong>animalium</strong></span> <span class='ocrx_word' id='word_1_60' title='bbox 632 1888 708 1927; x_wconf 73' lang='lat' dir='ltr'><strong>voees</strong></span> <span class='ocrx_word' id='word_1_61' title='bbox 725 1890 778 1924; x_wconf 88' lang='lat' dir='ltr'><strong>non</strong></span> <span class='ocrx_word' id='word_1_62' title='bbox 795 1873 853 1927; x_wconf 85' lang='lat' dir='ltr'><strong>sine</strong></span> <span class='ocrx_word' id='word_1_63' title='bbox 879 1872 969 1941; x_wconf 81' lang='lat' dir='ltr'><strong>aliqua</strong></span> <span class='ocrx_word' id='word_1_64' title='bbox 997 1869 1031 1921; x_wconf 83' lang='lat' dir='ltr'><strong>ab</strong></span> <span class='ocrx_word' id='word_1_65' title='bbox 1049 1872 1226 1930; x_wconf 80' lang='lat' dir='ltr'><strong>aldhelmiano</strong></span> <span class='ocrx_word' id='word_1_66' title='bbox 1244 1891 1326 1927; x_wconf 78' lang='lat' dir='ltr'><strong>exesa·</strong></span> 
     </span>
     <span class='ocr_line' id='line_1_11' title="bbox 327 1963 1325 2040; baseline 0.005 -25"><span class='ocrx_word' id='word_1_67' title='bbox 327 1963 396 2034; x_wconf 81' lang='lat' dir='ltr'><strong>plari</strong></span> <span class='ocrx_word' id='word_1_68' title='bbox 416 1963 593 2021; x_wconf 76' lang='lat' dir='ltr'><strong>diversitate,</strong></span> <span class='ocrx_word' id='word_1_69' title='bbox 612 1983 639 2018; x_wconf 79' lang='lat' dir='ltr'><strong>v·</strong></span> <span class='ocrx_word' id='word_1_70' title='bbox 659 1982 697 2032; x_wconf 75' lang='lat' dir='ltr'><strong>gr·</strong></span> <span class='ocrx_word' id='word_1_71' title='bbox 715 1984 826 2018; x_wconf 78' lang='lat' dir='ltr'><strong>ansas-es</strong></span> <span class='ocrx_word' id='word_1_72' title='bbox 849 1968 1011 2024; x_wconf 81' lang='lat' dir='ltr'><strong>trinniunt,</strong></span> <span class='ocrx_word' id='word_1_73' title='bbox 1029 1968 1177 2038; x_wconf 75' lang='lat' dir='ltr'><strong>accipitres</strong></span> <span class='ocrx_word' id='word_1_74' title='bbox 1192 1971 1325 2040; x_wconf 77' lang='lat' dir='ltr'><strong>pipiant.</strong></span> 
     </span>
     <span class='ocr_line' id='line_1_12' title="bbox 329 2055 1329 2131; baseline 0.009 -27"><span class='ocrx_word' id='word_1_75' title='bbox 329 2066 430 2105; x_wconf 86' lang='lat' dir='ltr'><strong>anates</strong></span> <span class='ocrx_word' id='word_1_76' title='bbox 459 2057 621 2112; x_wconf 68' lang='lat' dir='ltr'><strong>trainam,</strong></span> <span class='ocrx_word' id='word_1_77' title='bbox 639 2057 713 2108; x_wconf 79' lang='lat' dir='ltr'><strong>ciani</strong></span> <span class='ocrx_word' id='word_1_78' title='bbox 739 2055 898 2112; x_wconf 84' lang='lat' dir='ltr'><strong>dessitant,</strong></span> <span class='ocrx_word' id='word_1_79' title='bbox 916 2058 1039 2109; x_wconf 85' lang='lat' dir='ltr'><strong>ciconiae</strong></span> <span class='ocrx_word' id='word_1_80' title='bbox 1061 2059 1223 2130; x_wconf 69' lang='lat' dir='ltr'><strong>ganniant,</strong></span> <span class='ocrx_word' id='word_1_81' title='bbox 1249 2062 1329 2131; x_wconf 75' lang='lat' dir='ltr'><strong>capri</strong></span> 
     </span>
     <span class='ocr_line' id='line_1_13' title="bbox 327 2146 1325 2223; baseline 0.008 -28"><span class='ocrx_word' id='word_1_82' title='bbox 327 2146 474 2201; x_wconf 84' lang='lat' dir='ltr'><strong>micciunt.</strong></span> <span class='ocrx_word' id='word_1_83' title='bbox 493 2162 575 2197; x_wconf 84' lang='lat' dir='ltr'><strong>canes</strong></span> <span class='ocrx_word' id='word_1_84' title='bbox 594 2147 739 2204; x_wconf 76' lang='lat' dir='ltr'><strong>baiulum,</strong></span> <span class='ocrx_word' id='word_1_85' title='bbox 757 2149 836 2198; x_wconf 81' lang='lat' dir='ltr'><strong>canis</strong></span> <span class='ocrx_word' id='word_1_86' title='bbox 848 2150 974 2201; x_wconf 80' lang='lat' dir='ltr'><strong>venatica</strong></span> <span class='ocrx_word' id='word_1_87' title='bbox 989 2151 1093 2206; x_wconf 84' lang='lat' dir='ltr'><strong>nictit.</strong></span> <span class='ocrx_word' id='word_1_88' title='bbox 1112 2152 1206 2202; x_wconf 83' lang='lat' dir='ltr'><strong>catuli</strong></span> <span class='ocrx_word' id='word_1_89' title='bbox 1220 2152 1325 2223; x_wconf 71' lang='lat' dir='ltr'><strong>gtastt-</strong></span> 
     </span>
     <span class='ocr_line' id='line_1_14' title="bbox 327 2240 1325 2313; baseline 0.005 -23"><span class='ocrx_word' id='word_1_90' title='bbox 327 2240 409 2297; x_wconf 84' lang='lat' dir='ltr'><strong>lant.</strong></span> <span class='ocrx_word' id='word_1_91' title='bbox 427 2242 493 2313; x_wconf 84' lang='lat' dir='ltr'><strong>equi</strong></span> <span class='ocrx_word' id='word_1_92' title='bbox 507 2240 643 2293; x_wconf 73' lang='lat' dir='ltr'><strong>hinniunt</strong></span> <span class='ocrx_word' id='word_1_93' title='bbox 658 2242 699 2292; x_wconf 85' lang='lat' dir='ltr'><strong>vel</strong></span> <span class='ocrx_word' id='word_1_94' title='bbox 714 2243 886 2313; x_wconf 71' lang='lat' dir='ltr'><strong>gurgnlant.</strong></span> <span class='ocrx_word' id='word_1_95' title='bbox 905 2243 1032 2313; x_wconf 74' lang='lat' dir='ltr'><strong>gallinae</strong></span> <span class='ocrx_word' id='word_1_96' title='bbox 1046 2245 1210 2301; x_wconf 83' lang='lat' dir='ltr'><strong>caecinant.</strong></span> <span class='ocrx_word' id='word_1_97' title='bbox 1228 2243 1325 2296; x_wconf 80' lang='lat' dir='ltr'><strong>lss&#39;run·</strong></span> 
     </span>
     <span class='ocr_line' id='line_1_15' title="bbox 328 2331 1322 2391; baseline 0.004 -8"><span class='ocrx_word' id='word_1_98' title='bbox 328 2331 410 2385; x_wconf 80' lang='lat' dir='ltr'><strong>dines</strong></span> <span class='ocrx_word' id='word_1_99' title='bbox 423 2336 560 2386; x_wconf 76' lang='lat' dir='ltr'><strong>trissitant</strong></span> <span class='ocrx_word' id='word_1_100' title='bbox 577 2335 623 2385; x_wconf 86' lang='lat' dir='ltr'><strong>vel</strong></span> <span class='ocrx_word' id='word_1_101' title='bbox 642 2334 772 2389; x_wconf 84' lang='lat' dir='ltr'><strong>trissant.</strong></span> <span class='ocrx_word' id='word_1_102' title='bbox 790 2333 892 2383; x_wconf 82' lang='lat' dir='ltr'><strong>meruli</strong></span> <span class='ocrx_word' id='word_1_103' title='bbox 909 2335 1062 2391; x_wconf 78' lang='lat' dir='ltr'><strong>zinzilant.</strong></span> <span class='ocrx_word' id='word_1_104' title='bbox 1081 2336 1215 2387; x_wconf 79' lang='lat' dir='ltr'><strong>mustelae</strong></span> <span class='ocrx_word' id='word_1_105' title='bbox 1238 2334 1322 2387; x_wconf 82' lang='lat' dir='ltr'><strong>drin-</strong></span> 
     </span>
     <span class='ocr_line' id='line_1_16' title="bbox 325 2423 1322 2497; baseline 0.007 -22"><span class='ocrx_word' id='word_1_106' title='bbox 325 2423 397 2475; x_wconf 85' lang='lat' dir='ltr'><strong>dant</strong></span> <span class='ocrx_word' id='word_1_107' title='bbox 413 2461 420 2483; x_wconf 87' lang='lat'><em>,</em></span> <span class='ocrx_word' id='word_1_108' title='bbox 435 2425 513 2494; x_wconf 66' lang='lat' dir='ltr'><strong>putta·</strong></span> <span class='ocrx_word' id='word_1_109' title='bbox 534 2426 699 2495; x_wconf 78' lang='lat' dir='ltr'><strong>perpitant.</strong></span> <span class='ocrx_word' id='word_1_110' title='bbox 720 2425 862 2496; x_wconf 77' lang='lat' dir='ltr'><strong>palumbes</strong></span> <span class='ocrx_word' id='word_1_111' title='bbox 880 2428 1063 2481; x_wconf 71' lang='lat' dir='ltr'><strong>tramittant,</strong></span> <span class='ocrx_word' id='word_1_112' title='bbox 1079 2426 1168 2495; x_wconf 78' lang='lat' dir='ltr'><strong>pandi</strong></span> <span class='ocrx_word' id='word_1_113' title='bbox 1186 2429 1322 2497; x_wconf 79' lang='lat' dir='ltr'><strong>peliunt.</strong></span> 
     </span>
     <span class='ocr_line' id='line_1_17' title="bbox 323 2514 1322 2587; baseline 0.005 -22"><span class='ocrx_word' id='word_1_114' title='bbox 323 2527 463 2582; x_wconf 77' lang='lat' dir='ltr'><strong>serpentes</strong></span> <span class='ocrx_word' id='word_1_115' title='bbox 482 2516 616 2573; x_wconf 82' lang='lat' dir='ltr'><strong>sibilant,</strong></span> <span class='ocrx_word' id='word_1_116' title='bbox 635 2514 715 2566; x_wconf 84' lang='lat' dir='ltr'><strong>turdi</strong></span> <span class='ocrx_word' id='word_1_117' title='bbox 725 2515 898 2587; x_wconf 85' lang='lat' dir='ltr'><strong>faccillant.</strong></span> <span class='ocrx_word' id='word_1_118' title='bbox 918 2515 1037 2587; x_wconf 76' lang='lat' dir='ltr'><strong>tigrides</strong></span> <span class='ocrx_word' id='word_1_119' title='bbox 1051 2527 1178 2567; x_wconf 86' lang='lat' dir='ltr'><strong>rancant·</strong></span> <span class='ocrx_word' id='word_1_120' title='bbox 1194 2517 1265 2570; x_wconf 84' lang='lat' dir='ltr'><strong>Tum</strong></span> <span class='ocrx_word' id='word_1_121' title='bbox 1278 2518 1322 2570; x_wconf 82' lang='lat' dir='ltr'><strong>sd·</strong></span> 
     </span>
     <span class='ocr_line' id='line_1_18' title="bbox 324 2607 1322 2682; baseline -0.001 -21"><span class='ocrx_word' id='word_1_122' title='bbox 324 2608 413 2662; x_wconf 79' lang='lat' dir='ltr'><strong>ditur:</strong></span> <span class='ocrx_word' id='word_1_123' title='bbox 431 2608 498 2662; x_wconf 78' lang='lat' dir='ltr'><strong>liaec</strong></span> <span class='ocrx_word' id='word_1_124' title='bbox 518 2626 621 2682; x_wconf 71' lang='lat' dir='ltr'><strong>genera</strong></span> <span class='ocrx_word' id='word_1_125' title='bbox 637 2625 731 2660; x_wconf 82' lang='lat' dir='ltr'><strong><em>vocum</em></strong></span> <span class='ocrx_word' id='word_1_126' title='bbox 745 2624 800 2657; x_wconf 78' lang='lat' dir='ltr'><strong>nass</strong></span> <span class='ocrx_word' id='word_1_127' title='bbox 820 2607 860 2660; x_wconf 85' lang='lat' dir='ltr'><strong>ad</strong></span> <span class='ocrx_word' id='word_1_128' title='bbox 877 2609 963 2659; x_wconf 77' lang='lat' dir='ltr'><strong>iaciens</strong></span> <span class='ocrx_word' id='word_1_129' title='bbox 979 2611 1177 2679; x_wconf 81' lang='lat' dir='ltr'><strong>pertinebunt.</strong></span> <span class='ocrx_word' id='word_1_130' title='bbox 1197 2609 1248 2662; x_wconf 85' lang='lat' dir='ltr'><strong>sed</strong></span> <span class='ocrx_word' id='word_1_131' title='bbox 1265 2608 1322 2661; x_wconf 84' lang='lat' dir='ltr'><strong>dis·</strong></span> 
     </span>
    </p>
   </div>
   <div class='ocr_carea' id='block_1_6' title="bbox 324 2705 786 2776">
    <p class='ocr_par' dir='ltr' id='par_1_6' title="bbox 324 2705 786 2776">
     <span class='ocr_line' id='line_1_19' title="bbox 324 2705 786 2776; baseline -0.009 -21"><span class='ocrx_word' id='word_1_132' title='bbox 324 2706 453 2755; x_wconf 82' lang='lat' dir='ltr'><strong>cretionis</strong></span> <span class='ocrx_word' id='word_1_133' title='bbox 472 2706 563 2776; x_wconf 78' lang='lat' dir='ltr'><strong>gratia</strong></span> <span class='ocrx_word' id='word_1_134' title='bbox 578 2705 691 2774; x_wconf 80' lang='lat' dir='ltr'><strong>prolata</strong></span> <span class='ocrx_word' id='word_1_135' title='bbox 712 2712 786 2753; x_wconf 80' lang='lat' dir='ltr'><strong>sunt.</strong></span> 
     </span>
    </p>
   </div>
   <div class='ocr_carea' id='block_1_7' title="bbox 0 0 1696 5206">
    <p class='ocr_par' dir='ltr' id='par_1_7' title="bbox 0 0 1696 5206">
     <span class='ocr_line' id='line_1_20' title="bbox 0 0 1696 5206; baseline 0 4"><span class='ocrx_word' id='word_1_136' title='bbox 0 0 1696 5206; x_wconf 95' lang='lat' dir='ltr'><strong> </strong></span> 
     </span>
    </p>
   </div>
  </div>
 </body>
</html>
