3382 5206
726 552 869 599 EPITOME
897 554 941 600 1¹.

569 783 633 860 xi.
660 781 726 857 us
753 782 1020 862 invasam.
1052 791 1103 886 (1)

327 935 594 1106 Adverbium
613 1028 710 1099 verbi
732 1026 829 1126 quasi
851 1055 891 1099 ex
914 1027 1057 1129 obliquo
1077 1029 1249 1104 famulum
1273 1048 1349 1128 est;

328 1149 431 1223 cuius
457 1165 577 1221 tamen
598 1145 831 1220 multiformes
857 1148 990 1244 speeies
1010 1165 1116 1223 sunt:
1143 1176 1226 1221 narn
1246 1178 1350 1249 quae·

330 1268 413 1341 dam
432 1269 575 1355 locum,
596 1265 768 1367 quaedam
794 1283 933 1364 tempus
961 1267 1154 1364 designant.
1185 1266 1280 1342 Cum
1300 1270 1351 1343 di·

333 1390 384 1463 cis
410 1404 511 1474 tum,
539 1405 679 1490 tempus
705 1388 888 1485 designa13
917 1404 952 1460 at
977 1414 1061 1459 cum
1080 1387 1168 1462 dicis
1189 1403 1278 1476 tun,
1303 1388 1354 1465 lo·

331 1535 415 1584 cum
439 1507 609 1604 designat.
637 1506 689 1580 Ut
704 1520 740 1601 ᾗ*
770 1523 834 1578 tun
857 1533 1055 1606 pugnavere
1078 1524 1191 1579 totum
1213 1508 1352 1582 collecti

330 1656 395 1729 per
415 1630 519 1702 diem.
540 1626 584 1699 Et
605 1655 667 1728 pro
688 1626 791 1702 illuc:
812 1640 836 1671 “
860 1627 908 1698 ite
930 1654 996 1699 con
1013 1655 1106 1700 arma
1127 1629 1251 1728 ponite
1271 1656 1353 1702 aera

332 1792 338 1806 ·
367 1791 375 1807 ·
402 1792 409 1807 ·
436 1748 554 1821 hastis.
583 1744 628 1817 Et
649 1746 844 1818 coniuncta
866 1746 937 1820 duo
965 1759 988 1791 “
1018 1765 1084 1819 tun
1107 1775 1174 1819 con
1198 1747 1233 1820 in
1255 1774 1353 1821 mare

334 1869 511 1943 fluctuans
534 1866 749 1941 consternari
765 1868 852 1940 fecit
872 1886 939 1941 etc.
961 1867 1041 1942 Nec
1061 1867 1151 1940 duae
1172 1869 1276 1942 simul
1296 1897 1355 1944 vo·

330 1990 421 2062 cales
452 1988 716 2078 aestimentur,
743 1989 836 2061 sicut
864 1990 1029 2088 superius
1058 1990 1286 2089 exposuimus
1313 1989 1353 2063 iu

331 2109 610 2210 pronominibus.
644 2108 687 2181 In
722 2135 928 2208 quassorum
954 2109 1207 2208 compositione
1238 2109 1356 2184 adver·

331 2230 431 2301 bium
457 2228 664 2302 nominibus
690 2228 935 2326 adiungebant
958 2246 1117 2317 veteres,
1144 2247 1205 2306 ut:
1232 2231 1287 2304 vir
1314 2233 1353 2305 in

332 2349 408 2421 acie
437 2351 574 2422 sortiter
601 2377 666 2450 pro
697 2349 801 2421 domo
828 2348 951 2422 liberis
984 2365 1021 2421 et
1049 2350 1157 2447 capite
1190 2368 1355 2448 pugnat3

330 2497 402 2542 non
428 2487 547 2543 autern
574 2471 714 2543 sortiter
733 2486 893 2568 pugnat,
922 2467 983 2540 sed
1003 2468 1055 2538 vir
1078 2468 1226 2542 sortiter.
1256 2468 1353 2542 Sunt

330 2586 491 2660 adverbia
512 2617 604 2687 quac
625 2605 796 2687 putantur
818 2615 892 2660 esse
915 2586 1057 2659 uomina
1076 2587 1270 2675 neutralia,
1291 2587 1353 2660 aed

332 2734 405 2779 non
426 2724 536 2801 sunt3
563 2724 603 2780 ut
624 2709 755 2805 longe,
783 2736 912 2807 prope,
939 2733 1108 2796 necesso,
1136 2706 1262 2794 facile,
1290 2707 1356 2779 dil-

333 2827 451 2912 ficile,
479 2845 518 2899 ut
544 2828 573 2898 si
602 2828 725 2902 dicas:
752 2828 854 2924 longe
884 2844 936 2899 est
963 2854 1027 2899 nos
1056 2827 1094 2897 in
1123 2827 1178 2898 his
1206 2826 1353 2900 ulterius

335 2948 541 3020 commorari
561 2948 660 3022 locis.
682 2946 728 3019 Et
752 2976 860 3048 prope
882 2964 981 3035 erat,
1003 2948 1143 3046 iuquit,
1165 2945 1357 3020 Phoebum

333 3095 461 3140 occasu
484 3066 590 3139 celeri
610 3096 749 3141 movere
772 3096 817 3142 se.
843 3067 890 3140 Et
910 3094 1079 3154 necesse,
1101 3065 1246 3167 inquit,
1275 3064 1356 3139 Gal·

332 3187 384 3259 los
411 3187 490 3259 fieri
513 3186 663 3264 fallaces.
691 3186 738 3260 Et
763 3189 917 3276 iterum,
945 3185 1046 3259 sacile
1075 3203 1129 3259 est
1149 3186 1264 3259 virum
1281 3184 1356 3259 vin-

336 3307 367 3378 ci
392 3364 401 3394 ,
426 3307 500 3379 viro
528 3307 667 3379 virtutis
698 3309 814 3381 subito
843 3306 1136 3407 superveniente.
1172 3302 1270 3379 Sunt
1300 3302 1359 3378 ad·

334 3428 451 3500 verbia
480 3444 512 3498 et
537 3427 682 3501 nomina
710 3447 746 3501 et
771 3428 904 3514 verba,
932 3444 972 3498 ut
1004 3425 1098 3498 salso.
1132 3422 1233 3497 Dicis
1261 3423 1358 3499 enim

335 3562 358 3591 “
389 3546 472 3619 salso
491 3574 552 3620 vos
583 3605 616 3636 ‚‚.
644 3546 712 3621 Hic
733 3549 883 3622 verbum
905 3564 958 3619 cst
978 3546 1112 3644 primae
1141 3543 1360 3641 coniugatio·

337 3666 395 3738 nis
421 3666 505 3740 salso
532 3666 644 3743 falsas.
677 3666 724 3739 Et
757 3668 904 3741 ablativo
932 3694 1014 3739 casu
1043 3677 1068 3708 ‘⁶
1099 3663 1183 3738 salso
1210 3663 1357 3739 nomine

337 3803 481 3858 vocatur
511 3842 546 3874 „.
573 3784 621 3857 Et
643 3786 848 3859 adverbium
868 3799 892 3830 “
915 3785 1001 3858 falso
1020 3783 1175 3881 loqueris
1200 3840 1235 3872 ‚‚.
1260 3780 1360 3859 Sunt

419 4038 462 4110 (ι)
482 4039 611 4093 Memorat
631 4040 697 4093 haec
717 4051 744 4092 ct
762 4038 902 4109 sequentia
921 4034 1052 4104 Virgilius
1071 4047 1163 4090 noster
1180 4056 1206 4109 p·
1226 4035 1272 4092 6⁸.
1292 4036 1339 4108 84.

997 4163 1042 4213 10
