3382 5206
344 555 411 631 332
619 580 767 633 aaronis
794 561 1044 633 nantuacense

318 716 378 781 per
399 702 575 786 syncopam
589 695 731 786 perdunt
752 719 851 764 uuam
873 698 1040 783 litteram,
1058 722 1187 790 semper
1208 719 1350 768 terrant

320 823 401 874 teste
413 793 619 871 Martimdin
631 805 744 873 eadem
759 807 884 900 syllaba
897 824 1067 875 accentum
1078 831 1176 900 quem
1184 811 1277 900 priua
1288 811 1349 876 ba-

306 916 478 985 barenas,
492 933 528 982 ut
544 917 727 1007 manipulus
741 918 925 1009 maniplus,
940 919 1136 986 venabulum
1151 922 1344 988 venablum·

321 1023 471 1114 Denique
494 1022 534 1093 de
557 1022 632 1107 his,
659 1048 743 1114 quae
770 1049 788 1089 a
816 1026 1003 1094 nominibus
1023 1026 1129 1110 liunt,
1156 1043 1271 1094 auctor
1294 1046 1344 1096 est

319 1136 504 1201 Priscianus
531 1133 621 1226 quod
643 1135 842 1201 nominativo
872 1135 1030 1224 primitivi
1054 1133 1230 1226 aliquando
1261 1136 1344 1202 ulti·

318 1264 372 1306 ma
389 1241 596 1308 subtrahitur
610 1292 621 1325 ,
648 1260 680 1309 et
701 1240 833 1309 additur
846 1244 938 1310 bris·
950 1292 961 1327 ,
974 1260 1009 1307 ut
1030 1247 1129 1333 possit
1141 1268 1208 1309 esse
1222 1241 1344 1309 mulier

321 1349 517 1434 muliebris,
541 1368 573 1417 et
596 1349 681 1419 salus
695 1352 856 1436 salubris,
883 1351 974 1443 quod
990 1354 1088 1419 etism
1103 1352 1343 1443 nominativum

322 1457 453 1530 saluber
467 1460 641 1553 protulisse
655 1478 777 1529 veteres
791 1511 802 1546 ‚
815 1461 998 1529 ostenditur
1012 1463 1077 1530 hoc
1092 1485 1184 1529 versu
1200 1466 1223 1499 “
1235 1463 1343 1528 Phoe-

320 1570 364 1638 be
377 1573 510 1648 saluber
525 1573 652 1658 ades‚‚.
672 1570 770 1638 Unde
796 1573 958 1640 conicitur
977 1572 1067 1663 quod
1086 1574 1160 1639 satis
1184 1569 1342 1661 regulari-

322 1699 374 1749 ter
387 1686 455 1752 eius
467 1684 645 1775 penultima
662 1681 880 1772 producitur,
899 1679 978 1748 dnm
997 1682 1039 1750 de
1054 1680 1252 1749 nominativo
1267 1703 1344 1768 pro-

321 1792 418 1861 ducto
441 1797 548 1884 ipsum
569 1793 674 1861 solum
695 1792 847 1860 habetur·
863 1794 948 1859 Nam
971 1790 1132 1883 syllabam
1148 1790 1344 1860 naturaliter

319 1902 513 1991 productam
532 1928 694 1994 nusquam
706 1904 742 1969 in
756 1920 860 1970 metro
874 1922 1058 1992 correptam
1078 1926 1131 1969 me
1144 1902 1257 1993 legisse
1272 1915 1343 1968 ine-

323 2012 428 2096 miui‚
446 2014 507 2080 nisi
530 2038 589 2103 per
606 2015 745 2106 figuram
771 2013 914 2105 systolen
930 2035 941 2092 ς
960 2029 1093 2101 excepto
1118 2013 1266 2102 quotiens
1280 2035 1344 2076 νο-

320 2123 481 2191 calisaute
495 2124 640 2190 vocalem
653 2123 864 2213 producitur,
874 2140 911 2191 ut
922 2123 1028 2208 illius,
1040 2124 1156 2205 nnius,
1171 2121 1253 2205 diei,
1268 2146 1342 2210 spe·

320 2233 403 2299 ciei:
425 2233 586 2324 siquidem
609 2233 754 2300 verbalia
769 2233 917 2299 feminini
945 2233 1069 2324 generis
1087 2230 1275 2320 producta,
1303 2248 1341 2296 nt

319 2369 415 2434 supra
441 2344 537 2431 dixi,
559 2345 650 2414 nullo
674 2345 772 2413 modo
800 2344 968 2412 invenietis
992 2345 1114 2432 corripi
1142 2367 1256 2410 eorum
1282 2367 1342 2410 ex-

318 2473 420 2521 trema
447 2454 598 2547 syllaba,
626 2457 779 2547 qnoniam
794 2471 827 2519 ·t·
841 2453 965 2518 habent
989 2473 1063 2520 aute
1078 2455 1147 2519 uix·
1166 2459 1337 2541 praeteriti

322 2565 487 2654 participii
513 2565 685 2633 desinentis
716 2565 750 2628 in
770 2579 841 2631 tus·

415 2678 445 2762 4.
471 2672 501 2741 Α
537 2677 656 2766 quibus
691 2678 844 2743 oriuntur
875 2676 933 2743 ista
963 2675 1136 2760 verbalia,
1166 2676 1339 2743 ostendam

321 2788 413 2853 vobis
439 2786 590 2875 regulas.
620 2787 770 2875 Exceptis
799 2789 886 2855 llll·
917 2788 1094 2877 participiis
1118 2838 1127 2870 ‚
1155 2813 1238 2879 quae
1264 2806 1342 2856 sunt

322 2913 407 2963 satus
430 2916 518 2964 ratus
543 2914 641 2963 status
662 2896 786 2981 datus,
823 2897 950 2988 reliqua
981 2900 1088 2964 omnia
1117 2897 1270 2963 habentia
1299 2924 1343 2963 ·a.

322 3023 407 3073 ante·
425 3024 484 3072 tus·
499 3008 532 3071 in
561 3012 736 3096 praeterito
759 3006 1013 3096 producuntur,
1041 3026 1074 3074 ut
1103 3025 1252 3092 amatus,
1274 3035 1339 3074 un-

325 3118 367 3185 de
399 3139 524 3188 amator
559 3123 695 3187 amatrix
723 3171 731 3188 .
764 3122 977 3190 Inveniuntur
1010 3120 1167 3209 producta
1204 3125 1343 3210 partici-

322 3227 377 3316 pia
408 3251 493 3317 quae
528 3228 652 3298 babent
678 3256 717 3297 σε·
744 3245 827 3296 aute·
851 3247 912 3295 tus·
936 3249 971 3297 ut
1003 3247 1208 3298 recensetus.
1243 3229 1345 3297 Unde

318 3337 512 3404 Prudentius
536 3345 571 3406 in
601 3344 749 3429 passione
768 3339 936 3429 Hippolyti
964 3341 1117 3432 martyris
1147 3344 1169 3380 “
1194 3364 1340 3431 eumque

322 3438 671 3525 recensetisconstaret
693 3456 840 3545 partibus
867 3453 924 3521 ille
938 3505 975 3538 ‚‚.
996 3456 1030 3525 Si
1051 3479 1127 3521 vero
1142 3456 1173 3519 ·i·
1186 3474 1344 3522 aute-tus·

323 3561 499 3645 habuerit,
527 3563 652 3655 ubique
681 3565 860 3654 petitrltima
882 3565 1082 3653 corripitur,
1102 3565 1161 3630 nisi
1189 3568 1297 3632 veniat
1325 3594 1342 3632 a

319 3674 428 3741 verbis
449 3694 585 3767 quartae
603 3678 857 3767 coniugationis,
875 3694 911 3744 nt
929 3676 1025 3745 domo
1045 3675 1156 3744 domas
1178 3673 1344 3758 domitus,

322 3807 437 3851 naorteo
465 3807 577 3853 mones
607 3788 779 3868 monitus,
803 3783 1013 3854 andio'audis
1043 3784 1170 3851 auditus
1200 3833 1209 3867 ,
1236 3784 1344 3851 condo

321 3893 431 3975 condis
455 3894 601 3960 cottditns
618 3924 626 3960 ε
645 3894 730 3962 unde
756 3895 932 3963 masculina
960 3896 1101 3961 domitor
1117 3895 1259 3960 monitor
1275 3916 1340 3959 au-

317 4001 404 4067 ditor
426 3998 583 4068 conditor.
603 4002 649 4066 Et
670 4000 718 4068 lais
744 4001 896 4067 fettsinina
923 4000 1074 4068 domitrix
1099 3998 1252 4064 monitrix
1278 4022 1342 4061 au-
