3382 5206
350 511 421 601 124
723 531 866 580 arr-rona
896 535 922 582 v.

319 654 359 726 in
380 682 420 726 ea
442 654 648 729 inundant?
663 650 757 727 Haec
772 673 825 727 est
845 655 1140 765 sapientianuid
1160 659 1255 734 inter
1266 687 1338 734 ver-

230 760 233 769 Ι
317 779 404 851 bum
426 797 461 851 et
480 804 678 853 sermonem
704 795 740 851 et
766 781 978 853 sententiam
1005 799 1041 853 et
1068 780 1274 882 loquellam,
1303 802 1336 858 et

320 900 548 977 orationem?
567 900 729 977 Verbum
748 922 802 976 est
822 931 926 976 omne
947 904 1046 1005 quod
1066 905 1186 1003 lingua
1207 911 1338 1007 proser-

319 1043 379 1098 tur
400 1041 435 1097 ct
463 1054 575 1100 voce:
603 1053 714 1099 sermo
737 1054 777 1099 ex
800 1027 941 1101 duobus
967 1029 1079 1101 verbis
1104 1033 1339 1131 compositum

323 1166 403 1238 est,
430 1151 496 1222 lroc
527 1168 582 1223 est
610 1151 758 1225 serendo
787 1169 821 1223 et
847 1154 1048 1229 monendo:
1078 1157 1255 1228 sententia
1285 1174 1337 1229 est

326 1300 418 1373 quae
440 1301 547 1346 sensu
569 1275 770 1375 concipitur
783 1308 791 1352 ε
805 1303 907 1375 porro
920 1274 1089 1375 loquella,
1102 1280 1243 1378 quando
1260 1307 1341 1353 curn

325 1396 480 1498 quadam
499 1397 703 1498 eloquentia
728 1396 894 1470 dictionis
915 1399 1002 1471 ordo
1028 1402 1244 1499 pertexitur:
1270 1432 1341 1476 ora·

327 1522 401 1609 tio,
421 1520 567 1619 quando
582 1549 691 1620 usque
713 1521 756 1594 ad
774 1548 944 1595 manuum
957 1540 1068 1594 artem
1083 1523 1340 1600 describendus

327 1645 500 1721 oratorius
512 1674 628 1720 sermo
648 1648 835 1747 perveniat.
849 1647 938 1722 Fuit
949 1649 1072 1722 itidem
1085 1650 1178 1750 apud
1198 1649 1341 1724 Troiam

327 1769 472 1870 quidam
492 1767 670 1868 Vergilius
696 1772 855 1846 eiusdem
872 1770 1008 1845 Donati
1028 1774 1189 1862 auditor,
1215 1776 1277 1873 qui
1303 1776 1341 1846 in

328 1895 1341 1998 describendisversibusdiligentissimuserat,qui-LXX·

328 2019 508 2093 volumina
526 2021 570 2096 de
591 2021 729 2094 ratione
751 2020 854 2093 metri
870 2020 1027 2118 scripsit,
1048 2037 1084 2093 et
1101 2019 1284 2118 epistolam
1299 2020 1342 2091 ad

328 2140 525 2241 Vergilium
544 2146 703 2218 asianum
729 2144 871 2216 missam
900 2144 943 2216 de
964 2144 1060 2216 verbi
1087 2144 1343 2244 explanatione.

330 2262 477 2339 Tertius
498 2266 675 2365 Vergilius
697 2295 771 2362 ego.

385 2417 417 2464 2.
443 2381 536 2461 Nam
555 2389 736 2488 Vergilius
752 2390 893 2463 asianus
909 2389 1079 2487 praedicti
1099 2388 1239 2461 discens
1254 2389 1344 2476 luit,

332 2518 386 2593 air.
405 2546 584 2608 summus,
605 2519 875 2592 ministratorius
896 2517 1002 2603 satis,
1029 2532 1071 2588 ut
1089 2543 1287 2614 numquam
1310 2516 1345 2586 in

335 2642 415 2715 sede
440 2672 522 2716 eum
541 2643 699 2718 vocantis
713 2669 828 2715 sermo
847 2640 1031 2712 inveniret.
1046 2637 1153 2711 Hune
1173 2638 1245 2709 vidi
1261 2639 1348 2710 meis

336 2769 448 2844 oeulis
461 2826 470 2856 ,
484 2786 518 2841 et
535 2768 687 2867 puerulo
701 2766 786 2838 milri
807 2780 907 2836 notas
928 2761 1150 2835 eliaraesavit·
1163 2759 1231 2833 llic
1246 2763 1350 2833 serila

334 2897 382 2970 sit
400 2895 534 2967 librum
553 2891 710 2964 nobilem
725 2888 767 2962 de
791 2889 984 2963 duodecim
995 2885 1349 2984 latinitatibus,quas

334 3021 391 3091 liis
412 3016 619 3091 nominibus
639 3013 774 3086 vocarit
796 3014 859 3110 (a).
880 3010 1016 3097 Prima,
1038 3008 1192 3081 latinitas
1214 3007 1349 3080 usitata.

340 3138 508 3216 Secunda
526 3164 656 3210 assona.
682 3134 804 3209 Tertia
830 3133 991 3207 remedia.
1021 3129 1155 3225 Quarta
1180 3130 1352 3204 numeria.

417 3303 539 3378 (1)ὓίκί
560 3303 612 3354 iarn
632 3303 659 3354 in
679 3301 856 3372 praelatione.
876 3318 916 3351 mc
935 3299 1005 3349 hunc
1026 3308 1138 3349 tractum
1154 3298 1186 3348 tle
1201 3295 1340 3348 duodecim

350 3397 495 3454 latinitatis
514 3393 669 3461 generibus.
688 3411 718 3444 ea
745 3411 850 3444 romano
877 3387 1053 3440 bibliothecae
1080 3388 1210 3454 angelicae
1236 3387 1343 3440 codiee.

350 3493 406 3545 sive
423 3508 455 3542 ex
474 3483 581 3540 Arevali
594 3484 810 3537 adnotationibus
827 3482 859 3533 ad
875 3481 1009 3533 Sedulium
1024 3481 1049 3530 in
1061 3478 1172 3549 append.
1187 3479 1217 3527 V.
1232 3496 1259 3549 p.
1274 3477 1344 3541 4⁸26,

350 3583 446 3655 partim
465 3595 581 3639 sumere,
601 3589 732 3644 qnatenus
749 3577 851 3629 seilicet
870 3591 1022 3626 romatinum
1047 3569 1217 3637 fragmentum
1245 3589 1344 3639 neapo·

350 3680 437 3728 lrtano
457 3669 543 3723 codici
562 3668 760 3737 corruptissimo
786 3667 883 3718 bacin
908 3676 982 3736 parte
1010 3662 1135 3714 medetur.
1163 3661 1232 3731 Quia
1257 3673 1345 3715 tamen

350 3782 485 3818 romanum
503 3778 609 3831 quoque
636 3759 807 3825 fragmentum
834 3759 934 3811 mendis
961 3755 1161 3825 defectibusque
1186 3751 1343 3806 laborabat.

352 3858 382 3908 id
399 3872 448 3927 ope
468 3853 567 3907 codicis
586 3850 746 3920 neapolitani
767 3870 820 3904 non
838 3849 914 3903 semel
929 3848 1078 3916 integrioris
1092 3867 1107 3899 a
1121 3864 1161 3898 me
1176 3854 1345 3917 personatum

351 3951 418 4004 tuit:
437 3965 516 4018 quam
529 3965 582 3997 rem
598 3945 631 3999 ii.
651 3942 697 4013 qui
713 3943 818 3995 Areaali
833 3942 978 3996 editionem
994 3961 1052 3996 eum
1065 3958 1121 3993 mea
1140 3936 1290 3991 conterent,
1310 3951 1350 3986 re-

354 4042 484 4096 rosinam
505 4037 711 4108 deprehendent.
