3382 5206
205 1066 280 1137 Glorior
295 1083 353 1127 ope-

206 1143 239 1171 m
260 1132 353 1176 vrtica-

209 1203 260 1235 lm·

401 616 500 665 XXXIV

464 737 530 811 nt.
562 736 917 812 GRAMMATICO
946 738 1327 836 ANTtQUtssttto
1369 756 1371 761 ’

690 860 771 933 tn
799 860 864 935 Τ]
892 861 1028 936 CAN
1055 864 1100 937 0.

463 1142 491 1189 r.
520 1024 800 1237 Quamquam
825 1115 924 1188 multi
945 1113 984 1187 in
1012 1116 1168 1188 vaticana
1189 1116 1404 1192 bibliotheca

379 1257 463 1313 sunt
474 1240 575 1315 valde
596 1240 703 1340 prisci
717 1240 1023 1338 grammaticorum
1034 1238 1226 1312 latinorum
1239 1240 1403 1332 codices,

380 1363 500 1439 nullus
521 1384 641 1439 tamen
662 1365 706 1438 ad
729 1364 829 1438 illurn
847 1363 1012 1454 accedit,
1034 1392 1074 1437 ex
1094 1392 1164 1462 quo
1185 1392 1403 1464 anonymum

377 1491 641 1589 grammaticum
661 1489 905 1588 sumpsimus:
934 1505 987 1561 est
1014 1488 1110 1562 enim
1138 1488 1283 1562 ultimae
1311 1518 1404 1589 pror-

376 1614 437 1689 sus
456 1613 677 1714 antiquitatis
696 1614 873 1716 κειμήλιον
898 1671 907 1701 ,
935 1611 1061 1685 litteris
1080 1614 1204 1710 partim
1225 1612 1404 1713 quadratis

377 1733 545 1832 scripturn
565 1732 602 1803 in
624 1728 828 1804 membrana
850 1729 1014 1826 pertenui
1036 1757 1077 1802 ac
1099 1730 1293 1827 laevigata,
1321 1757 1405 1802 curn

376 1855 501 1957 priscis
522 1853 833 1929 emendationibus
857 1912 866 1941 ,
893 1880 984 1952 quae
1006 1851 1134 1951 partim
1155 1853 1193 1924 in
1215 1851 1283 1925 oris
1310 1853 1405 1926 codi-

377 1982 428 2055 cis
452 2035 461 2067 ‚
488 1982 614 2079 partim
638 1981 676 2053 in
707 2008 848 2079 corpore
877 1983 951 2079 ipso
979 1981 1069 2052 liunt
1092 2007 1102 2071 3
1129 2006 1201 2051 nou
1229 1977 1403 2052 mediocre

378 2133 462 2178 sane
482 2106 648 2181 volumen
669 2112 706 2182 in
730 2114 785 2204 4.,
807 2105 897 2177 soliis
918 2119 1085 2178 constans
1108 2105 1181 2205 289
1199 2162 1207 2193 ,
1228 2132 1290 2178 seu
1311 2104 1406 2205 pagi·

374 2231 432 2305 nis
455 2229 527 2334 577
542 2263 552 2328 3
569 2233 663 2334 quod
687 2234 818 2308 idcirco
840 2230 988 2305 minutis
1010 2232 1102 2331 typis
1124 2229 1168 2302 in
1184 2228 1312 2303 librum
1332 2256 1404 2305 me·

377 2387 438 2433 um
460 2361 749 2433 translerendum
769 2360 889 2432 curari
909 2418 918 2448 ‚
941 2391 987 2435 ne
1010 2360 1196 2434 doctorum
1217 2354 1407 2428 bibliothe-

378 2511 437 2556 cas
460 2482 577 2556 charta
598 2476 793 2560 onerarem.
808 2483 917 2558 llunc
930 2514 992 2583 rgo
1007 2484 1193 2556 tractatum
1206 2506 1318 2580 quum
1336 2479 1407 2550 ler-

377 2608 523 2679 titarem
547 2665 556 2694 ,
583 2608 748 2682 videbam
771 2609 935 2709 equidem
957 2624 1137 2687 auctorem
1157 2635 1284 2681 sanum
1307 2664 1317 2696 ‚
1344 2633 1406 2704 pu·

381 2753 483 2815 rum,
505 2730 851 2830 perspicnurn‚artis
872 2760 956 2832 suae
978 2722 1159 2804 curiosum
1179 2728 1404 2826 magistrum,

243 2952 246 2959 Ι
376 2868 413 2925 et
440 2854 502 2954 qui
529 2884 716 2930 romanum
742 2857 1010 2956 genuinumque
1040 2872 1185 2953 gustum
1211 2874 1283 2927 tarn
1310 2880 1406 2952 sape-

241 2964 285 2995 '³⁴
310 2970 312 2975 ’
354 2982 426 3054 'ret
449 3039 458 3071 ‚
484 3010 591 3081 quam
611 2981 667 3054 ille
687 2981 857 3079 Virgilius
878 2981 1048 3055 celticum
1077 2998 1112 3053 et
1138 2979 1400 3079 peregrinum.

373 3102 449 3180 Etsi
470 3122 588 3178 autern
608 3105 803 3182 disserendi
832 3135 941 3205 genus
970 3094 1108 3180 aridum
1130 3124 1182 3179 cst
1213 3163 1222 3194 ,
1251 3132 1396 3202 raraque

373 3228 572 3303 eruditione
596 3252 824 3332 conspersum
844 3262 853 3326 ;
883 3259 963 3303 nam
982 3258 1111 3328 paucos
1139 3247 1305 3303 auctores
1325 3228 1398 3301 lau·
1432 3246 1436 3255 '

373 3351 463 3425 dans
487 3411 496 3443 ‚
523 3356 568 3430 de
590 3382 654 3448 suo
680 3383 775 3454 penu
801 3356 963 3454 pleraque
986 3353 1136 3453 prornit3
1158 3353 1392 3426 nihilominus

374 3495 442 3549 tam
456 3480 613 3576 priscum
625 3479 798 3578 scriptum
813 3479 850 3550 in
863 3479 929 3550 lrac
942 3502 1020 3548 mea
1032 3504 1139 3579 quarn
1153 3474 1277 3548 molior
1289 3501 1398 3573 gram-

313 3676 318 3687 ,
372 3601 586 3677 maticorum
606 3602 764 3675 editione
787 3630 859 3674 non
883 3600 1003 3673 statim
1027 3630 1189 3700 ponere,
1217 3602 1398 3700 piaculum

371 3724 549 3825 quoddam
572 3727 834 3801 existimassent.
853 3724 975 3828 (ludex
992 3727 1089 3797 enim
1104 3725 1148 3798 ad
1164 3721 1302 3799 sextum
1322 3755 1398 3827 sep

373 3849 540 3922 timurnve
557 3849 688 3923 Clnisti
709 3849 892 3925 saeculum
912 3849 1035 3922 rel‘srri
1056 3849 1183 3942 debet3
1197 3867 1320 3922 auctor
1339 3880 1396 3926 au-

376 3989 446 4042 tern
465 3998 577 4069 quum
593 3974 733 4045 nullum
749 3966 1014 4068 grammaticum
1027 3971 1147 4045 Plinio
1161 3973 1336 4048 Secundo
1349 4005 1401 4049 re·

375 4093 571 4169 rentloretn
603 4097 754 4196 appellet.
780 4155 788 4184 ‚
818 4096 928 4168 tnnlto
956 4097 1134 4200 antiquior
1166 4098 1290 4171 codiee
1325 4128 1397 4191 cre(
