3382 5206
605 559 749 606 cannas
778 559 864 608 vnn.
1161 533 1231 633 447

233 673 413 760 Imperium
441 669 541 757 patris
567 669 750 758 quaesitum
775 669 930 755 sanguine
953 670 1019 733 nati

228 776 375 844 Telluris
396 791 526 864 superat
551 771 631 840 lines
657 773 860 863 erebumque
885 772 1074 864 polumque.

228 880 419 947 Orthodnxa
443 877 522 946 fides
547 876 675 941 diversa
704 900 784 943 voce
808 900 868 966 per
890 877 1005 942 orbem

228 984 327 1052 Abba
351 1004 443 1075 pater
464 985 605 1066 clamat,
628 982 764 1049 laudans
787 982 941 1074 mysteria
967 1006 1093 1050 summa

59 1142 60 1145 ,
151 1101 203 1163 80,
232 1092 336 1156 Unius
354 1094 400 1171 (ι)
430 1115 466 1155 ac
496 1090 599 1155 trinae
624 1088 779 1153 bonitatis
802 1084 912 1152 fertile
938 1111 1098 1178 germen,

228 1198 411 1286 Ingeniturn
435 1196 648 1285 genitumque
671 1194 775 1259 Deum
802 1215 985 1282 munusque
1016 1192 1184 1282 perhenne

229 1303 340 1370 Fontis
362 1299 543 1367 inexhausti
566 1323 630 1389 quo
655 1314 788 1363 manant
813 1298 948 1363 flumina
973 1301 1067 1367 tine.

612 1505 798 1573 CARMEN
825 1508 869 1573 Χ.

508 1722 624 1786 Preces
648 1744 707 1808 pro
732 1719 854 1787 Karolo
879 1746 964 1811 rege.

1287 1864 1297 1905 t

233 1868 467 2014 Graeculus,
489 1930 626 1999 iudaeus
651 1934 714 1996 iam
731 1959 840 2016 nnnc,
860 1930 1050 2024 Agerenus,
1070 1950 1102 2001 et
1118 1931 1255 2018 Ancon,

229 2038 442 2126 paganusque
468 2034 553 2099 serus
574 2059 708 2127 surgens
736 2035 898 2129 aquilonis
921 2039 963 2104 ab
987 2064 1046 2105 axe

230 2141 369 2210 Subdita
397 2140 480 2206 colla
502 2139 651 2226 dabunt,
675 2142 826 2210 Christus
848 2144 998 2234 regnabit
1022 2144 1167 2234 ubique,

231 2250 298 2338 lpsi
319 2249 538 2313 succumbunt
561 2272 671 2316 omnes
696 2251 828 2340 regique
850 2251 997 2340 Deoque.

175 2368 204 2427 5.
231 2359 364 2427 Summe
386 2371 480 2443 pater
501 2355 593 2438 nati,
613 2353 750 2445 largitor
776 2354 907 2422 luminis
930 2354 1030 2438 almi,

228 2464 322 2529 Festa
352 2463 398 2526 tui
420 2485 549 2550 semper
571 2459 795 2528 celebrantem
819 2479 951 2553 protege
975 2461 1131 2551 plebem,

232 2566 294 2632 Cui
315 2582 369 2631 tua
394 2565 565 2654 disponens
589 2565 743 2654 sapientia
771 2589 870 2657 regna
892 2590 952 2655 per
973 2567 1092 2633 orbem

230 2669 390 2736 Praeseeit
415 2669 574 2736 Karolnm
600 2694 777 2761 regemque
798 2674 958 2763 piumque
981 2671 1189 2755 ministrum,

232 2776 295 2842 Cui
322 2775 373 2841 lnr
398 2777 535 2842 interior
561 2775 695 2843 donarit
715 2779 833 2844 mentis
859 2802 1013 2860 acumen,

159 2913 206 2956 to.
231 2885 302 2967 Quo
328 2882 438 2946 ditina
460 2879 557 2948 simul
579 2899 720 2949 tractans
743 2882 887 2950 humana
909 2883 1095 2975 gubernet,

232 2989 319 3055 Vere
343 2988 516 3054 subsistens
535 3013 590 3055 rex
617 3007 712 3079 atque
741 2987 912 3080 theologus
935 2988 1036 3056 idem.

231 3092 363 3158 Praesul
388 3093 430 3156 ab
455 3091 593 3159 Athenis
616 3095 768 3184 Dionysi,
787 3093 976 3185 symmache
1001 3092 1116 3180 Pauli,

234 3195 360 3287 lnelyte
383 3198 559 3288 martyrio,
587 3200 638 3263 cni
661 3198 762 3266 servit
787 3198 894 3267 Gallia
921 3215 1008 3282 tota,

234 3309 387 3397 Prospice
413 3307 559 3374 caelestis
586 3311 671 3374 vitae
698 3308 740 3374 de
765 3309 897 3376 sedibus
917 3308 991 3378 altis

159 3428 205 3487 ιῦ.
233 3421 316 3483 Vota
341 3415 385 3479 tui
409 3413 508 3477 τέκνου
533 3414 646 3483 Karoli
670 3430 724 3480 tua
745 3411 880 3501 nullave
901 3434 1013 3484 sancta

236 3524 409 3588 Ornantiss
435 3537 630 3612 gratamque
652 3538 740 3586 tuam
760 3522 965 3613 magnalibus
987 3523 1127 3608 aedem,

235 3629 341 3692 lnstar
364 3627 571 3692 flammarum
596 3630 734 3720 gemmis
754 3629 966 3720 flagrantibus
990 3655 1080 3698 auru.

309 3765 350 3838 (t)
370 3766 534 3820 Vocabulum
553 3769 603 3823 hoc
622 3769 728 3824 Scotum
747 3780 867 3825 nostrum
887 3768 1022 3827 vindicare
1041 3773 1146 3825 videtur
1165 3774 1255 3827 adser-

236 3871 279 3906 sus
298 3854 489 3911 Hincutarum.
509 3857 556 3927 qui
576 3858 603 3910 in
622 3856 693 3913 libro
721 3856 755 3911 de
776 3857 1022 3930 praedestinatione
1047 3860 1171 3915 adversus
1198 3864 1257 3916 Go-

236 3942 397 3996 tbescalcum
435 3963 495 4016 cap·
532 3942 575 4002 31·
608 3947 686 4002 Scoto
718 3945 817 4002 tribuit
851 3965 964 4003 errorem
992 3950 1070 4024 quod
1108 3955 1185 4004 tn‘na
1220 3956 1257 4005 n'r

238 4028 336 4082 des'tus·
