3382 5206
628 672 633 681 .
731 597 952 651 summano.
1277 605 1328 655 vu
1376 583 1379 596 '

327 716 484 791 barbarie
506 732 544 788 et
565 714 710 788 inscitia
730 732 919 817 corruptus
938 716 1007 792 luit
1030 774 1039 809 ,
1068 734 1108 791 ut
1127 717 1272 797 nullum
1291 724 1358 795 ler-

331 870 383 915 me
400 841 617 915 vocabulum
638 867 711 914 non
732 841 776 933 sit
795 840 977 919 vitiatum:
1003 842 1091 917 mibi
1110 868 1190 918 vero
1213 862 1249 918 et
1267 844 1359 920 Nea-

330 966 394 1066 poli
420 966 587 1051 celeriter
614 983 762 1066 propter
788 982 928 1041 arctum
955 982 1094 1068 tempus
1118 967 1325 1043 lucubranti
1347 1030 1383 1061 ,.

330 1111 361 1166 et
381 1091 513 1166 Romae
535 1091 665 1193 procul
693 1090 820 1166 codice
849 1093 1099 1184 coniectanti,
1124 1116 1198 1168 non
1226 1096 1358 1171 medio

328 1220 393 1291 cris
423 1216 542 1292 hercle
568 1215 731 1291 molestia
755 1216 1024 1320 permultaeque
1052 1216 1291 1295 dubitationes
1309 1237 1358 1295 at·

328 1371 394 1443 que
417 1344 615 1418 anxietates
635 1339 839 1416 tolerandae
860 1343 1017 1417 luerunt.
1040 1339 1289 1419 Nihilominus
1309 1374 1356 1421 ne

329 1464 377 1538 sic
397 1465 547 1566 quidem
566 1467 738 1567 despondi
758 1468 937 1562 animum3
954 1465 1016 1539 sed
1035 1464 1142 1540 sicuti
1163 1464 1358 1544 (larensem

330 1593 565 1690 geographum
583 1593 709 1693 paucis
730 1591 823 1666 horis
835 1591 1052 1690 exscriptum
1065 1590 1162 1664 edidi
1174 1648 1185 1682 ,
1196 1590 1245 1665 ita
1258 1592 1357 1670 hune

332 1715 600 1811 grammaticum
612 1717 743 1816 raptim
763 1717 1041 1814 transcriptum,
1054 1714 1141 1790 dein
1153 1730 1288 1816 quanta
1299 1718 1357 1791 ab·

331 1867 408 1912 sens
419 1840 518 1938 potui
532 1840 761 1915 meditatione
775 1839 968 1940 expolitum
979 1840 1088 1940 ,typis
1101 1839 1213 1915 trado.
1227 1837 1355 1940 Neque

334 1992 385 2036 me
405 1964 668 2062 obiurgandum
688 1993 900 2066 magnopere
922 1981 1039 2065 puto,
1065 1962 1095 2036 si
1116 1965 1207 2038 sorte
1228 1962 1356 2038 menda

332 2089 418 2163 raria
432 2118 637 2191 erroresque
650 2118 668 2162 a
682 2090 816 2164 criticis
828 2088 1020 2189 aliquando
1032 2088 1358 2188 deprehendentur3

332 2215 480 2312 primum
495 2215 580 2314 quia
591 2232 693 2287 vetus
705 2241 829 2313 reapse
843 2213 1018 2312 scriptura
1036 2212 1244 2313 plerumque
1257 2213 1308 2287 ita
1320 2242 1357 2289 se

333 2339 461 2433 labet3
484 2337 614 2411 deinde
633 2338 715 2438 quia
736 2337 868 2411 codicis
890 2365 1002 2411 manu
1029 2337 1191 2412 versandi
1213 2339 1353 2415 brevius

333 2464 443 2551 iusto,
461 2481 501 2534 ut
518 2461 613 2551 dixi,
634 2480 767 2563 tempus
788 2490 855 2536 ncc
879 2462 1042 2537 idoneam
1063 2463 1143 2536 satis
1162 2464 1355 2540 commodi-

332 2605 433 2661 tatem
452 2588 677 2686 peregn'nans
693 2588 798 2659 homo
819 2615 898 2660 sum
919 2605 1064 2663 nactus:
1083 2615 1193 2687 quare
1213 2589 1277 2686 qui
1298 2617 1355 2663 co·

334 2712 449 2785 dicem
470 2709 565 2782 lente
588 2728 623 2782 et
650 2736 715 2808 pro
743 2708 846 2782 libito
875 2727 1022 2784 tractare
1048 2727 1211 2811 queunt,
1232 2710 1256 2781 ii
1271 2738 1352 2783 sane

333 2833 487 2938 ἅμθέγ
508 2831 622 2936 τύχην
644 2832 809 2927 laudent3
831 2834 915 2904 milri
939 2852 1056 2907 tamen
1072 2835 1226 2931 benigne
1241 2834 1353 2930 ignos-

332 2969 428 3038 cant,
451 2950 481 3022 si
501 2949 596 3049 quod
612 2951 675 3049 ipsi
689 2951 863 3024 elimatius
880 2953 994 3025 lacere
1007 2971 1189 3051 poterant,
1211 2982 1275 3053 ego
1290 2955 1353 3028 im-

332 3073 402 3171 pari
425 3073 631 3146 conditione
651 3074 848 3148 infirmatus
869 3075 996 3150 rudius
1013 3078 1184 3176 praestiti.
1203 3077 1354 3153 lnterim

332 3198 424 3297 quod
445 3199 546 3271 hunc
572 3199 728 3273 fructum
755 3228 798 3272 ex
825 3183 1043 3276 nobilissima
1071 3220 1107 3275 et
1136 3205 1223 3277 urhe
1244 3221 1281 3276 ct
1301 3205 1353 3278 bi·

334 3322 504 3395 bliotheca
527 3324 737 3416 retulerim,
757 3325 902 3423 gaudeo,

431 3450 464 3523 3.
493 3447 606 3520 Nunc
636 3466 675 3522 ut
702 3448 854 3549 aliquam
881 3447 1020 3547 Virgilii
1049 3451 1265 3547 grammatici
1292 3480 1353 3527 no·
1380 3451 1540 3561 ,3⁵:3¹er

332 3568 435 3642 titiam
463 3568 631 3656 tradam,
659 3587 812 3668 quatuor
839 3550 923 3642 rnilrl
950 3571 1123 3644 hactenus
1144 3571 1188 3644 de
1208 3572 1267 3646 illo
1287 3591 1352 3647 tes·

333 3709 375 3766 tes
392 3723 469 3769 sese
487 3691 698 3766 obtulerunt
713 3750 722 3780 ,
736 3721 890 3792 quornm
911 3694 1045 3794 primns
1065 3713 1116 3768 cst
1137 3696 1249 3769 codex
1271 3724 1352 3770 nea·

328 3821 499 3918 politanus
522 3880 531 3911 ,
552 3822 639 3893 alter
668 3821 799 3894 codicis
821 3823 955 3894 romani
979 3825 1215 3919 fragmentum
1234 3825 1271 3896 in
1294 3852 1353 3897 an-

326 3947 424 4043 gelica
454 3945 534 4021 ΡΡ.
567 3947 912 4043 Augustinianorurn
940 3948 1189 4036 bibliotheca,
1226 3949 1355 4023 tertius

325 4070 544 4148 Cainsredus
566 4070 812 4167 grammaticus
837 4070 955 4144 adhuc
985 4070 1174 4162 ineditus,
1203 4089 1353 4175 quartus
