3382 5206
725 625 769 670 DE
792 622 942 671 nomiae.

328 748 363 782 ⁰0·
384 729 489 781 litterae
512 728 726 797 pronuntiantur.

362 821 428 871 Item
437 819 465 870 in
473 817 523 869 hae
534 816 615 871 sorana
626 819 819 888 suprascripta.

327 923 380 975 qua
402 905 539 958 docuimus
557 904 674 957 ablativo
689 922 751 956 casu
767 923 820 955 nu-

325 991 389 1044 meri
400 991 541 1059 singularis
559 992 665 1043 numina
686 1010 732 1062 per
754 991 820 1043 duas

328 1100 363 1134 ⁰0·
392 1080 495 1132 litteras
516 1078 662 1135 declinari,
684 1077 821 1146 quaeritur

328 1168 362 1220 ab
377 1168 491 1236 eoquod
505 1168 576 1220 ‹lixit
597 1167 730 1233 Vergilius
741 1196 753 1205 -
765 1165 821 1233 pri-

326 1277 380 1311 mos
389 1246 498 1323 urgebat
508 1258 596 1312 Euo·.
611 1273 643 1306 au
656 1255 735 1307 sicuti
743 1256 822 1306 lirous

328 1364 372 1415 per
382 1361 471 1398 omncs
483 1361 576 1395 easuus
593 1342 690 1394 debeat
707 1340 823 1392 declina·

329 1450 362 1500 rr.
382 1432 469 1499 Quare
497 1429 546 1482 hoc
574 1446 728 1481 monemus.
750 1424 823 1494 quod

329 1532 510 1586 quaecumque
526 1517 632 1568 nomina
651 1513 767 1564 ablativo
781 1529 822 1562 ca-

330 1622 360 1656 sa
371 1603 473 1655 numeri
494 1603 634 1669 singularis
647 1620 693 1672 pcr
707 1601 773 1652 duas
786 1619 821 1651 ·u·

330 1693 432 1744 litteras
456 1692 638 1747 deliniuntur.
667 1703 695 1743 et
730 1699 822 1759 aptota

329 1798 385 1833 csse
411 1799 463 1832 nou
488 1779 672 1848 repperiuntur
688 1813 695 1834 ‚
711 1775 775 1827 haec
789 1777 822 1826 ad

330 1868 474 1937 exemplum
494 1866 589 1918 lucinae
607 1882 670 1917 suae
690 1880 736 1932 pcr
767 1882 823 1916 orn-

328 1976 373 2010 nes
391 1975 485 2010 casuus
503 1958 677 2009 declinantur.
698 1954 775 2007 Nunc
795 1954 822 2005 in

330 2049 379 2100 hac
390 2049 472 2101 forma
490 2051 590 2115 generis
601 2047 754 2103 masculini.
769 2063 823 2113 qua

331 2137 447 2189 diximus
482 2138 601 2191 ablativo
631 2154 692 2188 casu
720 2134 821 2188 numeri

330 2227 471 2293 singularis
489 2228 595 2278 nomina
611 2246 649 2278 ιο.
669 2227 759 2277 littera
775 2235 824 2276 tct-

330 2315 442 2371 minari‚
462 2325 489 2366 et
509 2313 672 2366 nominativo
693 2329 753 2364 casu
772 2331 823 2365 nu,

331 2403 395 2455 meri
413 2403 553 2469 singularis
568 2420 634 2455 ·0us·
661 2402 756 2454 litteris
774 2402 822 2453 de-

332 2491 402 2542 finiri
415 2491 481 2548 ‚hoc
494 2507 641 2545 menemus.
661 2489 732 2557 quod
749 2506 780 2539 cx
792 2506 822 2540 ca

332 2595 386 2633 nun
405 2597 435 2632 eo
454 2578 566 2648 plurima
587 2576 691 2630 nomina
722 2576 823 2645 possint

331 2666 459 2721 exhiberi·
484 2667 522 2717 De
543 2665 624 2716 lorrna
644 2662 745 2729 generis
764 2681 823 2712 ma-

332 2756 443 2811 sculini,
459 2772 513 2823 qua
531 2752 648 2804 ablativo
659 2768 720 2804 casu
730 2768 836 2805 numm,

334 2848 355 2899 ri
380 2843 520 2910 singularis
541 2842 644 2893 nomina
667 2860 702 2893 ·0·
732 2840 823 2892 littera

335 2933 529 2986 terminantur.
545 2939 573 2981 ct
588 2927 752 2980 nominativo
777 2945 822 2978 ca-

333 3039 365 3073 su
384 3019 483 3075 numeri
503 3019 644 3085 singularis
664 3035 731 3068 ·ous·
748 3015 825 3068 litte-

333 3109 368 3162 ris
379 3109 549 3162 definluntur,
560 3117 688 3176 quantum
702 3105 772 3158 ratio
780 3124 825 3176 po·

335 3197 441 3255 scebat,
462 3195 642 3249 tractavimus.

448 3282 491 3346 46.
515 3301 549 3334 nn
572 3282 714 3350 0vns·<1)

371 3371 558 3438 Quaecumque
589 3370 695 3420 nomina
727 3367 826 3432 generis

335 3457 472 3509 masculini
501 3455 618 3508 ablativo
638 3473 698 3525 casu
725 3454 826 3506 nuincri

334 3546 473 3610 singularis
485 3564 519 3595 ιο·
531 3546 619 3597 littera
635 3547 826 3599 terminantur.

334 3645 361 3686 ct
379 3634 543 3688 nominativo
563 3650 625 3685 casu
644 3633 742 3684 numeri
771 3631 830 3684 sin-

1266 594 1336 670 223

873 727 972 794 galatis
987 744 1056 779 aas·
1067 725 1170 794 syllaba
1188 725 1369 782 deliniuntur.

874 829 904 869 ut
919 829 985 888 puta
996 817 1029 868 ab
1038 818 1088 871 laec
1101 836 1176 870 servo
1188 853 1195 874 ‚
1206 817 1251 868 hic
1261 833 1368 873 servus,

872 904 939 956 haec
954 905 988 956 ad
1011 905 1060 958 hoc
1076 905 1222 974 exemplum
1236 903 1369 956 declinan-

874 1004 924 1045 tur.
944 993 1052 1071 Numeri
1079 992 1219 1059 singularis
1235 990 1301 1048 ‚hie
1317 1008 1371 1044 ser-

874 1099 941 1138 vus,
973 1081 1053 1134 huius
1080 1081 1168 1136 servi.
1192 1078 1257 1132 huic
1277 1097 1371 1136 servo·

874 1168 944 1221 lianc
973 1186 1093 1225 servum.
1123 1187 1138 1221 ο
1161 1185 1251 1225 servu.
1270 1166 1369 1221 abhuc

876 1275 961 1309 servo.
986 1258 1094 1310 Numeri
1115 1255 1225 1328 pluralis
1242 1292 1250 1314 .
1271 1255 1301 1308 hi
1320 1272 1372 1309 scr·

876 1345 918 1401 vi,
937 1345 1029 1397 horurn
1044 1362 1190 1402 servorum,
1208 1343 1251 1397 hit
1268 1344 1370 1398 servis.

875 1431 922 1484 hos
941 1449 1046 1488 serves.
1066 1451 1081 1483 n
1101 1432 1187 1488 servi,
1209 1429 1242 1483 ab
1264 1430 1307 1483 his
1322 1448 1370 1483 ser·

875 1519 925 1571 vis·
946 1519 989 1569 Sic
1008 1530 1035 1572 ct
1054 1519 1106 1569 alia
1125 1518 1227 1585 generis
1244 1516 1370 1569 masculi·
1417 1518 1431 1527 '

875 1608 902 1660 ni
914 1608 1028 1665 nomina,
1039 1624 1108 1676 quae
1121 1607 1237 1659 ablativo
1253 1622 1315 1658 casu
1324 1623 1369 1657 nu·

874 1699 939 1749 meri
957 1697 1098 1764 singularis
1117 1716 1152 1749 -οι
1176 1696 1265 1748 littera
1282 1692 1371 1748 termi-

877 1798 993 1843 nantur,
1010 1796 1038 1839 et
1053 1785 1217 1839 nominativo
1236 1801 1298 1836 casu
1320 1800 1374 1836 nu-

876 1877 939 1928 meri
958 1875 1099 1941 singularis
1128 1891 1195 1927 mus·
1211 1871 1314 1941 syllaba
1332 1873 1375 1926 dc·
1422 1932 1425 1937 ,

876 1962 1022 2016 liniuntur.
1044 1962 1078 2014 ad
1093 1961 1238 2031 exemplum
1250 1959 1374 2030 semiper

876 2069 964 2104 omnes
982 2069 1076 2104 easuus
1096 2051 1272 2103 declinantur.
1295 2049 1374 2102 Nunc

878 2139 906 2192 in
923 2140 972 2191 linc
988 2140 1166 2210 suprascripta
1189 2138 1271 2191 forma
1294 2155 1373 2207 quae·

878 2227 960 2284 riter,
977 2246 1030 2296 qua
1052 2227 1085 2278 dc
1101 2226 1232 2279 causahie
1246 2243 1327 2283 avus.
1341 2236 1370 2280 et

875 2334 928 2368 non
959 2315 1004 2367 liic
1032 2333 1079 2367 aus
1110 2309 1236 2366 dicatur?
1260 2312 1312 2365 hac
1340 2311 1374 2366 de

876 2417 969 2458 eausa,
987 2402 1112 2470 quoniam
1126 2417 1306 2470 quaecumque
1321 2418 1372 2452 no-

875 2489 948 2542 mina
967 2493 1068 2551 cerneris
1088 2489 1225 2543 masculini
1247 2488 1371 2556 genetivo

876 2590 937 2627 casu
958 2577 1059 2629 ammai
1087 2577 1228 2645 singularis
1248 2576 1297 2629 αἱ·
1325 2576 1374 2645 ayl-

876 2662 935 2713 laba
955 2664 1130 2716 terminantur
1155 2663 1220 2716 hacc
1248 2662 1371 2715 numina-

877 2751 932 2801 tivo
945 2766 1006 2801 casa
1029 2752 1128 2803 numeri
1143 2750 1284 2818 singularis
1301 2766 1372 2802 mus·

875 2838 976 2906 syllaba
1000 2840 1178 2896 dcfirriuntur,
1196 2850 1222 2891 ct
1249 2839 1308 2890 idco
1330 2839 1374 2891 hic

876 2946 957 2984 avus,
976 2943 1003 2980 et
1017 2946 1070 2980 non
1085 2929 1128 2979 liic
1140 2946 1202 2985 aus,
1217 2929 1301 2979 lacera
1315 2945 1371 2996 pru

877 3016 1024 3067 nuntiatur.
1053 3016 1129 3066 Nunc
1159 3016 1187 3067 in
1212 3015 1261 3067 hac
1290 3013 1372 3067 torna

876 3103 977 3169 ueneris
1005 3104 1157 3158 masculini,
1178 3121 1231 3172 qua
1250 3103 1370 3157 diximus

878 3190 995 3243 ablativo
1024 3207 1084 3240 cusu
1111 3191 1209 3241 numeri
1231 3189 1373 3257 singularis

878 3280 983 3330 nomina
1003 3297 1039 3328 ·o·
1059 3276 1149 3328 littera
1172 3275 1308 3329 terminari
1317 3313 1329 3354 ι,
1347 3287 1376 3330 et

879 3365 1043 3417 nominativo
1063 3382 1124 3415 casu
1151 3365 1253 3417 numeri
1276 3365 1372 3433 singu..

879 3454 942 3505 laris
962 3471 1028 3504 aus·
1049 3453 1151 3520 s)llaba
1178 3452 1300 3511 deliniri,
1319 3451 1371 3507 huc

880 3561 1012 3595 menemus
1024 3579 1030 3598 ,
1042 3541 1114 3609 quod
1130 3558 1163 3593 ex
1177 3558 1208 3592 ca
1219 3559 1271 3595 non
1281 3558 1374 3609 quarn·

880 3632 994 3702 plurima
1014 3629 1119 3681 nomina
1138 3627 1239 3699 possint
1263 3628 1374 3682 cullibe-

408 3845 447 3908 (1)
465 3849 522 3897 cod.
535 3865 589 3891 rurs.
607 3849 648 3892 sed
668 3848 723 3892 alibi
743 3851 805 3903 liresg
822 3863 865 3906 qna
883 3849 995 3889 varietate
1014 3844 1156 3902 siguificatur
1184 3843 1264 3890 littera
1287 3863 1370 3891 corrro-

347 3940 399 3969 aans
426 3931 458 3974 V,
483 3926 572 3969 livera
594 3939 605 3965 ι
624 3923 818 3985 roculilU.lulra
840 3933 914 3966 tanuen
938 3938 1023 3966 sericus
1041 3930 1189 3971 curistanter,
1208 3936 1249 3965 neu
1267 3937 1363 3969 serviet.

346 4008 450 4045 attamen
479 4003 499 4043 iu
528 4003 568 4043 linc
596 4000 669 4044 titula
698 4002 844 4046 serilamlum
866 4001 958 4043 omniuo
983 4008 1018 4044 ert
1043 4015 1102 4050 vus,
1133 4006 1159 4041 ut
1182 3995 1220 4043 liat
1243 3999 1362 4045 distinctio

346 4092 357 4120 ι
374 4082 528 4138 ιιιΙιιοΊυειιῑε
547 4094 599 4123 uua·
