3382 5206
407 593 469 670 162

367 723 517 798 repperitur
536 734 567 778 ut
585 734 653 797 putu
666 752 679 764 -
688 723 710 775 1²
712 723 807 777 annius
818 754 831 766 ·
844 745 853 788 ι

367 813 433 867 ten·
444 813 516 867 enim
528 819 681 882 corruptum
701 812 854 869 invenitur.

370 899 420 953 ·ui·
439 917 501 954 vero
519 899 674 954 oouiuuctio
690 915 746 950 esse
759 897 857 969 proba-

369 998 431 1045 tur.
451 1005 503 1040 οιιι·
522 997 611 1039 autem
629 998 782 1057 corruptum
800 1003 855 1039 esee

366 1075 529 1129 dinoscitur·
552 1075 596 1127 stc
612 1085 640 1129 et
658 1073 710 1127 alia
729 1073 854 1129 nomina.

369 1164 529 1233 inquorum
554 1166 640 1235 primu
662 1173 691 1217 et
713 1164 859 1218 novissime

341 1231 443 1325 *parte
452 1261 604 1322 corruptum
612 1251 760 1322 repperitur
769 1286 776 1306 .
786 1260 815 1303 et
830 1250 858 1302 iu

367 1339 457 1393 medio
484 1356 546 1409 paru
572 1338 699 1391 orationis
725 1336 858 1390 iuvenitur

365 1446 399 1482 ex
417 1439 541 1497 corrupto
559 1436 588 1478 et
609 1429 709 1492 integro
726 1437 753 1477 et
771 1443 857 1477 corrn-

367 1524 428 1585 ptu,
439 1512 473 1564 ud
486 1514 595 1580 figuram
611 1513 781 1583 compositam
797 1530 858 1582 per-

315 1634 321 1652 ,·
367 1607 452 1660 tinere
470 1616 659 1657 monstrantur.

402 1693 441 1745 nx
463 1691 566 1758 integro
579 1702 607 1743 et
621 1701 760 1760 corrupto.
772 1700 799 1744 et
814 1689 857 1740 in-

366 1789 440 1847 tegio
450 1788 478 1832 et
490 1789 632 1846 corrupto*
645 1809 652 1825 .
665 1777 764 1842 figura
778 1776 857 1828 nomi·

368 1881 431 1917 nun
450 1881 482 1918 ox
505 1865 606 1931 integro
632 1874 660 1918 et
689 1874 813 1933 corrupto
831 1872 859 1915 et

368 1950 470 2018 integro
495 1961 523 2003 et
545 1960 670 2019 corrupto
693 1951 859 2020 componitur

368 2037 477 2108 qnando
495 2037 524 2105 in
542 2037 626 2107 priora
646 2046 673 2090 et
691 2037 770 2089 tertia
794 2055 858 2107 par-

368 2134 397 2180 te
426 2126 540 2179 nominis
557 2124 685 2178 orationis
707 2143 768 2196 part
797 2145 857 2197 rep-

368 2214 489 2285 peritur.
509 2224 538 2266 at
564 2230 624 2267 vero
643 2213 672 2265 in
697 2214 811 2266 muntia
830 2225 857 2266 et

367 2302 511 2356 novissima
532 2311 686 2370 corruptum
712 2318 767 2354 esse
786 2303 857 2355 inve.

312 2434 317 2441 .
367 2390 466 2448 nitur.
491 2399 522 2442 ut
546 2401 612 2460 puta
632 2418 645 2430 ·
674 2391 855 2460 inportunus:

368 2476 418 2529 ·in·
437 2477 509 2529 enim
528 2479 689 2549 praepositio
718 2480 857 2548 utriusque

368 2579 445 2617 caune
459 2566 625 2635 repperitur,
651 2586 717 2636 ·por·
729 2584 790 2619 vero
803 2582 858 2621 cur·

368 2664 491 2724 ruptum.
505 2664 555 2708 ·tu·
576 2672 717 2723 pronomen
736 2673 792 2706 erse
811 2673 855 2706 eo·

368 2740 517 2809 gnorcitun
529 2760 598 2794 uns·
608 2753 696 2793 autern
705 2752 858 2811 corruptum

367 2846 424 2883 etto
442 2828 582 2899 probatur.
598 2831 640 2882 sic
658 2830 756 2883 eratin
772 2829 859 2883 nomi·-

370 2934 423 2975 ιιι.
442 2935 601 2987 inquorum
620 2919 703 2988 prirna
726 2930 753 2971 et
779 2920 859 2972 tertia

368 3015 444 3077 parte
462 3004 669 3075 parturitionis
688 3004 857 3075 repperitur,

276 3099 283 3105 ’
313 3100 316 3105 ’
370 3101 480 3145 atvero
498 3093 527 3144 in
545 3091 659 3144 secunda
674 3101 699 3143 et
713 3090 858 3145 novissima

370 3192 524 3252 corruptum
560 3186 616 3235 esse
650 3179 786 3233 invenitur
825 3196 859 3231 ex

369 3266 472 3334 integro
488 3279 516 3321 er
533 3277 658 3338 corrupto
675 3276 702 3321 er
722 3268 822 3332 integro
833 3277 865 3320 ot¹

240 3402 247 3411 .
329 3424 336 3439 x
368 3354 555 3424 eorruprrmd
570 3357 677 3420 figuram
691 3354 860 3423 compositam

369 3443 506 3514 pertinere
535 3441 692 3511 probantur·
711 3470 727 3483 ·

405 3532 445 3584 Ex
455 3543 579 3603 corrupto
588 3543 615 3584 et
627 3532 727 3596 integro
737 3540 765 3582 et
774 3545 863 3582 oorru·

275 3615 283 3625 ²
369 3627 418 3688 pto
428 3629 455 3671 et
464 3617 706 3686 integrm-Figura
725 3616 860 3670 nominum

368 3720 404 3757 ex
412 3715 536 3775 corrupto
553 3714 580 3756 et
600 3704 716 3770 integro,
728 3714 756 3756 et
773 3720 862 3755 corru-

369 3802 418 3863 pto
432 3801 460 3845 et
473 3791 575 3858 integro
591 3790 757 3861 componitur
772 3807 861 3858 quau-

370 3883 407 3934 do
419 3879 448 3934 in
465 3883 549 3950 prima
558 3890 585 3932 et
597 3880 675 3931 tertia
687 3889 763 3949 parte
773 3878 861 3932 uomi-

371 3970 415 4022 uit
430 3977 583 4037 corruptum
601 3965 757 4022 iuvenitur,
772 3976 802 4016 at
819 3983 862 4018 ve·

371 4075 403 4112 ru
421 4057 450 4113 in
467 4056 582 4111 munda
600 4064 628 4108 et
646 4055 789 4109 nururimn
802 4073 863 4127 pars

640 617 897 671 cunntntcus
925 617 1126 667 vtrtctnus

906 723 1034 777 orationis
1054 739 1113 775 esee
1126 718 1293 792 repperitur.
1308 728 1340 773 ut
1356 735 1407 790 pn-

909 823 961 865 tu-
976 811 1122 864 curuum
1138 837 1153 850 -
1179 827 1230 861 ·ea·
1249 809 1321 862 enim
1340 827 1403 862 cor-

909 909 1017 968 rnptnrn
1044 895 1200 954 invenitur.
1223 907 1276 950 ·tu·
1300 913 1401 966 prono·

909 1003 968 1038 rnen
983 1002 1039 1038 eree
1054 983 1202 1056 probatur.
1219 983 1259 1036 ti·
1274 1001 1336 1038 voro
1347 1002 1402 1038 cor·

909 1083 1016 1144 ruptum
1034 1089 1089 1125 esse
1102 1070 1300 1136 consideratum
1318 1089 1403 1124 nam·

911 1172 999 1214 autem
1017 1159 1171 1214 coniunctio
1182 1176 1239 1213 oste
1251 1158 1403 1213 munitum

910 1263 965 1307 tur.
979 1251 1021 1302 Sic
1039 1260 1068 1302 et
1086 1249 1139 1301 alia
1155 1249 1281 1307 nomina.
1296 1248 1404 1318 inquo·

912 1359 969 1392 rum
987 1339 1073 1411 prima
1091 1352 1118 1393 et
1137 1339 1218 1392 tertie
1243 1348 1320 1409 parte
1342 1354 1404 1391 cor-

910 1439 1019 1498 ruptum
1044 1427 1197 1483 invenitur.
1226 1435 1255 1478 ut
1285 1441 1348 1477 vero
1375 1423 1403 1476 iu

910 1515 1025 1570 wcuuda
1050 1524 1078 1567 et
1103 1513 1195 1566 ultima
1216 1531 1277 1584 pars
1301 1511 1404 1565 oratio·

909 1603 951 1656 uis
975 1619 1030 1656 eure
1049 1602 1183 1655 iuvenitur
1215 1619 1249 1656 ex
1276 1608 1402 1670 corrupto

910 1701 937 1744 et
951 1692 1051 1759 integro
1065 1704 1092 1748 et
1104 1701 1228 1761 corrupto
1240 1700 1267 1742 et
1283 1689 1400 1756 integro,

911 1780 944 1832 ad
963 1782 1072 1847 figuram
1093 1780 1264 1851 compositam
1283 1780 1401 1852 pertine-

912 1884 940 1920 re
956 1879 1144 1920 monstrantur.

945 1957 985 2009 Ex
996 1955 1108 2023 integris
1122 1966 1151 2008 et
1162 1964 1286 2024 corrupto
1295 1983 1312 1993 -
1321 1952 1401 2019 Figu-

912 2060 940 2095 ra
955 2043 1088 2095 nominum
1102 2059 1135 2093 ex
1151 2041 1260 2108 integris
1271 2052 1298 2092 et
1309 2056 1403 2090 corru-

909 2138 957 2198 pto
965 2128 1144 2197 componitur.
1156 2127 1264 2196 quando
1279 2126 1306 2177 in
1317 2124 1403 2194 prima

911 2226 985 2287 parte
1004 2215 1119 2268 nominis
1129 2215 1199 2267 duae
1212 2213 1254 2267 vei
1272 2231 1306 2265 eo
1319 2212 1406 2282 plures

911 2316 998 2375 partes
1006 2296 1135 2358 oraiiuniu
1145 2303 1336 2373 repperiuntur
1346 2317 1406 2353 con·

908 2392 1021 2445 stitutae
1031 2403 1059 2444 et
1073 2392 1101 2443 in
1113 2389 1238 2460 sequenti
1248 2399 1404 2458 corruptum

910 2482 1046 2534 invenitur
1074 2481 1244 2535 uouentem,
1275 2488 1306 2529 ut
1339 2487 1405 2546 putu

909 2595 925 2607 ·
936 2569 1060 2621 vinitor-2
1072 2567 1121 2619 αἱ·
1142 2568 1212 2620 enim
1226 2582 1320 2631 nomen
1349 2580 1407 2615 esne

909 2656 1080 2724 repperitur,
1104 2673 1140 2705 ϊ
1159 2671 1221 2707 vero
1240 2646 1406 2721 praepositio

910 2742 1023 2796 ablativi
1034 2759 1111 2795 casus
1120 2758 1177 2794 esse
1187 2738 1317 2810 probatur
1327 2773 1335 2789 .
1344 2747 1406 2788 ·tor.

912 2841 999 2882 autem
1013 2839 1165 2899 corruptum
1178 2844 1234 2879 esse
1248 2825 1409 2897 pronuntia-

912 2928 965 2971 tur.
980 2919 1018 2970 Eo
1028 2918 1114 2987 piures
1125 2927 1173 2973 ‚ut
1182 2926 1246 2985 puta
1259 2951 1266 2971 .
1280 2942 1294 2954 -
1309 2912 1407 2966 iurisi-

909 3002 1120 3057 bilis2·iu·enirn
1129 3001 1293 3074 praepositio
1308 3000 1408 3052 utrius·

911 3089 1408 3163 quecususesserepperitur,.vi.vero

913 3196 1006 3231 nomeu
1020 3180 1155 3232 invenitur
1167 3215 1175 3236 ‚
1189 3179 1232 3231 ·si·
1249 3175 1407 3229 coniunctio

913 3264 1115 3321 manifestatur.
1130 3265 1214 3317 tilis·
1230 3275 1320 3317 autern
1334 3279 1407 3315 nnnc

913 3364 1066 3423 corruptum
1076 3369 1132 3404 esse
1148 3350 1350 3421 pronuntiatur·
1363 3348 1408 3401 stc

913 3448 941 3491 et
959 3440 1012 3490 uiin
1031 3439 1137 3490 nomina
1152 3442 1307 3508 inquorum
1323 3437 1408 3507 prim

913 3537 991 3597 parte
1010 3527 1079 3579 duae
1097 3527 1140 3579 rei
1158 3544 1192 3579 eo
1210 3527 1301 3597 piures
1319 3537 1410 3597 parter

913 3617 1042 3669 orationis
1067 3634 1123 3670 etse
1151 3618 1356 3686 repperiuntur,
1383 3623 1411 3666 et

914 3703 942 3753 in
969 3702 1093 3772 sequenti
1120 3714 1276 3774 corruptum
1303 3701 1411 3755 inremi-

914 3796 976 3854 tuij
995 3809 1029 3843 ex
1055 3791 1165 3858 integris
1181 3802 1211 3845 et
1230 3801 1357 3862 corrupto
1376 3789 1411 3841 ad

915 3883 1025 3949 figuram
1067 3885 1239 3954 compositam
1275 3893 1413 3954 pertinere

916 3979 1109 4025 monstrantur.

953 4059 994 4111 Ex
1004 4067 1129 4128 oormpto
1141 4068 1171 4112 et
1182 4057 1416 4128 integris-Figu-
