3382 5206
487 584 564 698 lbi}
814 620 980 677 ursosmrs
1006 616 1133 678 ruunt.

456 728 600 809 lrarnite
627 736 765 811 adeunt
791 737 916 811 saltum
948 748 1120 830 turmae,
1147 739 1318 842 almaque>
1343 742 1484 818 cudunt

450 856 578 928 {ramis
605 857 752 947 robora,
780 876 899 932 erutas
920 861 1103 934 securibus
1124 877 1292 962 torquent
1313 863 1480 955 astellas,

453 976 659 1078 edictasque
679 979 811 1052 strictis
829 978 1001 1053 scindunt
1020 981 1151 1054 hornos
1171 983 1326 1057 arietum
1345 985 1480 1058 machi·

453 1096 536 1186 nis,
562 1100 761 1198 refertaque
791 1099 943 1173 robustis
970 1116 1175 1200 ansportant
1196 1100 1350 1202 plaustra
1371 1102 1477 1201 iugis.

452 1215 521 1293 Hic
547 1246 714 1295 sonoreus
740 1220 896 1321 soporeis
916 1248 978 1294 nos
1000 1222 1132 1295 excitat
1154 1221 1327 1297 turnultus
1353 1249 1478 1325 expet»

437 1343 545 1440 ''gesci
572 1341 765 1431 thalamis,
791 1342 930 1416 ventiles
959 1343 1137 1443 corporeis
1165 1342 1328 1441 colligere
1356 1363 1475 1423 strues

446 1462 631 1541 mediadis.
660 1462 755 1538 Hinc
783 1461 1009 1538 mollilormes
1028 1478 1142 1538 artnte
1162 1463 1294 1540 tolibua
1317 1466 1470 1565 trebias,

447 1580 603 1659 elboreas
631 1583 712 1661 rudi
738 1583 842 1683 bysso
870 1583 1026 1684 pelliceis
1056 1582 1186 1685 stipate
1218 1585 1362 1660 camisas
1397 1586 1474 1663 bat·

446 1701 564 1792 theia,
586 1717 751 1801 argentea
771 1701 875 1775 solvis
896 1701 990 1799 figite
1010 1701 1157 1777 lumilas
1184 1701 1310 1793 stolis‚·
1334 1694 1467 1779 bland·

446 1823 592 1899 evolvite
626 1821 845 1910 mutatoria,
880 1810 1072 1924 mollesque
1107 1823 1267 1922 lanigero.
1300 1824 1468 1926 amplexu

446 1961 562 2046 aptate
590 1960 733 2042 tapetes.

526 2065 558 2138 8.
588 2062 778 2163 Soplricarn
812 2063 991 2136 stemicate
1022 2062 1229 2152 coloniam,
1259 2091 1301 2138 ac
1333 2063 1470 2142 litters·

441 2182 493 2258 lcs
514 2182 745 2284 speculamini
765 2183 893 2282 apices.
922 2181 1099 2256 Nonnulli
1119 2181 1351 2257 cerimonicst
1370 2212 1469 2260 arca-

442 2302 511 2376 tori
541 2302 713 2402 trophea,
741 2301 771 2375 si
791 2301 970 2374 salubrem
990 2317 1157 2400 pectorco
1183 2300 1339 2400 carperit
1365 2329 1466 2404 sopo

440 2449 516 2497 rem
542 2423 717 2511 claustro,
746 2421 786 2495 ni
812 2421 977 2494 rutilante
1002 2421 1152 2520 phoebei
1174 2422 1320 2496 orientis
1338 2423 1466 2500 ardore

441 2543 657 2618 somniosum
678 2540 837 2616 evellerit
857 2541 1030 2641 palpebris
1051 2542 1377 2634 oblectamentum,
1407 2548 1469 2619 tri·

442 2679 585 2767 tamque
605 2661 773 2762 aptaverit
794 2660 924 2733 lumbis
944 2661 1159 2758 stragulam,
1182 2663 1384 2738 lectoralem
1405 2682 1465 2738 cu·

440 2782 524 2857 dere
544 2783 767 2858 industriam.
784 2783 837 2860 Ut
856 2784 942 2883 quid
958 2811 1022 2856 nos
1039 2784 1239 2856 tonitruoso
1259 2811 1467 2858 sermonum

438 2905 559 2978 obruis
580 2904 769 3004 clangore,
792 2922 827 2978 et
851 2905 1008 2978 internas
1031 2903 1209 3004 loqueloso
1230 2922 1366 2979 tumore
1388 2934 1464 3006 per-

437 3025 557 3097 turbas
582 3024 724 3096 aurium
753 3027 953 3099 cavernas?
981 3023 1115 3098 Totum
1143 3022 1299 3126 namque
1320 3043 1467 3100 noctur·

437 3143 480 3219 ni·
503 3144 631 3242 ligonis
656 3145 830 3220 lectriceis
858 3145 1064 3218 censuimus
1092 3146 1246 3218 stadium
1274 3145 1461 3241 excubiis3

435 3286 494 3342 vos
520 3293 664 3365 soporea
690 3266 891 3340 oblectastis
919 3293 1044 3365 pernas
1064 3266 1172 3341 tabe:
1199 3265 1243 3339 ob
1262 3266 1331 3339 hoc
1358 3292 1462 3339 nunc
1548 3359 1552 3367 Ι

437 3384 684 3460 somnolentus
706 3415 769 3460 nos
791 3386 890 3484 stigat
913 3404 1035 3460 tactus.
1063 3383 1219 3480 Quidam
1237 3385 1281 3458 ‹le
1306 3386 1376 3459 hoc
1403 3387 1463 3459 do

436 3523 555 3581 ctoreo
583 3507 826 3605 congelamine
858 3523 1084 3607 spumantem
1111 3506 1216 3579 ‘adeat
1242 3507 1464 3607 mancipator

431 3625 594 3715 laticem,
615 3644 656 3700 ut
676 3626 831 3699 vitreum
850 3625 1013 3699 scaloreis
1029 3625 1266 3724 propinaverit
1282 3626 1463 3702 fluentum

429 3742 562 3818 i'dumis
582 3761 760 3819 nocturna
780 3745 927 3818 fontana
949 3760 1089 3841 tergere
1112 3745 1208 3817 luem
1232 3731 1340 3818 unde.
1364 3743 1463 3817 Stor-

431 3890 498 3941 nos
525 3863 688 3947 concavis
705 3848 839 3936 ‘solvite
860 3864 968 3935 factos
991 3861 1181 3946 arclrimis,
1208 3890 1250 3937 ac
1274 3862 1459 3962 sophicam

430 3981 626 4057 auscultate
647 3979 873 4056 industriam:
888 3979 1324 4056 murmureussuscitetur
1344 3980 1381 4054 in
1403 4008 1461 4056 ae·
