3382 5206
609 579 753 627 ermom:
780 580 809 627 V.
1124 582 1194 660 127

200 697 404 801 parioribus
428 710 578 785 tractat,
600 713 639 768 ut
659 694 821 800 allipplza
845 700 891 798 (a)
913 723 976 796 pro
997 698 1136 793 anima3
1154 705 1224 803 spi-

199 825 306 900 ridon
324 850 388 923 pro
403 820 551 920 spiritu3
566 836 694 922 repota
710 849 773 921 pro
787 821 984 896 virtutibus
1006 822 1224 923 quibusdam

198 948 389 1051 supernis3
409 950 616 1019 sanamiana
635 972 726 1020 antu
739 975 802 1046 pro
816 945 974 1047 quadam
991 948 1133 1022 unitate
1152 945 1226 1024 Dei

201 1072 264 1146 alti
286 1073 351 1171 (r)
373 1067 453 1142 Hoc
473 1095 612 1168 semper
631 1097 760 1167 genere
775 1077 952 1145 sernmm's
968 1070 1021 1143 vir
1039 1072 1089 1173 (b)
1106 1072 1228 1174 loque·

201 1197 305 1269 batur
323 1192 384 1266 hic
407 1194 468 1291 (c).

254 1319 288 1391 3.
314 1314 494 1413 Vergilius
515 1316 656 1390 asianus
680 1317 869 1416 primarius
890 1319 1032 1418 quidam
1055 1320 1106 1420 (d)
1129 1321 1223 1423 apud

204 1441 493 1542 Cappadociam,
528 1441 579 1513 vir
611 1439 836 1516 dulcissimus
868 1458 967 1531 erat,
1002 1443 1038 1516 in
1071 1444 1224 1544 physicis

205 1565 289 1640 satis
310 1591 466 1663 gnarus,
488 1579 524 1636 et
544 1565 580 1637 in
603 1568 865 1666 computatione
890 1567 994 1641 lunae
1023 1587 1059 1642 ct
1085 1596 1226 1642 mensu·

204 1714 265 1762 um
286 1690 332 1787 (e)
356 1686 613 1786 sagacissimus.
633 1686 702 1762 llic
722 1689 941 1763 scholasticis
958 1690 1032 1764 suis
1048 1690 1162 1766 aiebat
1177 1692 1223 1765 de

203 1813 359 1888 tonitruo
386 1812 716 1909 interrogantibus,
746 1813 909 1913 spiritum
937 1815 1118 1916 quendam
1147 1845 1224 1891 esse

204 1938 363 2012 inusitati
390 1937 513 2027 venti,
541 1937 604 2039 qui
630 1937 845 2037 praestitutis
871 1940 1091 2040 temporibus
1123 1968 1225 2016 mun·

204 2064 250 2136 do
277 2062 436 2154 intonat,
457 2079 493 2136 et
521 2063 626 2138 euius
649 2089 757 2135 sonus
784 2061 973 2153 tonitruit‚
997 2064 1103 2139 cuius
1120 2083 1225 2142 natu·

206 2217 245 2262 ra
264 2189 354 2261 haec
376 2202 427 2260 est
446 2204 484 2260 ut
504 2184 600 2259 solus
619 2185 785 2257 humanis
806 2186 972 2260 sensibus
993 2187 1146 2285 ingerat,
1160 2192 1226 2292 qui

204 2339 278 2386 non
298 2328 370 2384 tam
396 2308 577 2410 spiramen
604 2334 709 2408 quam
736 2307 929 2405 fulgoream
962 2309 1138 2386 flammam
1165 2314 1225 2387 ha-

203 2436 280 2524 bet,
300 2461 409 2535 quem
429 2451 463 2507 et
483 2433 647 2507 altiorem
668 2431 834 2505 omnibus
856 2434 997 2524 ventis,
1019 2452 1053 2508 et
1080 2439 1224 2536 prosun-

204 2557 302 2631 diora
321 2556 486 2631 omnium
505 2575 692 2658 penetrare
716 2556 903 2633 asserebat.
923 2555 1043 2651 Quem
1067 2586 1151 2632 cum
1168 2560 1223 2635 in·

204 2702 430 2783 terrogassem
446 2699 651 2756 utrumnam
669 2682 729 2753 hic
753 2698 877 2754 ventus
901 2685 1040 2785 propria
1065 2685 1220 2760 dictione

204 2837 250 2882 an
271 2810 384 2883 aliena
405 2825 612 2907 regeretur,
632 2833 816 2881 assumens
828 2809 995 2906 pagellam
1008 2807 1121 2899 ,·IIll·
1141 2825 1222 2911 pott-

205 2931 291 3004 ticos
316 2933 469 3006 confecit
487 2958 607 3004 versus
629 2930 674 3002 ita
697 2930 882 3030 inquiens:

438 3055 589 3129 Summa
615 3054 654 3125 in
685 3054 832 3127 summis

437 3177 568 3252 Potens
596 3177 698 3252 caelis

438 3299 614 3402 Celsaque
643 3317 773 3375 cuncta

439 3425 626 3501 Gubernat
655 3425 753 3499 celsa.

348 3596 379 3625 st
406 3548 653 3624 Hebraeorum
678 3547 789 3622 Deus.

268 3751 304 3812 (a)
322 3756 390 3795 aereo
411 3750 467 3809 effla
492 3747 530 3794 nt
550 3750 625 3808 ψει.
673 3743 713 3811 (h)
731 3748 787 3791 cod·
806 3752 882 3791 varus.
930 3746 968 3808 (e)
986 3749 1040 3793 eos.
1055 3755 1129 3806 prema
1144 3765 1221 3808 μω

206 3835 332 3894 isuardum.
364 3832 403 3893 (d)
420 3833 474 3882 eod.
491 3831 562 3875 haec·
592 3829 632 3895 (o)
651 3832 694 3875 Pro
710 3835 844 3878 mensium,
866 3836 892 3871 ut
909 3826 974 3873 alibi.
992 3830 1034 3874 ted
1050 3841 1127 3879 tamen
1146 3838 1219 3881 0112.

207 3915 284 3961 fredus
300 3911 389 3975 (supra
407 3931 430 3973 p·
446 3909 484 3958 28·
501 3927 523 3956 n·
541 3912 580 3975 t.)
596 3910 687 3970 legebat
703 3914 824 3952 mensium.

273 4062 312 4134 (t)
332 4063 466 4119 Hactenus
486 4058 616 4136 pertingit
634 4055 746 4126 angelici
765 4055 865 4111 codicis
885 4053 1069 4123 fragmentum.
