3382 5206
371 590 433 656 vsu
747 599 789 645 nr
815 596 963 647 vissuto

345 713 500 812 denique
522 714 627 790 Abho
648 715 864 811 floriacensis
892 721 930 790 in
953 744 1017 791 suo
1031 720 1296 792 commentario
1320 719 1363 791 ad

278 874 284 885 .
337 836 495 914 Victorii
526 821 685 943 aquitani
712 841 889 915 calculum
919 869 1032 944 aeque
1061 841 1207 915 inedito.
1235 839 1281 912 Et
1310 867 1366 912 co·

340 963 407 1037 dex
440 967 588 1067 quidem
624 965 804 1065 angelicus
835 984 940 1067 atque
976 965 1192 1040 Gainsredus
1225 964 1365 1062 Virgilii

341 1089 589 1164 tantummodo
621 1116 749 1163 nomen
773 1146 783 1177 ‚
810 1089 956 1190 eiusque
988 1117 1136 1190 operum
1167 1088 1364 1188 grammati-

339 1209 468 1285 calium
489 1203 657 1313 'excerpta
675 1213 823 1287 tradunt
845 1217 897 1314 (r)
919 1244 929 1310 3
949 1212 1054 1287 Abho
1074 1232 1193 1287 autem
1211 1215 1362 1314 patriam

335 1363 476 1438 quoque
512 1336 654 1436 Virgilii
688 1339 819 1412 revelat
852 1337 1019 1412 Tolosam
1051 1342 1103 1438 (α)
1129 1397 1138 1428 ,
1167 1364 1275 1438 quarn
1295 1366 1362 1411 ur-

331 1462 414 1535 bem
449 1462 547 1535 omni
583 1480 744 1564 tempore
778 1464 977 1538 scholarum
1011 1464 1196 1538 nobilitate
1231 1464 1361 1538 claram

330 1586 409 1659 fasti
434 1587 577 1663 docent.
613 1587 786 1664 Ceterum
813 1618 931 1692 neque
962 1590 1054 1689 apud
1085 1590 1274 1664 Maurinos
1306 1590 1361 1662 lit·

331 1711 481 1785 terariae
508 1710 693 1785 Gallorum
718 1712 884 1785 historiae
911 1726 1100 1803 auctores,
1127 1743 1244 1814 neque
1264 1714 1358 1814 apud

332 1834 400 1907 alia
421 1835 643 1909 doctissimae
665 1836 779 1934 gentis
799 1854 1027 1910 monumenta
1049 1833 1240 1935 Virgilium
1259 1842 1358 1912 hunc

330 1977 561 2033 memoratum
580 1959 664 2033 vidi.
687 1956 806 2054 Quare
828 1978 1012 2060 superest,
1032 1978 1074 2034 ut
1094 1962 1272 2062 reliquam.
1284 1993 1358 2035 orus

327 2082 489 2156 notitiam
516 2083 662 2159 nonnisi
696 2115 714 2158 e
747 2087 888 2185 scriptis
915 2087 1074 2160 eiusdem
1098 2145 1106 2175 ‚
1134 2116 1225 2187 quac
1257 2114 1356 2160 nunc

313 2208 516 2297 xeduntur,
549 2210 778 2285 hauriamus.
810 2210 931 2310 Atque
961 2210 993 2299 is
1024 2210 1063 2283 in
1094 2211 1215 2311 primis
1247 2210 1358 2283 natio·

327 2359 374 2404 ne
407 2360 442 2405 se
471 2331 603 2431 gallum
623 2335 806 2406 manifeste
833 2334 1049 2409 demonstrat
1075 2363 1108 2434 p.
1132 2337 1190 2408 32.
1210 2362 1282 2433 quo
1306 2335 1356 2406 lo-

329 2460 434 2531 code
461 2461 614 2559 quodam
643 2460 730 2533 dicit
753 2466 872 2557 gallen
897 2474 1018 2533 noster
1030 2488 1046 2548 ,·
1073 2460 1202 2532 deinde
1231 2490 1262 2560 p.
1284 2465 1354 2557 44:

324 2588 428 2655 multi
445 2600 649 2659 nostrorum
671 2590 830 2683 nraxime
846 2588 1041 2683 gallorum.¹
1057 2582 1102 2656 Et
1128 2584 1233 2683 paulo
1254 2601 1354 2682 post:

324 2714 360 2779 r‘n
384 2708 598 2814 quibusdam
620 2713 801 2807 gallorum
827 2724 1032 2783 nostrorum
1056 2715 1209 2810 scriptis.
1237 2710 1349 2783 Habe-

321 2859 400 2904 mus
431 2832 540 2930 igitur
569 2833 751 2906 hominem
777 2834 907 2930 gallum
935 2831 1081 2906 Tolosae
1103 2835 1243 2931 civem:
1272 2833 1353 2906 Vir-

321 2955 396 3053 gilii
416 2984 545 3030 nomcn
567 2958 682 3032 medio
703 2959 808 3032 etiam
828 2986 910 3031 aevo
929 2960 967 3031 in
984 2957 1096 3032 Gallia
1117 2987 1189 3032 non
1211 2977 1265 3033 ost
1285 2961 1349 3032 mi·

322 3084 497 3187 randum:
518 3083 715 3182 complures
743 3085 840 3156 enim
858 3101 1031 3184 apparent
1050 3083 1131 3171 alii,
1151 3112 1181 3158 v.
1195 3111 1242 3180 gr.
1256 3083 1348 3181 apud

323 3206 508 3281 Cointium
528 3209 564 3280 in
582 3207 828 3282 ecclesiasticis
847 3206 1069 3279 Francorum
1081 3207 1266 3279 annalibus
1288 3225 1348 3295 et,

320 3332 414 3431 apud
427 3330 674 3432 Bouquetium
686 3359 754 3404 rer.
772 3330 847 3428 gall.
860 3347 894 3402 et
914 3330 1027 3402 franc.
1042 3329 1158 3426 script.
1171 3386 1180 3415 ,
1194 3356 1261 3402 noc
1275 3358 1347 3401 non

318 3453 411 3554 apud
423 3453 680 3529 Mabillonium
691 3453 728 3525 in
741 3452 925 3526 annalibus
939 3450 1349 3526 Benedictinornrn.Vir-

321 3582 426 3679 gilius
451 3582 623 3655 diaconus
652 3581 786 3655 litteras
816 3579 973 3679 episcopi
1009 3579 1277 3651 ravennatensis
1304 3577 1348 3648 ad

320 3703 531 3803 Gregorium
545 3705 573 3779 l.
586 3702 659 3778 ΡΡ.
673 3704 810 3780 detulit.
825 3708 876 3803 (3)
894 3702 951 3774 Ad
972 3702 1162 3799 Virgilium
1176 3702 1348 3775 arclaten-

396 3937 441 4010 (ι)
462 3939 493 3991 ln
507 3938 558 3989 hac
574 3955 630 3990 nica
644 3939 763 3991 stitione
773 3958 817 4009 pp·
833 3934 873 3990 18.
884 3932 1030 4012 apoll-35·
1041 3931 1076 3988 65
1097 3931 1139 4006 90
1151 3931 1194 4003 98.
1208 3934 1263 3994 sil.
1277 3933 1337 3995 sal.

394 4029 440 4101 (a)
460 4032 539 4100 Apud
558 4050 599 4085 me
619 4031 647 4084 in
666 4032 715 4085 hoc
734 4032 868 4085 volumine
887 4048 946 4103 pag·
967 4026 1030 4102 349.

387 4119 434 4191 (3)
454 4123 566 4193 llegistr.
582 4122 629 4177 tib·
642 4123 689 4175 vt,
706 4142 747 4195 ep·
758 4124 803 4190 αξ.
