3382 5206
355 560 419 636 158

446 704 486 747 12·
499 704 534 742 Μ
544 699 683 742 mum·

319 812 434 924 Etiam
447 865 480 918 de
494 861 602 945 syllabis
614 859 741 931 quoniam
755 873 808 911 non

320 956 410 1010 brevia
427 954 496 1008 ratio
514 963 572 1008 ert.
599 950 660 1003 idco
679 948 731 1002 alio
750 947 807 1001 loco

322 1052 490 1113 conpetenter
508 1036 691 1093 tractabimus.

357 1213 397 1270 ιδ.
418 1233 453 1268 ιιι
472 1229 605 1268 rarrrnne
624 1222 784 1265 onarronrt.

324 1335 440 1446 Partes
458 1387 586 1442 orationis
600 1394 662 1438 nunt
679 1392 752 1436 octo:
766 1397 812 1432 no·

324 1497 384 1532 meu
398 1514 406 1536 .
434 1492 575 1548 pronomen
589 1509 596 1528 .
621 1467 811 1542 participium·

324 1569 498 1625 adverbium.
518 1562 690 1620 coniunctio.
706 1576 812 1632 praepo·

325 1659 405 1717 urio,
425 1653 587 1711 interiectio.
605 1648 724 1705 verbum.

462 1833 501 1896 rt·
521 1842 556 1881 nr
574 1838 689 1880 nonina·
751 1810 762 1825 ⁴

328 1947 461 2064 Nomen
478 2011 518 2054 eat
531 1997 632 2054 scilicet
644 2013 705 2069 para
717 1993 814 2049 oratio·

327 2095 379 2149 nit.
398 2087 504 2143 llomini
522 2084 662 2142 accidunt.
681 2080 814 2151 qualitas·

329 2196 431 2250 genua,
449 2179 550 2244 figura.
575 2172 751 2243 comparatio,
770 2186 813 2221 or·

327 2269 362 2329 do
381 2303 390 2327 ‚
408 2262 508 2319 numeri
527 2299 536 2321 .
554 2278 651 2316 maur,
672 2265 815 2310 accentua-

430 2439 472 2498 ι5.
490 2457 526 2495 ιιι
546 2453 715 2506 ρυιιιτιτι.

391 2619 488 2673 ualitaa
499 2614 632 2670 nominum
645 2623 703 2670 est,
717 2629 771 2682 qua
783 2614 820 2665 in·

331 2714 490 2777 teltcguntur
509 2703 614 2758 nomina
633 2701 723 2770 qualia
741 2709 820 2756 aunt.

331 2798 420 2856 idest.
451 2794 558 2867 propria
586 2809 621 2845 an
649 2789 819 2860 appellativa.

332 2886 442 2959 Propria
460 2893 524 2938 aunt
542 2879 648 2933 nomina
671 2878 777 2931 deorum
795 2888 822 2932 et

331 2976 484 3032 hominum.
495 2988 564 3042 quae
572 2971 656 3041 prima
669 2967 822 3037 accipiunt.

331 3066 383 3121 hoo
407 3074 448 3117 est
470 3061 566 3131 utique
591 3057 690 3128 quibua
716 3073 819 3108 nuncu·

334 3165 450 3227 pantur.
469 3160 500 3203 ut
518 3160 606 3220 puta,
636 3147 743 3198 deorum
755 3146 818 3213 lup-

332 3243 419 3315 piter,
432 3241 500 3292 Iuno
513 3273 520 3295 .
531 3239 724 3308 Neptunus‚ot
733 3244 820 3285 cetera

333 3331 406 3386 talia·
422 3330 485 3382 ltem
499 3324 633 3378 hominum
647 3322 753 3379 Cicero,
773 3321 820 3372 Te·

333 3420 457 3472 reatina.
477 3412 572 3468 Plato.
589 3421 617 3464 ot
636 3421 721 3463 cetera
746 3408 822 3462 talia.

334 3503 503 3578 Appellativa
522 3510 609 3553 autem
627 3508 690 3551 aunt
716 3497 822 3551 nomina

334 3592 489 3648 animalium
506 3599 534 3642 et
548 3585 744 3639 inanimalium:
759 3595 822 3638 aunt

338 3683 400 3735 item
418 3691 446 3733 et
465 3678 524 3732 illa.
545 3692 614 3748 quac
630 3692 662 3726 ex
681 3674 772 3744 aliqua
795 3690 822 3726 re

336 3766 488 3821 hominibus
512 3762 654 3818 accidunt.
681 3772 712 3814 ut
738 3773 824 3831 puta.

337 3852 489 3909 animalium
506 3851 565 3908 leo,
583 3848 670 3905 canis.
689 3865 780 3906 anser.
798 3859 825 3900 et

337 3957 424 4000 teuta
441 3941 518 3996 taliaa
540 3938 721 3993 inanimalium
749 3936 825 3992 arbor

336 4034 422 4110 inpia.
440 4029 540 4093 vatia.
554 4037 582 4082 et
594 4037 681 4082 cetera
698 4027 771 4081 talia.
791 4027 824 4081 11-

590 576 844 631 uannnnrrcus
871 568 1071 626 taruennae
1108 628 1111 635 ,

859 681 885 734 la
904 690 991 734 autern
1004 696 1073 751 quac
1091 697 1123 733 ea
1142 679 1232 749 aliqua
1251 697 1279 735 ro
1295 681 1348 735 lio-

860 764 976 820 minibua
995 765 1135 823 accidunt,
1150 778 1180 819 ut
1192 765 1347 837 puta,ielix

860 859 969 916 Cicero,
988 856 1064 911 loreia
1083 857 1288 916 Demosthenen.
1302 858 1349 912 do·

861 957 919 1002 οιιιι
937 947 1027 1002 ΡΙιιο.
1045 955 1073 999 et
1090 958 1175 998 cetera
1193 946 1272 998 talia:
1290 948 1348 1002 nti·

860 1054 912 1107 que
926 1047 958 1089 ut
978 1036 1014 1089 sit
1027 1035 1110 1093 felix,
1132 1035 1205 1104 quod
1228 1037 1347 1095 accidit.

861 1141 954 1177 nomen
969 1122 1157 1194 appellativum
1165 1142 1174 1185 ;
1196 1135 1224 1177 et
1237 1124 1329 1179 Cicero
1341 1162 1349 1184 .

863 1210 1009 1281 proprium.
1028 1210 1071 1263 Sic
1083 1222 1110 1263 et
1122 1210 1198 1264 fortia
1216 1221 1243 1264 ct
1258 1211 1352 1265 doctus

863 1300 919 1352 aiut
951 1316 1022 1352 nuno
1052 1299 1158 1352 nomina
1190 1300 1351 1371 appellativa

862 1387 928 1454 quia
953 1384 1101 1437 accidentia
1125 1397 1212 1451 sunt5
1235 1397 1264 1440 at
1289 1404 1352 1441 vero

864 1471 1052 1527 Demosthenes
1070 1484 1097 1526 et
1115 1474 1208 1532 Plato,
1232 1474 1350 1545 propria.

864 1562 932 1614 Sanc
949 1560 999 1613 hoc
1016 1578 1166 1619 monemus.
1179 1562 1252 1630 quod
1270 1561 1294 1615 ai
1311 1560 1352 1614 ie-

864 1648 902 1702 lix
928 1649 972 1703 vel
996 1648 1072 1702 sortia
1099 1660 1238 1719 ceteraque
1264 1649 1352 1709 talia,

866 1754 925 1790 curn
944 1755 996 1790 nou
1013 1755 1045 1790 ex
1064 1737 1153 1806 aliqua
1172 1755 1199 1790 re
1213 1735 1274 1807 ,il
1294 1747 1353 1794 eat.

867 1837 898 1879 ut
917 1826 979 1878 felix
1004 1844 1019 1878 a
1037 1824 1180 1884 felicitato.
1198 1837 1226 1879 et
1244 1823 1319 1879 sortis
1337 1843 1353 1878 a

867 1914 984 1972 virtute.
1004 1913 1206 1980 adiunguntur.
1226 1914 1271 1966 sed
1298 1913 1356 1984 ipsa

866 2003 950 2074 prima
963 2002 1131 2056 nascentibus
1143 2004 1355 2070 inligantur.lroc

866 2103 908 2146 eat
927 2102 957 2145 ut
975 2091 1076 2145 hisdem
1094 2092 1229 2146 vocabulis
1253 2111 1357 2145 nuncu·

867 2192 976 2253 pentum
994 2181 1058 2234 haec
1078 2181 1128 2233 ianr
1148 2182 1356 2252 uonappellati·

868 2290 923 2329 va,
948 2270 995 2324 sed
1014 2270 1122 2342 propria
1140 2272 1356 2341 pronuntiantur.

868 2360 906 2411 De
920 2358 1051 2428 qualitate
1065 2358 1213 2413 nominum.
1227 2369 1358 2427 qnantum

869 2447 938 2500 ratio
957 2444 1098 2518 poscebat,
1119 2439 1301 2500 iraotarimua·

997 2615 1039 2672 ιθ.
1059 2634 1094 2672 ιιι
1115 2636 1236 2674 annana.

874 2737 1009 2856 Genera
1035 2797 1170 2851 nominum
1189 2809 1251 2851 aunt
1278 2799 1362 2868 quin·

874 2904 927 2959 que
943 2906 951 2937 ε
973 2886 1166 2942 masculinum.
1186 2884 1340 2939 femininum
1356 2925 1363 2946 ‚

875 2987 1011 3031 neutrum,
1020 2971 1162 3026 commune.
1170 2973 1254 3026 Omne
1264 2993 1363 3028 maaou·

873 3066 957 3120 linum
975 3080 1055 3131 genua
1073 3064 1202 3132 estquod
1220 3083 1269 3118 auo
1283 3084 1363 3135 goue-

875 3155 897 3204 ri
923 3153 1047 3204 convenit
1073 3162 1199 3209 tantum,
1228 3165 1257 3205 ut
1277 3165 1364 3223 puta.

874 3241 966 3293 doctus
978 3238 1068 3292 doctos
1078 3276 1084 3296 .
1094 3251 1121 3292 et
1132 3251 1217 3292 cetera
1226 3241 1304 3294 talia.
1316 3244 1366 3296 Fe-

875 3328 1003 3380 miuiuum
1021 3345 1102 3395 genus
1114 3336 1154 3379 est
1170 3328 1243 3397 quod
1256 3347 1305 3383 auo
1319 3349 1365 3397 ge·

874 3415 931 3467 neri
949 3414 1073 3468 convenit
1091 3425 1212 3470 tantum,
1228 3425 1258 3468 ut
1276 3428 1364 3488 puta,

876 3503 980 3555 doctam
1000 3501 1090 3554 doctas
1111 3501 1265 3558 doctarum.
1282 3514 1309 3556 ct
1324 3522 1365 3556 ce·

876 3603 932 3645 tera
950 3590 1023 3642 talia·
1049 3590 1176 3641 Neutrum
1203 3607 1283 3657 genua
1301 3604 1362 3649 est.

876 3678 948 3748 quod
967 3695 1014 3730 suo
1037 3676 1124 3743 generi
1152 3677 1275 3729 convenit
1303 3689 1365 3731 tan-

878 3779 934 3821 tum
952 3803 960 3824 ‚
981 3777 1011 3819 ut
1029 3776 1110 3835 puta,
1124 3769 1283 3837 mancipium
1297 3786 1369 3823 mon·

878 3855 1006 3926 cipiorum
1039 3852 1203 3922 mancipiis,
1234 3864 1261 3906 et
1284 3866 1372 3909 cetera

878 3943 953 3995 talia·
974 3943 1116 3996 Commune
1134 3956 1215 4006 genua
1234 3951 1275 3993 est
1296 3943 1371 4012 qnod

879 4028 982 4084 duobus
1001 4026 1142 4098 generibus
1159 4027 1285 4081 convenit
1307 4040 1371 4085 tan-
