3382 5206
619 537 683 624 584
919 564 945 611 a.
974 562 1151 612 tenuetur
1177 564 1219 611 or
1244 565 1286 614 nr

591 660 771 748 penultima
797 664 920 751 epitriti
947 665 1045 753 priori
1064 663 1190 756 syllaba
1218 667 1359 734 acuitur,
1386 668 1421 731 in
1448 670 1520 734 arsi
1547 693 1627 759 pro-

591 765 644 832 cul
669 766 770 834 dubio
791 767 992 858 colliguntur
1013 787 1160 860 tempora
1183 789 1292 855 terna,
1315 774 1403 839 etin
1428 772 1516 838 thesi
1538 800 1630 864 qua-

966 1086 1016 1150 De
1037 1086 1168 1173 epitrito
1193 1087 1234 1152 11.

534 1321 537 1325 <
627 1308 670 1362 n.
694 1296 807 1362 Partes
833 1299 1036 1381 orationum,
1056 1321 1141 1388 quae
1165 1299 1288 1388 epitriti
1311 1297 1446 1377 secundi
1467 1314 1628 1364 structu-

588 1404 634 1468 ris
663 1403 727 1468 rite
750 1403 1003 1489 obsecundent,
1025 1404 1149 1493 absque
1176 1402 1512 1494 conperendinatioue
1537 1404 1624 1468 sub-

590 1505 719 1574 dantur.
747 1507 794 1572 M.
817 1509 1009 1591 vinitores,
1030 1507 1231 1597 proditores,
1255 1507 1447 1575 debitores,
1473 1506 1623 1574 credito-

588 1637 639 1682 res
657 1664 668 1698 ,
698 1613 897 1697 traditores,
925 1614 1134 1699 conditores,
1168 1615 1378 1683 venditores,
1410 1619 1620 1705 portitores,

589 1719 771 1801 limitores,
795 1718 998 1804 funditores,
1014 1720 1077 1788 hoc
1100 1738 1147 1788 est
1168 1723 1224 1811 qui
1245 1719 1500 1788 fundibulorum
1521 1746 1619 1789 exer-

589 1827 767 1892 tationibus
798 1815 947 1894 duellum
979 1830 1196 1895 committunt.
1229 1829 1278 1895 lta
1304 1826 1509 1910 saeculares,
1539 1853 1619 1895 ccr-

585 1932 730 2023 porales,
758 1931 960 2017 carcerales,
987 1932 1188 2018 cardinales,
1212 1933 1422 2023 temporales,
1446 1937 1614 2002 crimino-

588 2042 634 2122 si,
658 2037 828 2107 calculosi,
850 2039 1044 2129 ponderosi,
1070 2038 1229 2123 ulcerosi,
1251 2042 1434 2123 cancerosi,
1457 2040 1613 2108 vultuosi.

490 2133 492 2137 ⁵
587 2147 673 2213 ltem
694 2144 849 2211 feminina
878 2145 1070 2238 dignitates,
1097 2144 1293 2237 qualitates,
1318 2149 1539 2238 quantitates,
1562 2173 1617 2213 va·

589 2255 733 2324 stitates,
767 2253 950 2337 vanitates,
976 2251 1155 2318 almitates,
1184 2253 1360 2336 sanitates,
1386 2255 1616 2320 summitates,

584 2360 776 2451 caecitates,
803 2358 990 2426 densitates.
1017 2359 1073 2427 Sic
1100 2376 1133 2426 et
1163 2374 1271 2425 cetera
1294 2382 1377 2448 quae
1402 2358 1436 2422 in
1459 2357 1612 2449 siugula-

586 2464 616 2528 ri
638 2487 776 2530 numero
802 2465 836 2528 iu
858 2462 1083 2551 amphimacro
1096 2463 1331 2544 coartavimus,
1344 2464 1379 2527 in
1394 2460 1513 2550 plurali
1532 2462 1614 2528 huic

587 2570 718 2657 epitrito
745 2568 973 2638 adnectentur.
1002 2568 1113 2637 Verba
1140 2591 1272 2658 quoque
1297 2568 1423 2655 primae
1455 2569 1614 2657 coniuga-

584 2674 680 2738 tiouis
707 2675 814 2740 activa
840 2672 891 2740 vel
922 2672 1109 2755 neutralia,
1136 2696 1221 2763 quae
1243 2675 1350 2760 prima
1380 2694 1517 2760 persona
1549 2671 1611 2736 da-

585 2776 710 2867 ctylum
729 2780 887 2868 gignunt,
910 2775 1025 2844 eadem
1041 2793 1186 2865 ternpore
1210 2773 1318 2842 futuro
1341 2773 1391 2841 bis
1417 2774 1539 2864 regulis
1557 2774 1614 2839 ad-

586 2884 770 2946 sciscuntur
782 2882 818 2946 in
833 2877 953 2969 plurali
970 2902 1126 2949 numero,
1153 2897 1189 2946 ut
1210 2881 1350 2947 verbero
1364 2879 1610 2945 verberabunt,

584 2989 721 3078 pignero
744 2988 988 3076 pignerabunt,
1009 2986 1141 3055 loenero
1166 2986 1400 3054 foenerabant,
1425 2983 1535 3052 exsulo
1559 3012 1612 3054 er-

584 3093 764 3179 sulabunt,
797 3096 890 3183 expio
924 3095 1131 3183 expiabunt,
1158 3094 1264 3182 inrigo
1298 3093 1510 3183 inrigabunt,
1549 3115 1611 3157 re-

584 3201 690 3291 probo
705 3201 951 3290 reprobabunt,
971 3199 1094 3267 fascino
1115 3200 1340 3277 fascinabunt3
1362 3216 1397 3264 ut
1410 3234 1457 3248 -
1469 3198 1545 3287 quis
1559 3214 1613 3265 te-

584 3330 678 3374 neros
704 3306 787 3372 mihi
818 3304 951 3371 fascinat
987 3327 1146 3394 agros—
1159 3304 1215 3372 Sic
1244 3320 1276 3369 et
1304 3304 1418 3372 ceteris
1451 3303 1609 3391 coniuga-

584 3411 739 3477 tionibus·
765 3409 832 3480 Sed
861 3429 1010 3499 tempore
1034 3412 1210 3499 praeterito
1237 3407 1406 3500 perfecto,
1439 3409 1465 3474 si
1489 3432 1613 3473 secun-

583 3513 644 3581 dae
668 3515 905 3606 coniugationis
928 3512 1074 3582 fuerint,
1103 3530 1139 3579 ut
1163 3511 1271 3602 palleo
1294 3512 1503 3602 palluerunt,
1527 3537 1613 3580 cen-

582 3639 637 3685 teo
666 3636 883 3688 censuerunt,
906 3641 1006 3685 caneo
1030 3635 1231 3701 canuerunt,
1258 3635 1369 3707 torpeo
1396 3635 1609 3705 torpuerunt,

583 3722 810 3810 horruerunt,
834 3740 1040 3807 terruerunt,
1062 3723 1266 3791 floruerunt,
1292 3740 1487 3790 arcuerunt,
1514 3747 1609 3789 snar-

582 3848 743 3897 cuerunt,
771 3829 977 3921 languerunt.
1009 3827 1158 3914 Quodsi
1182 3828 1391 3895 subiunctivo
1418 3827 1517 3896 modo
1550 3829 1606 3894 di·

576 3936 660 4002 xeris
684 3939 890 4005 censuerint,
917 3933 1118 4025 palluerint,
1145 3934 1335 4000 canuerint,
1357 3934 1471 4023 procul
1498 3935 1610 4006 dubio

572 4061 640 4110 non
665 4040 796 4130 epitrito
814 4039 874 4107 sed
896 4039 1090 4114 choriambo
1117 4036 1321 4129 copulantur.
1354 4037 1386 4106 A
1408 4040 1508 4110 tertia
1543 4065 1609 4107 au·
