3382 5206
317 534 321 544 '
353 552 399 646 pa
720 549 869 599 sarnum
896 546 938 598 av.

322 683 383 739 tur
409 661 644 752 adverbium,
673 663 736 736 sed
765 692 807 735 ex
831 661 1017 763 participio
1042 663 1215 740 neutralis
1235 666 1334 740 verbi

321 783 490 856 trahatur.
522 781 600 854 Nec
626 809 702 855 non
728 782 836 855 etiam
861 811 902 853 ex
928 782 1179 857 communibus
1202 813 1245 858 ac
1276 784 1336 857 de·

320 902 537 1001 ponentibus
557 901 722 975 adverbia
743 902 889 990 venire,
911 902 1031 975 nullus
1057 905 1255 1001 peritorum
1273 932 1335 977 ne·

327 1049 410 1119 gare
430 1037 569 1121 potest:
588 1021 767 1121 siquidem
787 1020 948 1094 dicamus
967 1020 1169 1096 deosculato
1192 1025 1238 1124 (a)
1264 1052 1337 1096 sus·

322 1143 441 1242 pieate
461 1141 592 1216 locuto.
619 1139 755 1215 Audivi
774 1158 921 1229 tamen,
943 1157 1029 1241 aput
1049 1139 1222 1217 Afrorum
1241 1144 1338 1216 scho-

323 1262 375 1336 las
385 1265 594 1363 frequenter
609 1261 702 1350 dici,
717 1260 812 1361 quod
824 1291 866 1334 ex
877 1260 1136 1360 deponentium
1148 1264 1337 1335 verborum

323 1382 541 1482 participiis,
570 1409 696 1454 eorum
716 1381 865 1454 maxime
885 1409 978 1481 quae
998 1382 1126 1479 agendi
1148 1399 1337 1456 consuetu-

249 1520 258 1533 “
325 1502 450 1576 dinem
470 1529 544 1574 non
568 1502 746 1590 habeant,
772 1501 938 1574 adverbia
964 1503 1064 1575 nasci
1089 1503 1233 1575 soleant.

408 1648 440 1721 7.
469 1616 571 1713 Quae
598 1646 682 1692 curn
707 1618 756 1691 ita
787 1619 883 1707 sint,
914 1636 1049 1692 attenta
1074 1621 1123 1719 (b)
1148 1620 1337 1692 doctorum

325 1737 554 1835 ambiguitate
574 1737 639 1808 sibi
659 1754 699 1809 ut
727 1737 865 1810 videtur
894 1737 1187 1825 dissonantium,
1211 1766 1338 1810 consu·

325 1856 478 1929 lendum
495 1854 594 1927 nobis
616 1872 666 1927 est
687 1911 697 1943 ,
718 1871 761 1927 ut
783 1883 824 1927 ea
846 1885 937 1954 quae
961 1885 980 1928 a
1004 1859 1150 1929 nemine
1175 1856 1338 1928 dubiten-

326 1993 412 2067 tur,
432 1993 562 2050 statutc
582 2004 622 2049 ac
650 1976 792 2048 definite
812 2005 1015 2074 sumamus3
1035 1978 1071 2050 id
1088 1996 1141 2051 est
1164 1995 1203 2050 ut
1223 2007 1243 2049 a
1263 2006 1339 2076 par·

327 2097 450 2198 ticipio
475 2097 670 2199 praesentis
694 2098 861 2196 temporis
888 2100 1060 2173 neutralis
1089 2100 1208 2188 verbi,
1235 2115 1338 2197 atque

328 2219 435 2292 abeo
459 2217 551 2317 quod
575 2217 703 2315 passivi
728 2217 825 2289 verbi
853 2233 887 2288 et
911 2220 1143 2307 communis,
1172 2218 1267 2319 quod
1291 2221 1337 2318 (a)

328 2339 375 2411 sit
400 2337 582 2438 praeteriti
606 2336 791 2410 dumtaxat
811 2338 1001 2436 temporis,
1022 2339 1184 2410 adverbia
1205 2366 1339 2437 semper

327 2484 536 2545 sumamus,
568 2473 610 2529 ut
639 2473 693 2529 est
717 2477 982 2555 perseveranter
1011 2460 1145 2531 firmate
1177 2476 1339 2532 scrutate.

330 2575 547 2652 Secundum
572 2576 666 2649 hanc
692 2576 849 2672 regulam
876 2576 984 2650 etiam
1010 2578 1048 2649 in
1077 2579 1338 2676 comparatione

330 2717 366 2772 et
384 2697 603 2799 praelatione
622 2697 914 2796 participiorum,
934 2699 1178 2772 adverbiorum
1196 2728 1339 2798 quoque

330 2824 420 2898 ratio
441 2823 644 2897 servabitur.

410 2944 443 3020 8.
471 2942 645 3015 Adverbia
662 2960 783 3016 autem
809 2971 898 3042 quae
926 2945 963 3015 in
990 2943 1057 3013 im·
1075 2941 1241 3039 syllabam
1264 2940 1343 3011 mit-

331 3078 488 3150 tuntur,
518 3090 591 3134 non
622 3090 664 3134 ex
692 3090 766 3134 uno
794 3061 896 3134 initio
926 3076 1128 3133 sumuntur.
1158 3056 1342 3152 Quaedam

331 3207 483 3279 namque
504 3207 629 3253 eorum
648 3207 700 3252 ea:
718 3179 864 3253 adiectis
883 3178 1087 3251 nominibus
1106 3177 1279 3263 veniunt,
1302 3194 1343 3248 ut

331 3299 507 3374 coelestim
526 3299 655 3371 sonim.
669 3295 856 3391 Quaedam
875 3326 956 3370 vero
980 3327 1022 3369 cx
1042 3296 1238 3395 possessivis
1264 3324 1342 3393 pro·

331 3417 535 3491 nominibus
552 3435 776 3506 nascuntur,
795 3434 836 3489 ut
851 3416 993 3488 meatim
1011 3417 1206 3487 nostratim.
1228 3412 1345 3507 Quac-

330 3537 540 3615 demetiam
561 3565 602 3607 ex
624 3536 821 3634 participiis
840 3534 936 3607 verbi
959 3535 1082 3633 passivi
1103 3591 1112 3622 ,
1134 3549 1173 3605 ut
1192 3532 1344 3603 strictim

334 3655 559 3753 singillatim:
588 3684 671 3728 uam
698 3657 838 3753 singillo
859 3657 937 3727 trite
958 3655 1116 3752 legitur,
1138 3655 1235 3726 iuxta
1256 3652 1342 3724 illud

330 3776 463 3851 Donati
480 3778 528 3877 (d)
541 3778 814 3877 eloquentissimi
828 3796 857 3849 ot
873 3777 1117 3850 modestissimi
1138 3776 1203 3846 viri
1224 3776 1344 3846 dicen-

332 3900 377 3970 tis
389 3911 413 3944 “
429 3898 511 3972 Non
525 3916 577 3970 cst.
592 3880 777 3972 inediocris
789 3899 841 3969 vel
855 3897 967 3972 facilis
984 3897 1115 3992 nogotii
1131 3897 1266 3967 bonurn
1278 3895 1344 3966 siu-

369 4064 683 4126 (a)cod·cloctsusrnlrte,
711 4065 921 4126 (t)c·›‹t.mrmrn·
949 4068 985 4131 (r)
997 4067 1051 4110 cot.
1066 4082 1134 4124 qliae·
1163 4063 1201 4124 (d)
1212 4063 1267 4108 eod.
1280 4050 1346 4107 Deir?

339 4150 400 4191 ttoni
417 4159 458 4204 pro
476 4138 571 4191 osam?
