3382 5206
376 632 444 679 xxu
560 590 562 596 Ι
755 634 796 679 ns
824 632 967 680 vinorrao

353 747 440 819 eicis
458 747 509 818 rel
529 748 858 849 quonrodorumrpre
875 750 1089 837 borealibus,
1114 749 1275 849 nrys'tiris
1297 777 1383 850 quo-

351 899 421 969 quo
445 929 454 958 ,
482 873 533 942 val
557 891 595 945 ut
620 872 692 971 ipso
714 870 886 972 Virgilius
908 875 1066 974 loquitur·
1091 933 1100 963 ,
1129 874 1380 974 philosophicis

352 1011 386 1065 et
418 998 534 1067 arcani
561 995 679 1068 studio
705 998 907 1095 excogitatis
933 998 1074 1070 vocibus
1102 998 1142 1070 ad
1174 1015 1379 1098 portentum

350 1118 513 1193 abundat.
547 1117 631 1191 liius
659 1119 818 1220 loquelae
846 1120 1003 1222 priscum
1030 1121 1172 1222 aliquod
1201 1122 1377 1194 indicium

351 1245 445 1318 baud
467 1246 539 1320 scio
560 1276 603 1318 an
627 1246 720 1345 apud
749 1230 864 1346 ipsunt
894 1247 1109 1320 Frontonem
1140 1248 1182 1318 sit
1211 1247 1254 1319 de
1282 1247 1377 1318 seriis

351 1370 592 1459 eduensibus,
621 1371 682 1443 ubi
711 1370 902 1443 dimidiatis
929 1372 1141 1472 quandoque
1169 1372 1281 1443 vorbis
1308 1371 1377 1445 uti·

348 1507 435 1581 tur,
456 1493 510 1565 vel
531 1494 572 1566 iis
596 1512 693 1568 certe
714 1524 804 1594 quae
827 1526 844 1569 a
867 1496 958 1592 tulgi
982 1525 1048 1570 usu
1072 1497 1256 1569 rrceduut.
1280 1495 1375 1591 Qua·

351 1632 432 1690 tuor
450 1617 635 1691 latinitatis
657 1646 781 1715 genera
803 1619 1057 1718 laidorusorig.
1073 1620 1136 1694 lX.
1151 1623 1288 1695 r.nobis
1303 1650 1378 1693 nar·

350 1761 506 1832 raserat,
527 1771 682 1844 quorum
703 1763 921 1843 postrernuru
942 1745 1092 1820 murum
1109 1747 1377 1845 appellavit'l'e-

348 1869 489 1941 rentius
510 1868 754 1964 grammaticos
770 1873 820 1967 (t)
836 1869 972 1966 Virgilii
997 1871 1105 1943 nostri
1126 1873 1232 1943 sermo
1250 1900 1375 1973 arqua-

346 1992 414 2081 lis,
435 1993 586 2066 fastidiri
611 1993 679 2066 iarn
702 1998 858 2067 votereru'
878 2022 1099 2083 sonnonem,
1122 2023 1283 2096 notaque
1305 2025 1374 2069 ror·

347 2117 391 2188 ba
412 2119 573 2214 generari
594 2118 717 2191 aiebat.
740 2117 1009 2217 llisprricorum
1029 2120 1200 2192 luminum
1216 2136 1372 2193 auctora

346 2269 401 2314 me
423 2243 459 2314 in
481 2243 549 2315 boc
570 2242 750 2317 volumino
773 2244 949 2316 editorum
973 2302 982 2331 ‚
1013 2246 1168 2344 itemque
1191 2244 1277 2317 Auo
1298 2273 1372 2317 ver·

350 2368 510 2441 cellensis
532 2368 567 2441 in
588 2371 764 2469 polyptico
781 2437 787 2458 ,
803 2367 901 2468 quod
923 2395 985 2464 ego
1006 2370 1092 2442 item
1115 2369 1149 2440 in
1173 2388 1271 2443 sexto
1292 2370 1374 2441 scri-

347 2509 489 2592 ptorum
506 2509 664 2566 veterum
682 2492 861 2567 volumine
879 2491 995 2580 edidi,
1018 2521 1116 2566 nunc
1139 2492 1240 2591 plane
1264 2521 1371 2587 nova,

345 2647 445 2691 nuuc
467 2619 604 2691 turbata
624 2618 804 2706 studiose,
826 2635 858 2689 et
879 2645 1006 2691 arcana
1027 2617 1200 2690 latinitate
1220 2618 1371 2717 loquun-

346 2762 412 2816 tur.
434 2742 590 2815 lanrroro
617 2740 785 2840 Virgilius
811 2761 932 2815 noster
960 2771 990 2841 p.
1014 2743 1072 2816 36.
1094 2770 1154 2843 99.
1183 2767 1261 2816 100.
1283 2743 1368 2816 duo·

345 2873 463 2946 decim
483 2871 604 2942 statuit
627 2899 702 2944 esse
723 2896 853 2966 genera
874 2867 1080 2961 latinitatis3
1101 2869 1207 2968 idqur
1234 2867 1317 2939 sarcit
1337 2897 1369 2968 p.

352 3002 425 3093 124
444 2996 585 3094 Virgilii
607 2997 714 3069 asiani
735 2996 895 3094 magistri
915 2996 970 3068 sui
997 2995 1134 3081 verbis,
1156 2992 1217 3094 qui
1241 2994 1370 3069 librum

346 3120 499 3194 nobilem
521 3120 566 3194 de
593 3119 783 3194 duodecim
811 3119 1045 3192 latinitatibus
1074 3120 1256 3217 scripserat
1282 3178 1291 3209 ,
1320 3147 1374 3193 eo·

349 3274 418 3346 que
439 3270 574 3342 semper
597 3242 768 3315 sunnonis
796 3271 924 3339 genere
946 3243 1111 3316 utrbatur
1129 3273 1161 3342 p.
1181 3243 1261 3317 126.
1275 3243 1374 3318 Duo·

349 3371 466 3446 decim
487 3371 572 3443 baec
598 3369 782 3440 latinitatis
810 3395 937 3463 genera
963 3369 1118 3465 agnoscit
1147 3367 1252 3439 rtiam
1280 3396 1373 3466 prae-

346 3495 466 3570 dictus
492 3494 745 3595 hispericorurn
772 3494 945 3566 farninum
972 3509 1096 3564 auctor
1120 3522 1129 3586 3
1158 3492 1202 3562 ait
1227 3493 1321 3563 cuim
1341 3519 1373 3590 p·

344 3624 422 3719 483
444 3653 454 3699 :
475 3621 528 3696 his
546 3650 648 3696 senos
669 3627 828 3725 exploro
849 3618 1000 3693 oeolrros
1019 3625 1082 3720 (sui
1101 3623 1308 3691 orrsonr'conr
1327 3619 1375 3688 Iu-

341 3761 468 3821 cerant
483 3745 668 3848 palatinum
693 3804 704 3830 ‚
731 3745 792 3843 qui
813 3761 907 3817 totus
933 3741 1029 3814 locus
1058 3745 1103 3815 ob
1131 3740 1370 3813 eruditionem

343 3871 549 3951 huiusmodi
566 3870 844 3944 considerantius
858 3885 917 3941 est.
928 3868 1056 3970 Nuper
1070 3895 1151 3939 vero
1168 3866 1252 3939 duan
1267 3865 1369 3965 quin·

419 4131 462 4204 (ι)
482 4131 560 4204 Apud
581 4129 754 4184 Gainlredurn
774 4131 971 4198 grammaticum
991 4146 1036 4183 ins.
1056 4149 1081 4201 p·
1101 4126 1158 4183 151.
