3382 5206
584 572 647 660 ⁵7²
893 592 919 639 s.
947 588 1125 638 annuatur
1150 591 1193 638 nr
1217 591 1261 640 aa

561 693 662 759 ticos,
686 686 901 781 pauxillulus,
925 687 1132 775 tirunculus,
1151 689 1370 758 ranunculus,
1396 695 1606 762 arnotinus,

561 797 781 881 hornotinus,
800 822 940 890 quorum
972 800 1135 889 primitiva
1162 819 1235 866 sunt
1262 802 1390 867 maior,
1415 801 1523 890 plus,
1548 803 1608 868 la-

559 921 635 973 tro,
661 903 743 972 fur,
771 907 904 990 carbo,
928 905 1032 988 leno,
1056 905 1196 994 paulus,
1216 908 1306 989 tiro,
1330 930 1441 992 rana,
1468 932 1605 993 arnus,

562 1007 681 1075 horno.
710 1009 795 1074 Nam
821 1009 1013 1076 diminutiva
1046 1007 1317 1076 diminutivorum
1350 1013 1607 1096 inveniuntur,

563 1130 599 1179 nt
626 1113 742 1204 paulus
773 1113 956 1204 paululus,
986 1113 1146 1204 pauxillus
1167 1113 1390 1205 pausillulust
1419 1117 1464 1180 ita
1492 1141 1605 1208 agnus

563 1218 733 1312 agniculus
763 1219 940 1312 agnicellus
972 1219 1213 1310 agnicellulus3
1236 1223 1284 1286 sic
1309 1243 1432 1305 mons,
1457 1239 1492 1290 et
1520 1224 1609 1292 reli-

565 1351 640 1417 qua.
671 1329 759 1395 llaec
788 1344 975 1416 pentaptota
1000 1344 1074 1392 sunt
1101 1326 1338 1417 singulariter,
1360 1343 1391 1394 et
1418 1343 1608 1418 tetraptota

466 1478 474 1491 ι
565 1431 771 1522 pluraliter.
804 1435 887 1498 ltem
918 1450 1063 1515 neutra,
1091 1449 1123 1496 nt
1153 1429 1346 1511 fastidium,
1375 1426 1569 1498 ludibrium
1595 1486 1604 1499 .

564 1536 730 1627 Vergilius
758 1571 805 1587 -
828 1534 952 1625 rapidis
980 1533 1123 1601 ludibria
1154 1537 1257 1601 ventis
1280 1570 1351 1619 -,
1369 1533 1607 1624 plumarium,

570 1643 758 1723 aerarium,
781 1642 999 1728 proscenium.
1028 1638 1193 1729 Vergilius
1219 1676 1265 1692 -
1291 1641 1403 1706 ineunt
1427 1645 1606 1729 proscenia

568 1745 640 1813 ludi
667 1781 743 1830 -,
775 1744 973 1812 collarium,
1000 1742 1231 1833 plantarium,
1256 1743 1482 1834 palmarium,
1511 1749 1607 1839 quod

567 1853 601 1919 iu
629 1851 740 1942 palma
768 1869 837 1935 est,
865 1851 900 1916 id
923 1866 971 1917 est
998 1853 1033 1916 in
1057 1849 1154 1919 lande
1183 1851 1362 1934 victoriae,
1387 1855 1610 1922 convivium,

569 1954 785 2037 colludium,
812 1953 1070 2042 cuspuscolums
1099 1954 1344 2044 turpisculum,
1371 1957 1576 2044 spiraculum
1601 2010 1612 2041 ,

571 2059 750 2127 solacium,
766 2059 1000 2125 caenaculum»
1021 2058 1240 2126 venabulum>
1258 2058 1509 2149 spectaculum,
1533 2086 1611 2127 ma·

571 2165 726 2254 stigium,
742 2161 958 2245 miraculum,
975 2164 1163 2228 conubium·
1179 2165 1267 2230 llaec
1281 2164 1440 2231 neutralia
1455 2166 1489 2230 in
1512 2183 1612 2231 utro-

573 2291 636 2358 que
661 2290 796 2332 numero
820 2268 954 2356 triptota
980 2284 1065 2334 sunt.

615 2383 651 2438 Δ.
666 2373 715 2436 Da
730 2369 856 2462 regulas
872 2373 1049 2436 verborum
1063 2394 1149 2461 quae
1165 2369 1243 2438 huic
1257 2370 1333 2460 pedi
1346 2372 1484 2438 minime
1499 2371 1610 2438 seira·

570 2495 700 2570 gentur.
716 2477 763 2543 M.
788 2475 956 2560 Elimino,
976 2477 1144 2567 ingurgito
1161 2524 1171 2559 ,
1194 2478 1422 2566 procrastino,
1445 2479 1583 2544 eradico
1600 2531 1611 2560 ,

572 2584 716 2674 insignio
731 2620 742 2652 ι
761 2581 916 2665 luscinio,
931 2582 1088 2648 exhaurio
1102 2632 1112 2662 ,
1126 2582 1277 2651 emollio,
1294 2584 1495 2668 obstetrico,
1516 2605 1554 2650 ut
1576 2590 1611 2649 in

573 2685 677 2765 exodo
688 2723 704 2736 -
713 2704 749 2752 ut
761 2685 895 2778 quando
909 2684 1163 2753 obstetricabitis
1173 2685 1344 2765 hebraeam
1353 2722 1374 2736 -
1383 2690 1538 2772 enuntio,
1552 2691 1612 2755 ad-

570 2793 707 2878 nuntio,
721 2793 930 2884 congaudeo,
951 2790 1106 2859 enucleo,
1126 2790 1290 2875 adsentio,
1304 2794 1497 2859 consentio,
1517 2795 1615 2862 iore·

573 2901 635 2967 tio,
650 2901 837 2988 praesagio,
851 2899 995 2982 insanio,
1005 2896 1171 2982 custodio,
1180 2895 1385 2965 discrimino,
1398 2897 1587 2968 determino
1601 2952 1613 2984 ,

573 3001 729 3088 fastidio,
752 3019 976 3093 contorqueo,
995 2999 1212 3090 resplendeo,
1232 3001 1442 3069 adridente
1459 3002 1614 3086 ¹saturum

573 3125 702 3198 tempus
725 3106 870 3175 eiusdem
888 3106 978 3175 modi
997 3107 1167 3174 indicativi
1189 3107 1286 3174 binas
1317 3106 1461 3173 admittit
1488 3131 1614 3197 perso-

574 3237 655 3292 nas,
680 3211 897 3304 gaudebimus
918 3212 1127 3306 gaudebitis,
1151 3211 1371 3278 mulcabimus
1394 3214 1457 3280 tis›
1481 3213 1615 3284 senrica-

574 3317 685 3385 bimus
710 3317 774 3384 tis,
792 3317 1031 3383 truncabimus
1058 3316 1121 3384 tis,
1146 3314 1342 3383 lentabimus
1367 3317 1417 3381 tis·
1441 3315 1616 3406 Vergilius

578 3442 652 3493 ante
671 3425 827 3492 trinacria
842 3422 1016 3491 lentandus
1033 3448 1141 3492 remus
1159 3425 1193 3490 in
1213 3422 1372 3508 unda-,
1385 3425 1617 3516 quassabimus

578 3534 629 3619 tis.
648 3533 710 3611 §ic
730 3531 771 3598 de
798 3533 892 3599 tertia
913 3547 1066 3621 correpta
1084 3528 1141 3599 sed
1156 3549 1303 3620 tempore
1322 3535 1505 3620 praesentis
1529 3558 1619 3601 con-

578 3639 742 3728 pesci-mus
761 3637 971 3726 conpescitis‚
995 3635 1188 3701 infindimus
1206 3634 1385 3703 infinditis,
1406 3635 1618 3705 adnectimus

580 3743 772 3814 adnectitiss
796 3741 1011 3812 rescindimus
1040 3739 1251 3810 rescinditis,
1278 3740 1483 3831 depectimus
1510 3742 1621 3832 depe-

585 3852 682 3920 ctitis.
707 3851 755 3919 Ut
776 3853 812 3919 in
835 3853 1052 3944 georgicis-
1065 3849 1256 3940 velleraque
1273 3868 1310 3916 ut
1329 3847 1414 3917 foliis
1436 3849 1617 3941 depectant

578 3958 692 4050 tenuia
715 3955 810 4026 Seres
823 3993 879 4024 -.
902 3957 953 4022 lta
981 3955 1144 4023 infinitivo
1174 3953 1273 4021 modo
1304 3977 1536 4046 conpescere,
1562 3958 1620 4024 ia-

581 4060 736 4149 findere,
764 4060 965 4148 adnectere,
992 4058 1205 4146 rescindere,
1229 4059 1437 4151 depectere,
1460 4060 1622 4134 exclude-
