3382 5206
365 537 414 611 30
737 565 887 616 esseron
913 528 950 615 u'.

334 675 462 750 dicunt
480 674 560 778 plus
579 675 624 749 ud
643 675 709 749 tria
728 703 858 774 genera
872 677 1177 781 pertine're‚quod
1196 707 1269 755 non
1289 682 1354 756 mi-

333 795 373 868 hi
390 794 530 868 videtur
549 821 625 870 esse
644 793 822 874 usitatum

409 939 466 989 u.
484 909 543 986 De
560 912 769 1012 pronomine
787 913 935 1016 quidem
954 914 1034 989 satis
1049 913 1159 990 fuisse
1177 915 1352 990 existima·

274 1118 278 1124 .
332 1059 410 1109 rem
430 1062 441 1129 ;
466 1031 538 1107 nisi
555 1032 640 1133 quia
658 1032 778 1136 plures
798 1061 840 1109 ex
858 1033 960 1109 nobis
978 1035 1203 1136 quaestiones
1222 1036 1351 1111 volunt

329 1152 460 1248 iactare
482 1151 598 1253 ‚quid
618 1151 711 1225 inter
728 1151 824 1225 illice
847 1207 857 1241 ‚
885 1151 989 1229 istice
1011 1209 1022 1243 ‚
1047 1153 1200 1255 qualiter
1218 1155 1350 1229 articu-

330 1273 363 1348 la
384 1275 430 1375 (a)
451 1300 472 1346 a
495 1272 761 1374 pronominibus
785 1271 938 1361 distant,
964 1300 1073 1374 quare
1099 1272 1173 1374 ipsa
1196 1274 1351 1349 articula

331 1394 384 1467 sic
406 1410 588 1467 vocantur.
615 1390 681 1465 Ille
711 1447 721 1480 ,
751 1391 910 1465 inserunt
949 1393 1073 1466 famosi
1105 1393 1346 1483 intellectus,

256 1593 260 1602 ,
331 1515 404 1588 sive
435 1513 473 1586 in
502 1514 631 1586 bonam
656 1511 728 1586 sive
761 1510 800 1584 in
833 1510 1041 1585 contrariam
1069 1513 1244 1614 accipitur
1271 1541 1348 1613 par·

331 1652 425 1715 tem:
445 1632 551 1707 sicuti
569 1629 709 1704 Aeneas
726 1631 869 1720 rhetor,
891 1646 925 1705 et
944 1632 1250 1730 grammaticorum
1267 1632 1354 1732 poe'

327 1771 513 1853 tarumquc
533 1750 766 1860 peritissimus
784 1750 927 1840 doctor,
946 1749 1108 1825 Aeneam
1127 1751 1255 1826 Troiae
1274 1751 1347 1826 bel·

327 1872 472 1948 latorem
498 1870 678 1946 elucidans
696 1882 722 1917 ‘⁶
742 1869 851 1958 felix,
877 1869 992 1971 inquit
1009 1870 1069 1944 ille
1088 1869 1253 1962 Aeneas,
1280 1873 1346 1974 qui

328 1993 445 2068 decies
468 1974 579 2067 victor
597 1990 705 2065 Troia
722 1990 823 2088 sugit
834 1990 979 2066 incensa
999 2047 1010 2080 ,
1036 1990 1174 2065 Italiam
1195 1991 1243 2093 (b)
1265 2020 1343 2092 per-

328 2140 414 2213 gens
438 2168 449 2202 ‚
474 2112 635 2213 quinque
663 2111 842 2186 continuis
867 2110 1042 2212 proelians
1068 2111 1203 2200 annis,
1234 2111 1344 2187 vitam
1440 2161 1442 2165 ν

326 2232 487 2308 bellando
506 2232 656 2307 feliciter
675 2231 788 2307 finivit
812 2288 847 2323 ,‚.
874 2233 918 2305 ln
937 2230 1063 2305 malam
1082 2231 1188 2305 etiam
1206 2250 1343 2333 partem

326 2352 422 2455 quod
448 2365 473 2399 ‘⁸
502 2349 561 2423 itte
590 2406 615 2440 ‚‚
640 2349 858 2450 accipiatur,
884 2349 1113 2424 manifestum
1140 2368 1263 2424 estex
1291 2351 1343 2451 ip

327 2473 375 2545 sis
405 2471 504 2545 hisce
533 2467 719 2544 cuiusdam
741 2468 900 2543 Africani
927 2469 1180 2557 sermonibus,
1210 2469 1342 2570 quibus

326 2591 497 2691 vituperat
514 2587 694 2662 Donatum
712 2587 901 2687 quemdam
915 2614 1058 2662 avarum
1070 2586 1187 2660 virum
1205 2599 1229 2634 “
1252 2587 1339 2688 quid

326 2712 458 2798 faciet,
478 2708 615 2808 inquit,
633 2707 693 2781 ille
711 2704 875 2780 Donatus
894 2734 1017 2781 avarus
1030 2707 1251 2808 inpropriis,
1279 2736 1340 2782 cu·

324 2829 429 2930 pidus
455 2828 492 2901 in
519 2825 667 2915 alienis,
691 2825 751 2899 sur
776 2825 908 2899 vorax?
933 2823 1016 2898 Hiic
1039 2826 1116 2926 (c),
1142 2825 1238 2925 quod
1258 2827 1339 2900 sub-

325 2947 479 3023 ostendit
507 2947 559 3046 (1)
581 2999 592 3033 ,
617 2943 704 3019 licet
729 2943 889 3016 alienum
906 2970 927 3016 a
945 2970 1007 3033 re,
1031 2942 1194 3017 volumus
1214 2943 1338 3018 edoce·

320 3094 361 3143 re
380 3067 472 3140 inter
492 3063 665 3164 cupidum
684 3077 718 3136 et
735 3088 877 3135 avarum
894 3059 980 3161 quid
998 3060 1135 3135 intersit
1155 3092 1164 3138 ε
1186 3062 1338 3163 cupidus

321 3213 474 3286 namque
496 3182 629 3285 estqui
659 3182 759 3281 cupit
782 3207 918 3280 semper
944 3208 1073 3278 augere
1095 3210 1106 3276 3
1133 3209 1257 3255 avarus
1276 3209 1336 3256 au·

318 3325 393 3384 tem
411 3306 474 3408 qui
494 3320 698 3402 congregata
716 3319 895 3377 retentans
913 3300 1005 3375 nulli
1022 3301 1177 3399 largitur.
1190 3314 1214 3346 “
1227 3300 1298 3374 Iste
1310 3357 1335 3391 ‚‚

319 3427 579 3525 cuiuscumque
599 3421 797 3499 communis
819 3477 829 3510 ,
848 3448 890 3494 ac
908 3419 1038 3493 vilioris
1057 3418 1166 3508 licet,
1185 3419 1335 3493 habetur

319 3573 501 3650 personae.

394 3690 448 3739 12.
468 3662 526 3737 De
544 3660 701 3739 articulis
711 3676 830 3737 autem
846 3659 1099 3735 nonnullorum
1112 3658 1245 3731 diversa
1257 3662 1338 3734 seu!

396 3831 491 3895 (a)1ta
508 3833 557 3878 eod·
575 3835 645 3879 anian
661 3834 731 3883 inin.
764 3828 804 3896 (b)
822 3830 993 3879 milatium·
1025 3827 1218 3891 (e)co‹i·huic,
1234 3845 1329 3890 quomo·

319 3909 348 3957 lo
363 3913 469 3972 superius
485 3914 579 3972 sempsit
594 3911 729 3958 adverbium
747 3908 800 3957 ioci.

395 4026 437 4101 (ι)
457 4028 554 4106 Nempe
572 4029 734 4123 Asttcanus.
