3382 5206
360 568 406 644 38

407 595 784 829 “EIUSDEM
826 717 884 832 s.
931 715 1250 865 PAULINI
1364 722 1372 729 ·

562 918 776 999 CARMEN
804 923 849 999 ll.
876 923 946 998 AD
975 924 1125 1003 DEUM

419 1133 472 1192 nn
500 1134 750 1195 nonnsrrcrs
780 1137 869 1197 sors
901 1114 1259 1203 cleanrrlrrn'us.

335 1358 482 1497 Verba
504 1431 552 1496 tui
574 1429 708 1515 famuli,
731 1457 788 1500 rer
810 1456 955 1517 summe,
979 1432 1109 1502 attende
1130 1459 1286 1506 serenus:

399 1538 531 1626 Respice
556 1553 587 1603 et
612 1536 766 1604 affectum
788 1562 862 1606 cum
888 1540 1007 1628 pietate
1027 1563 1149 1608 meum.

328 1641 409 1711 Sum
423 1644 542 1727 miser,
556 1658 592 1708 ut
605 1667 753 1729 mereor,
769 1663 929 1734 quantum
945 1647 997 1712 vir
1011 1645 1097 1712 ullus
1112 1648 1148 1713 in
1161 1647 1244 1715 orbe
1262 1666 1332 1728 est;

397 1748 536 1837 Semper
561 1751 646 1817 inest
670 1748 776 1817 luctus
801 1752 899 1817 tristis
926 1766 959 1816 et
982 1750 1064 1817 liora
1088 1751 1180 1820 mihi.

330 1851 495 1943 Septimus
509 1856 612 1921 annus
626 1853 718 1921 adest
733 1903 744 1940 ‚
763 1881 801 1924 ex
815 1879 880 1947 quo
897 1880 979 1923 nova
999 1881 1094 1923 causa
1109 1856 1239 1927 dolores

397 1955 597 2046 Multiplices
623 1977 782 2049 generat,
808 1976 842 2026 et
855 1966 931 2027 'mea
956 1960 1056 2045 corda
1077 1963 1194 2053 quatit.

327 2059 484 2151 Captivus
500 2067 546 2143 (ι)
564 2066 662 2131 extris
677 2090 717 2132 eu
731 2082 809 2131 tuuc
822 2088 996 2156 germanus
1012 2065 1061 2153 (a)
1075 2067 1111 2132 in
1125 2067 1191 2132 oris

397 2170 454 2236 Est
475 2191 592 2253 meus,
611 2170 729 2237 afflicto
751 2187 912 2260 pectore,
932 2170 1064 2253 nudus,
1086 2195 1195 2261 egena.

323 2270 414 2339 Illius
435 2275 468 2339 in
487 2275 591 2362 patria
607 2278 654 2357 (3)
671 2275 788 2342 coniux
801 2274 985 2342 miseranda
1001 2297 1060 2364 per
1081 2298 1195 2342 omnes

388 2380 558 2447 Mendieat
584 2381 706 2472 plateas
728 2378 786 2449 ore
812 2398 971 2450 tremente
994 2381 1098 2448 eibos.

323 2488 484 2571 Quattuor
508 2485 571 2554 hac
596 2488 684 2579 turpi
706 2503 799 2554 natos
818 2503 973 2556 sustentat
995 2485 1037 2552 ab
1060 2503 1155 2570 arte,

394 2594 481 2677 Quos
506 2596 560 2659 vir
582 2593 775 2682 pannuciis,
796 2592 868 2681 quis
887 2589 1000 2673 valet,
1024 2588 1082 2656 illa
1102 2591 1192 2681 tegit.

408 2780 456 2850 (a)
476 2779 593 2832 (laesuro
612 2776 697 2845 longa·
717 2777 772 2828 lam
801 2792 914 2845 sequens
931 2777 1020 2827 extris
1042 2774 1079 2828 ita
1097 2773 1223 2828 scribitur
1241 2796 1291 2850 pro
1309 2797 1355 2832 ex·

326 2868 404 2918 ter-is.
422 2867 503 2917 lmmo
526 2879 586 2917 vero
612 2861 738 2915 Paulinus
763 2871 852 2914 nostor
877 2860 955 2932 epist·
975 2859 1022 2913 Xl.
1039 2857 1078 2920 3.
1097 2874 1125 2916 et
1149 2867 1234 2932 poem·
1254 2863 1349 2919 XXV.

325 2952 385 3010 226.
405 2972 452 3024 pro
465 2966 578 3006 exterus
590 2950 672 3004 habet
682 2963 778 3012 extero
797 2968 877 3020 quarn
890 2950 1048 3020 scripturam
1061 2951 1107 3003 alii
1126 2969 1234 3022 quoque
1254 2966 1351 3008 aucto·

324 3058 364 3097 res
383 3051 535 3110 agnoscunt
554 3041 590 3094 Et
608 3038 715 3109 quidem
733 3037 837 3090 Ennius
855 3037 947 3105 fragm·
966 3038 1055 3091 annal.
1076 3038 1123 3091 lib.
1144 3058 1169 3095 o.

406 3131 445 3204 (2)
459 3131 578 3183 Fratrem
588 3126 751 3181 rehabuisse
765 3124 895 3178 Paulinus
910 3125 1032 3196 epistolis
1044 3126 1092 3180 Xl.
1103 3127 1215 3181 XXXV·
1228 3127 1357 3181 xxxvl.

324 3224 453 3279 testatum
474 3234 552 3286 quern
565 3213 619 3268 sibi
637 3230 743 3284 quoque
753 3221 949 3284 praemortuum
973 3211 1043 3266 dicit
1055 3249 1061 3271 .
1082 3214 1183 3268 relictis
1197 3214 1298 3268 liberis.
1308 3217 1357 3269 Pu·

318 3302 437 3357 trimonii
457 3303 626 3356 Paulinorum
650 3301 754 3353 ruinam
780 3310 872 3353 narrat
900 3300 980 3354 etiam
999 3298 1133 3357 Ausonius
1150 3302 1228 3375 epist·
1247 3302 1353 3356 xxw.

323 3391 357 3444 ad
377 3390 516 3444 Paulinum
534 3391 654 3464 scripta:

447 3481 487 3532 Ne
505 3498 628 3550 sparsam
646 3488 810 3552 raptamque
828 3477 953 3533 domum.
972 3476 1153 3552 lacerataque
1171 3490 1282 3532 centum

438 3569 491 3620 Per
509 3565 631 3618 alome'nos
650 3567 749 3616 veter-is
769 3565 885 3617 Paulini
902 3580 990 3635 regna
1000 3563 1133 3633 fleamus.

323 3653 375 3708 Sed
394 3672 454 3709 ecce
473 3655 544 3726 opud
563 3654 744 3722 Augustinunr
756 3651 833 3722 epist·
847 3649 966 3704 cxrtx.
979 3652 1023 3704 fin·
1040 3651 1074 3704 ad
1093 3662 1212 3706 nostrum
1231 3652 1353 3724 scripta·

312 3744 424 3813 quidam
450 3743 577 3796 Paulinus
607 3738 811 3795 salamitatibus
836 3755 942 3810 pressus
969 3738 1002 3790 ad
1028 3739 1180 3811 episcopum
1205 3739 1351 3793 Paulinum

316 3832 399 3885 Nolae
417 3832 718 3899 ‹legentemtamquam
737 3828 765 3880 iu
783 3839 890 3898 portum
915 3826 1061 3895 confugisse
1086 3827 1351 3881 dicitur.1tumhic

317 3931 375 3974 erat
392 3920 504 3992 ipsemet
518 3918 623 3972 Paulini
637 3917 718 3970 frater
733 3915 859 3970 Paulinus
875 3934 890 3967 a
903 3914 1062 3986 captivitate
1075 3932 1192 3969 reversus
1203 3927 1230 3970 et
1245 3913 1352 3985 egens?

394 4007 440 4077 (5)
459 4007 616 4076 Burdigalae
635 4017 734 4061 uatum
753 4004 896 4058 Paulinum
915 4002 1002 4057 tradit
1019 4001 1140 4058 historia.
