3382 5206
518 559 566 633 80
895 575 1045 628 sermons
1070 577 1100 625 v.
1203 626 1208 634 ,

485 713 559 770 tam
577 692 843 778 usitatarum,
871 702 908 762 ct
926 684 1010 762 ideo
1036 700 1218 784 negantur
1246 684 1326 758 fieri
1352 687 1498 786 pertici-

486 813 569 912 pia‚
589 809 653 885 sed
672 807 912 882 aestimantur
938 803 1088 879 nomina
1114 830 1192 878 esse
1218 804 1500 905 participiorum

486 929 641 1018 similia,
660 944 703 1002 ut
722 944 890 1026 togatus,
909 925 1124 1013 tunicatus,
1144 923 1313 998 mitratus
1333 981 1343 1014 ,
1371 925 1498 1000 calcia·

487 1068 548 1126 tus
570 1107 580 1141 ,
600 1048 802 1150 gladiatus,
822 1063 996 1122 scutatus.
1016 1044 1127 1141 Quod
1147 1045 1178 1120 si
1196 1046 1247 1120 ita
1267 1060 1347 1135 est,
1368 1073 1498 1120 secun-

486 1171 572 1245 dum
582 1171 678 1255 hanc
689 1167 870 1243 rationem
882 1182 919 1240 et
928 1167 1019 1241 haec
1031 1165 1082 1240 ita
1094 1192 1171 1240 cese
1184 1163 1347 1239 dicamus
1367 1221 1377 1255 ‚
1396 1194 1498 1266 prac-

488 1293 633 1368 cinctus
655 1346 665 1377 ‚
690 1286 844 1362 vestitus
866 1342 876 1376 ‚
903 1283 1083 1379 amictus3
1103 1310 1262 1386 quorum
1280 1299 1402 1360 tamen
1421 1316 1498 1360 vcr-

484 1413 532 1486 ba
558 1408 659 1483 omni
684 1403 822 1504 legenti
843 1402 1097 1504 purentissimo
1118 1403 1166 1503 (a)
1184 1403 1499 1505 frequentissimo·

488 1558 560 1634 que
574 1541 769 1629 suppetant
787 1552 880 1620 usu3
906 1539 944 1598 ct
962 1521 1143 1626 quomodo
1165 1523 1216 1623 (b)
1238 1523 1328 1598 illud
1351 1523 1497 1601 Aeneae

490 1650 650 1728 stabit?“
661 1646 812 1733 milites,
829 1643 973 1746 inquit,
992 1643 1209 1743 tunicantur
1224 1699 1259 1734 „.
1279 1641 1327 1718 Et
1339 1645 1497 1736 iterum,

487 1789 512 1823 “
542 1771 625 1875 quis
651 1766 869 1868 gladiabitur
892 1763 932 1837 in
951 1762 1077 1838 bello?
1098 1819 1124 1852 ‚,
1151 1761 1324 1838 Horatius
1349 1794 1497 1869 quoquc

490 1906 514 1940 “
544 1915 701 1988 magno,
719 1884 869 1986 inquit,
888 1881 1027 1982 impetu
1046 1882 1143 1956 facto
1161 1881 1347 1958 hastavere
1367 1913 1405 1958 se
1426 1913 1498 1960 om·

491 2069 517 2104 „
541 2038 608 2084 nes
622 2023 659 2082 et
672 2004 917 2081 calciaverunt
934 2016 971 2075 et
983 2015 1170 2077 scutantes
1183 2029 1220 2077 so
1239 2003 1437 2079 inruerunt
1452 2063 1497 2094 ‚‚.

487 2131 601 2206 Vides
622 2155 708 2202 ecce
729 2123 912 2227 quomodo
930 2121 1021 2196 haec
1040 2121 1155 2196 activa
1173 2121 1441 2216 inveniuntur,
1463 2144 1499 2201 et

487 2278 564 2325 non
583 2246 693 2321 modo
711 2243 827 2317 activa
846 2239 1058 2340 simpliciter
1075 2267 1202 2313 verum
1222 2258 1258 2315 et
1277 2243 1471 2342 tripliciter
1491 2277 1501 2323 t

488 2370 678 2446 manifeste
699 2366 798 2442 enim
818 2359 978 2437 ostendit
991 2387 1120 2435 sensus
1132 2361 1301 2436 lectionis
1318 2365 1407 2439 haec
1425 2394 1502 2440 ver-

489 2497 535 2569 ba
555 2489 760 2567 secundum
784 2483 937 2559 activam
964 2482 1267 2580 significationem
1287 2486 1342 2559 bis
1362 2515 1466 2584 agere
1490 2548 1500 2579 ,

490 2634 525 2689 ct
546 2611 751 2688 secundum
768 2604 941 2708 passivam
958 2602 1066 2677 tertia
1082 2601 1172 2678 vice.
1185 2602 1289 2677 Dicis
1310 2608 1408 2681 enim
1427 2612 1505 2684 has-

488 2735 576 2810 tavit
602 2761 639 2807 ec
664 2732 798 2816 hasta,
826 2740 863 2798 ct
885 2725 1049 2797 hastatus
1077 2740 1132 2796 est
1155 2724 1266 2800 hasta.
1287 2725 1366 2802 Hoc
1394 2747 1430 2803 et
1455 2732 1501 2804 de

490 2851 589 2929 omni
607 2848 717 2924 verbo
741 2902 751 2935 ,
778 2841 876 2946 quod
898 2836 1054 2914 ornandi
1081 2840 1322 2917 decorandive
1344 2848 1503 2922 efficien-

490 2972 577 3045 tiam
597 2980 719 3054 tenet,
739 2963 999 3036 incunctanter
1019 2956 1135 3058 accipi
1152 2976 1297 3059 potest,
1322 2981 1365 3038 ut
1385 2993 1502 3056 orno,

491 3115 661 3177 corono,
689 3083 802 3159 calcio
826 3137 836 3170 ,
860 3079 975 3153 vestio
999 3135 1009 3168 ,
1035 3077 1166 3153 amicio
1194 3137 1204 3168 ‚
1233 3082 1340 3179 cingo
1370 3141 1380 3173 ‚
1408 3089 1504 3160 suni.

490 3239 534 3287 co
556 3267 567 3300 ‚
593 3211 696 3282 hacto
719 3263 729 3294 ‚
756 3202 907 3302 gladio,
933 3200 1076 3290 mitro,
1103 3227 1203 3273 armo
1227 3259 1236 3291 ,
1263 3203 1408 3300 spolio,
1437 3236 1504 3280 nu.

489 3329 536 3403 do
560 3385 570 3416 ,
597 3324 727 3402 amicio
751 3380 760 3414 ‚
787 3320 927 3396 fraudo.
949 3317 1013 3393 Sic
1034 3334 1071 3393 ct
1091 3320 1297 3394 secundum
1316 3323 1429 3396 animi
1449 3355 1504 3398 or.

489 3462 704 3524 numentum
726 3501 736 3534 ,
763 3458 806 3517 ut
825 3440 966 3529 doceo,
987 3438 1142 3529 erudio,
1162 3438 1312 3531 imbuo,
1332 3443 1502 3534 instruo,

491 3569 658 3643 informo.

564 3715 620 3763 ro.
638 3683 778 3759 Verum
788 3681 898 3758 huius
913 3679 1082 3780 epistolae
1104 3699 1331 3783 opportunus
1352 3686 1503 3787 quidem

552 3886 589 3951 (¹¹)
606 3892 643 3933 ¹2⁸
660 3884 712 3934 ⁶⁰⁴¹·
724 3901 764 3945 pro
777 3890 940 3943 paratissimo.
951 3888 1018 3930 certe
1035 3888 1057 3931 in
1074 3890 1175 3932 vetustis
1187 3894 1340 3934 monumentis
1359 3907 1428 3949 propo
1445 3909 1501 3936 ‹on-

494 3977 582 4017 stsnter
599 3965 687 4024 legitur
707 3962 928 4007 desiderantissimo
951 3977 993 4020 pro
1016 3963 1236 4017 destdsrasssstmo.
1253 3972 1442 4013 reverenissimo
1460 3985 1501 4028 pro

494 4042 701 4098 rsvsrsnds'utnso·
749 4034 790 4100 (b)
806 4035 864 4086 cod·
877 4049 902 4084 ss
920 4053 975 4100 pso.
