3382 5206
703 737 890 807 CARMEN
914 739 971 805 Vl.
1032 766 1034 772 ·

443 947 571 1016 Christi
594 946 764 1017 descensus
784 948 825 1014 ad
848 946 966 1016 interos
987 968 1015 1019 et
1036 949 1237 1015 resurrectio.

334 1094 492 1230 Emicat
515 1187 553 1229 ex
578 1162 679 1228 erebo
703 1162 756 1229 lux
780 1160 893 1228 mundi
917 1183 1033 1251 magna
1058 1159 1288 1248 triumphans,

400 1270 564 1336 Primitias
590 1272 674 1336 vitae
699 1294 782 1360 quae
804 1269 1001 1335 moribunda
1027 1286 1145 1358 stupet.

332 1373 507 1439 Prosiliunt
532 1376 673 1458 Furiae,
697 1392 899 1440 concurrunt
927 1373 1076 1464 undique
1099 1375 1242 1455 Parcae,

398 1480 566 1547 Mirantur
590 1483 718 1545 tristem
748 1482 969 1570 congemuisse
990 1477 1133 1570 Stygem.

276 1574 306 1638 5·
331 1580 391 1649 llle
416 1583 490 1650 dein
512 1586 665 1675 princeps
690 1584 840 1650 barathri
861 1585 943 1673 petit
966 1607 1056 1648 arma
1083 1598 1201 1663 sueta,

399 1693 478 1776 Quls
498 1716 599 1783 genus
621 1693 803 1759 humanum
824 1693 973 1760 subdidit
993 1695 1064 1782 ipse
1085 1694 1159 1760 sibi.

330 1794 396 1863 Sed
422 1820 495 1861 mor
522 1813 558 1862 ut
583 1795 665 1863 vidit
688 1799 841 1863 ruitantia
865 1796 980 1863 limina
1006 1794 1131 1878 fracta,

396 1903 546 1967 Territus
570 1903 724 1967 attonitus
746 1901 828 1991 sugit
855 1901 898 1966 ad
922 1905 989 1968 ima
1009 1900 1136 1970 domus.

330 2007 405 2071 Non
435 2025 542 2074 tamen
566 2011 666 2075 evasit
689 2010 860 2076 tenebrosa
882 2034 941 2098 per
962 2027 1055 2076 antra
1083 2029 1262 2103 tyrannus,

258 2133 295 2175 ro
399 2116 532 2181 Fortior
554 2118 690 2180 intravit
718 2118 773 2207 qui
804 2139 859 2180 sua
888 2140 962 2182 vasa
992 2115 1077 2183 tulit.

330 2216 498 2285 Attractus
522 2239 633 2313 captus
659 2224 785 2289 vinctus
808 2223 994 2312 strictisque
1019 2220 1140 2287 catenis

398 2327 554 2392 Detentus
577 2325 718 2392 domitus
741 2325 852 2416 pulsus
876 2326 918 2391 ab
944 2348 1019 2393 arce
1041 2325 1157 2414 prius,

331 2433 401 2515 Qua
428 2432 543 2498 mundi
568 2435 720 2524 princeps
741 2432 843 2502 elatus
868 2430 999 2500 sederat
1020 2430 1100 2499 olim

395 2539 501 2604 Bestia
522 2563 616 2606 saeva
644 2564 742 2607 vorax
769 2557 866 2630 atque
890 2539 946 2605 diu
966 2536 1136 2605 indomita·

257 2644 305 2706 15.
330 2643 395 2711 Sed
419 2647 524 2712 victor
548 2647 664 2714 mundi
689 2649 906 2736 praestantior
932 2645 1084 2712 omnibus
1111 2666 1194 2709 unus

398 2757 521 2820 Totum
545 2754 661 2822 collisit
685 2755 943 2845 comminuitque
968 2769 1075 2841 caput.

329 2857 445 2926 Aestus
472 2863 596 2927 aeterni
619 2860 819 2927 comburunt
844 2875 941 2947 turpe
969 2857 1132 2937 cadaver,

398 2962 702 3054 pyrphlegethontis
723 2968 814 3030 anim
838 2960 963 3031 fervida
987 2962 1119 3028 tlamma
1147 2956 1235 3023 furit.

329 3064 506 3131 Laetantur
526 3062 637 3134 miseri
664 3092 746 3158 quos
771 3066 861 3135 laesit
885 3067 955 3131 dira
982 3081 1143 3154 potestas,

251 3191 302 3234 ao.
396 3169 526 3257 Captivi
554 3170 712 3255 redeunt,
738 3169 965 3243 vinculalaxa
987 3184 1112 3234 vacant·

328 3274 397 3337 laur
419 3291 536 3365 regnat
558 3276 707 3346 Verbum
732 3279 857 3366 patris,
878 3277 943 3341 iam
969 3292 1084 3340 concta
1106 3269 1266 3363 gubernat

398 3381 529 3464 Virtus,
553 3383 635 3463 vita,
658 3379 760 3447 salus:
786 3405 873 3450 mors
896 3380 963 3446 fera
987 3381 1072 3444 victa
1092 3377 1173 3444 silet.

328 3488 476 3556 Surrexit
500 3490 590 3553 vivus
614 3512 769 3578 rumpens
792 3487 971 3555 retinacula
993 3486 1068 3569 leti,

398 3592 497 3659 Nulla
524 3593 609 3658 valet
634 3618 795 3659 summum
818 3597 866 3660 vis
889 3595 1031 3661 retinere
1052 3598 1168 3662 Deum.
1246 3666 1250 3673 .

254 3708 304 3767 25.
330 3703 405 3789 lpse
422 3698 528 3764 libens
552 3700 694 3764 animam
716 3700 845 3785 posuit,
871 3701 1101 3789 propriamque
1126 3696 1327 3788 resumpsit;

396 3809 521 3873 Ponere
549 3830 647 3897 quam
669 3808 797 3894 potuit,
821 3829 890 3873 noa
913 3829 1083 3874 remanere
1102 3806 1190 3871 sinit.

330 3912 434 3994 Quam
462 3910 517 3975 dat
539 3934 600 3999 pro
626 3908 740 3976 mundi
770 3912 858 3995 vita,
885 3913 1050 3979 revocavit
1073 3910 1239 3987 eandem

396 4019 486 4100 Quae
513 4016 626 4100 datur,
651 4018 830 4107 accipitur;
855 4017 993 4102 tradita,
1015 4016 1103 4084 salva
1120 4033 1238 4083 manet.
