3382 5206
760 613 904 662 caunas
939 615 961 660 ι.
1281 592 1351 690 429

350 720 437 808 Quid
459 744 611 810 superare
634 718 714 786 velis
740 716 882 790 fratres?
907 718 988 810 quid
1011 717 1135 809 pellere
1159 719 1291 813 regno?

418 825 590 916 Numquid
613 849 678 891 non
701 824 799 890 simili
824 843 992 892 stemmate
1015 823 1204 916 progeniti?

352 933 421 999 Cur
443 935 489 999 sic
514 932 641 998 conaris
666 929 791 997 divinas
812 929 936 998 solvere
960 927 1072 1021 leges?

274 1058 325 1121 70·
417 1040 634 1129 Ingratusqne
657 1038 745 1116 tuis,
771 1061 831 1103 cur
854 1036 959 1102 aliena
981 1033 1092 1126 petis?

350 1142 436 1231 Quid
461 1145 520 1209 tihi
544 1145 742 1232 baptismus,
764 1143 844 1234 quid
867 1160 978 1210 sancta
1000 1141 1178 1232 solempnia
1202 1148 1316 1211 missae

418 1249 566 1316 Occultis
588 1273 717 1338 semper
739 1249 873 1316 nutibus
897 1245 1087 1319 insinuant?

349 1351 520 1444 Numquid
544 1379 608 1421 non
631 1372 806 1443 praecepta
828 1350 926 1421 simul
948 1350 1090 1420 fraterna
1114 1369 1245 1438 tenere,

418 1459 554 1526 Viribus
578 1484 616 1525 ac
640 1462 713 1528 totis
738 1462 848 1525 vivere
872 1456 973 1525 corde
996 1455 1078 1548 pio?

228 1592 233 1601 ·
269 1564 322 1650 75.
349 1562 506 1631 Ausculta
530 1564 667 1653 pavidus
691 1564 771 1656 quid
796 1562 913 1630 clamat
935 1588 1062 1630 summa
1084 1563 1218 1652 sophia,

415 1674 504 1756 Quae
528 1673 654 1739 nullum
677 1670 761 1738 fallit
785 1671 935 1762 dogmata
959 1696 1035 1738 vera
1061 1671 1190 1738 docens.

347 1777 380 1844 Si
406 1778 466 1842 tibi
490 1777 660 1844 molestum
684 1777 766 1844 nolis
790 1776 922 1846 aliunde
946 1780 1076 1860 venire,

414 1882 552 1949 Nullum
575 1907 763 1972 praesumas
787 1882 918 1950 laedere
941 1901 1033 1972 parte
1052 1899 1115 1948 tua.

350 1988 482 2056 Christe
504 1992 567 2056 tuis
591 1990 719 2057 famulis
744 1989 886 2057 caelestis
909 1990 1052 2077 praemia
1076 1991 1161 2057 vitae

267 2094 320 2157 80.
413 2098 566 2180 Praesta,
589 2096 752 2164 versificos
776 2111 845 2161 tute
868 2111 962 2161 tuere
985 2113 1066 2162 tuos·

344 2203 490 2270 Poscenti
514 2204 656 2270 Domino
679 2226 790 2270 servus
811 2225 868 2268 sua
893 2200 1003 2267 dehita
1026 2199 1141 2285 solvit,

412 2307 602 2375 Mercedem
626 2310 708 2377 servi
733 2306 790 2375 sed
813 2304 922 2373 videat
949 2304 1108 2373 dominus.

1349 1776 1382 1793 Ὅ

731 2518 919 2590 CARMEN
942 2518 985 2585 11.

762 2733 812 2797 De
836 2753 944 2796 cruce.

351 2872 499 3027 Aspice
523 2939 728 3029 praeclarum
751 2938 851 3006 radiis
874 2937 1035 3006 solaribus
1058 2940 1172 3006 orbem

414 3049 499 3131 Quos
523 3071 600 3112 crux
624 3045 769 3112 salviflua
791 3047 914 3135 spargit
937 3044 979 3110 ab
1004 3068 1080 3110 arce
1103 3070 1169 3112 sua.

346 3156 487 3218 Terram
512 3154 770 3244 Neptunumque
793 3171 881 3219 tenet
904 3152 1084 3242 flatumque
1106 3150 1287 3242 polosque,

414 3261 455 3325 Et
477 3259 587 3348 siquid
608 3283 706 3347 supra
730 3259 877 3326 creditur
902 3281 966 3325 esse
989 3258 1115 3347 procul.

289 3363 318 3424 ὁ.
345 3368 431 3433 Dum
455 3383 587 3433 revocat
609 3364 741 3432 miseros
765 3365 927 3433 humanae
951 3366 1054 3456 gentis
1077 3363 1119 3430 ab
1144 3365 1231 3449 imo,

413 3471 556 3561 Cuspide
579 3488 755 3537 tartaream
777 3474 920 3560 percutit
943 3474 1011 3561 ipsa
1030 3471 1159 3565 Stygia.

343 3578 374 3643 Ο
399 3601 478 3643 crux
501 3575 586 3644 alma
608 3579 692 3644 nites
715 3575 803 3642 ultra
823 3576 997 3667 Seraphim
1022 3576 1286 3668 Cherubimque3

411 3681 505 3766 Quod
531 3698 578 3748 est
602 3681 692 3772 quod
713 3705 779 3748 non
802 3699 848 3749 est
872 3700 905 3749 te
929 3680 1006 3749 colit
1024 3705 1121 3749 omne
1143 3707 1250 3771 super.

342 3791 371 3854 Τ
376 3816 392 3856 e
417 3788 540 3853 domini
565 3811 696 3871 rerum,
719 3789 879 3873 virtutes,
902 3805 1000 3880 atque
1023 3805 1187 3877 potestas,

287 3913 316 3957 o.
407 3895 500 3961 Ordo
526 3893 622 3978 colit,
646 3894 790 3962 medium
815 3897 885 3963 inre
908 3893 1050 3962 tenendo
1074 3893 1191 3962 locum.

340 3999 507 4093 Angelus,
531 4000 771 4094 archangelus,
792 4003 965 4092 princeps,
989 4018 1139 4091 totusque
1162 4027 1330 4093 supremus
