3382 5206
375 485 445 581 146
741 511 884 558 retroue
911 512 953 560 xi.

318 618 535 704 adverbia,
564 642 716 716 quorum
748 617 902 690 conditio
928 618 971 689 ab
1000 616 1076 688 aliis
1106 618 1262 716 partibus
1287 645 1360 690 ora·

341 737 447 810 tionis
475 735 658 824 nascitur,
687 753 727 808 ut
759 764 923 827 mecum,
950 756 1096 825 tecum,
1124 765 1269 827 secum,
1296 766 1358 810 no·

340 856 506 943 hiscum,
535 855 724 929 vobiscum.
757 853 824 926 Me
853 857 948 927 enirn
973 855 1139 926 ablativus
1167 874 1247 944 est,
1275 882 1359 929 cum

338 973 579 1073 praepositio,
607 989 643 1044 et
663 972 800 1045 saciunt
819 973 1028 1046 adverbium
1049 974 1161 1048 simul.
1184 973 1278 1047 Sunt
1300 975 1358 1078 adp

339 1094 459 1167 verbia
490 1120 577 1192 quae
605 1109 638 1163 et
666 1094 835 1186 nomiua3
863 1111 904 1165 nt
924 1093 1086 1190 magister
1112 1094 1268 1184 dicitur,
1295 1094 1359 1193 qui

266 1265 269 1269 ·
338 1211 381 1283 sit
398 1210 613 1310 praecipuus
635 1211 766 1284 doctor.
794 1209 840 1281 Et
860 1211 1067 1291 adverbium
1083 1230 1156 1301 est,
1176 1213 1270 1285 sicut
1288 1210 1357 1284 Lu-

338 1357 451 1403 canus
478 1329 549 1404 ait:
577 1342 600 1373 “
630 1329 790 1401 doctores
817 1331 947 1401 etenim
971 1331 1137 1428 magister
1165 1331 1283 1402 omnia
1310 1332 1356 1403 sa-

339 1449 477 1523 ciebant
505 1505 540 1538 ,,,
569 1446 665 1521 Sunt
684 1447 841 1521 adverbia
861 1467 1003 1550 propter
1021 1467 1213 1524 metrorum
1236 1478 1357 1522 neces·

337 1569 482 1657 citatas,
509 1584 551 1641 ut
571 1569 696 1642 fortius
718 1569 806 1657 iter,
827 1597 889 1668 pro
909 1571 1071 1665 sortiter3
1093 1587 1271 1670 comptose
1293 1597 1354 1670 pro

335 1708 487 1791 compte.
513 1689 590 1763 Aut
610 1691 850 1779 minuuntur,
877 1709 916 1764 ut
935 1690 1100 1764 audacter
1124 1718 1185 1789 pro
1213 1689 1352 1763 audaci-

306 1899 308 1903 ·
334 1827 397 1887 ter.
424 1808 538 1884 Multi
558 1810 720 1884 adverbia
741 1811 783 1885 de
807 1812 1041 1885 coniunctivis
1060 1810 1197 1884 sariunt
1214 1869 1223 1899 ‚
1243 1829 1286 1884 ut
1305 1828 1353 1883 ta·

335 1956 417 2004 men
443 1930 637 2031 proinde,
666 1959 747 2029 ergo
767 1961 830 2031 pro
852 1961 964 2033 saepe.
991 1930 1045 2004 Ut
1071 1945 1095 1977 ‘⁸
1126 1960 1210 2029 ergo
1229 1932 1353 2028 legunt

334 2047 507 2147 sapientes
517 2064 576 2120 tna
589 2049 717 2148 scripta
736 2080 757 2123 o
771 2048 862 2123 Cato
881 2108 916 2140 ‚‚.
932 2049 1008 2123 Hoc
1027 2066 1078 2122 est
1092 2051 1225 2138 dicere,
1247 2078 1349 2147 saepe

331 2169 468 2265 legunt.
501 2166 547 2240 Et
576 2167 663 2242 Cato
689 2168 802 2245 dicit:
830 2184 853 2215 “
885 2189 1023 2258 tamen,
1053 2171 1191 2269 inquit,
1220 2169 1350 2243 reversi

331 2286 480 2362 Romam
507 2267 658 2362 veniurit
687 2347 721 2378 ‚‚.
750 2287 907 2381 Hocest
935 2289 1018 2361 inde
1047 2292 1183 2363 reversi.
1211 2288 1318 2365 Finit.

308 2516 1096 2533 υ-υ-ιιιιο--υ--ι--η-η--ν--η
1105 2523 1109 2528 ·
1119 2521 1204 2532 uun-v·
1214 2521 1304 2530 ---—-
1313 2523 1369 2531 ω.-

586 2665 670 2741 xu.
698 2663 764 2737 ua
792 2629 1096 2740 annuncio.

332 2821 440 2985 De
467 2907 650 3008 participio
670 2907 786 2981 brevia
807 2907 955 2979 dicenda
984 2924 1079 2979 sunt.
1107 2906 1266 2980 Gerendi
1292 2906 1347 2978 vel

328 3029 438 3128 typici
463 3029 570 3101 verba
600 3028 644 3101 de
670 3026 865 3127 participiis
894 3027 1045 3098 derivata
1065 3027 1188 3100 fideles
1213 3028 1345 3126 quique

327 3149 516 3223 doctorum
548 3149 595 3220 ita
627 3148 837 3245 intellegunt.
864 3207 873 3238 ‚
900 3165 940 3219 ut
971 3148 1122 3244 eligendi
1155 3148 1345 3244 genitivum

326 3265 538 3368 participii,
567 3267 662 3338 verbi
690 3266 847 3365 passivi,
875 3267 1042 3364 temporis
1067 3267 1177 3339 futuri
1199 3297 1209 3361 3
1237 3285 1272 3339 et
1299 3267 1345 3339 ita

326 3416 389 3489 per
422 3386 583 3459 ordinem
616 3404 734 3460 totum
769 3414 888 3460 casum
920 3414 1071 3461 numero
1102 3386 1273 3484 singulari
1306 3389 1344 3459 in

328 3507 422 3579 hanc
448 3508 598 3578 sormam
623 3532 761 3577 versum
789 3533 859 3576 esse
882 3504 1085 3593 definiunt,
1114 3505 1208 3604 quod
1235 3506 1346 3577 inusi-

325 3642 398 3699 tata
423 3626 597 3699 latinitate
624 3626 820 3698 derivatum
846 3643 907 3699 cst.
936 3626 1096 3699 Gerendi
1124 3644 1242 3698 autom
1270 3655 1344 3698 ver-

317 3745 366 3819 ba
386 3745 558 3819 dicuntur
578 3774 669 3845 quae
702 3746 739 3816 in
766 3773 868 3844 opere
895 3745 991 3845 quod
1016 3763 1139 3818 natura
1166 3775 1239 3818 non
1268 3764 1341 3819 erat

320 3890 429 3936 auum
447 3922 460 3952 ,‚
487 3863 603 3963 aliqua
630 3880 771 3961 gerunt.
798 3862 894 3935 Haec
923 3881 956 3936 et
985 3865 1096 3936 activo
1125 3866 1230 3935 verbo
1257 3866 1337 3937 hae-

319 3998 408 4057 rent.
436 3979 561 4080 Typici
590 3999 707 4054 autem
732 3982 837 4056 verba
866 3982 944 4054 ideo
965 3982 1163 4070 dicuutur,
1191 3983 1271 4081 quia
1293 4011 1333 4055 cx
