3382 5206
355 583 404 658 50
727 613 877 659 rrrsrom
899 615 947 658 m.

277 775 281 781 .
323 745 390 791 nee
417 716 608 791 refutabitis
636 747 700 791 nee
728 718 960 795 adsrrrnubitis.
982 719 1026 791 Et
1046 722 1073 792 si
1094 723 1262 820 seriptum
1289 754 1349 796 an·

322 838 457 913 dieritis
482 895 492 928 ,
520 868 593 912 non
621 840 868 912 contenderitis
898 858 1017 913 utrum
1043 841 1085 914 ad
1114 842 1347 916 indubitatam

322 960 564 1033 auctoritatem
590 989 634 1033 an
661 961 703 1033 ad
732 960 938 1059 ambiguum
964 963 1107 1034 sumatis
1139 965 1347 1063 exemplum.

410 1105 467 1181 17.
489 1077 596 1174 Quod
617 1097 733 1154 autern
754 1081 909 1155 dicturos
930 1109 992 1155 nos
1013 1084 1085 1154 sore
1108 1085 1348 1182 promisimus,

324 1197 392 1271 hoc
418 1215 471 1271 est
497 1199 591 1298 quod
617 1200 720 1273 tertia
746 1200 945 1297 coniugatio
971 1200 1139 1299 producta
1160 1203 1196 1274 in
1217 1205 1347 1302 specia-

324 1315 416 1395 libus
435 1315 657 1415 intellegatur
679 1318 807 1408 modis,
827 1320 894 1392 hoc
916 1336 966 1392 est
986 1321 1067 1420 quia
1088 1321 1199 1419 primo
1219 1322 1349 1396 indica-

327 1435 397 1508 tivo
411 1436 514 1509 modo
530 1453 682 1536 tempore
698 1439 867 1537 praesenti
887 1467 1032 1538 persona
1050 1441 1158 1539 prima
1178 1469 1250 1513 uon
1269 1442 1350 1513 satti-

325 1554 359 1628 le
378 1554 605 1631 dinoscatur:
631 1556 718 1629 dicis
739 1557 834 1630 enirn
854 1558 959 1631 audio
976 1589 985 1653 3
1008 1559 1073 1631 hoe
1095 1560 1127 1631 ·i·
1141 1577 1220 1632 ante
1236 1585 1276 1629 ·o·
1293 1558 1349 1629 lra-

325 1673 386 1749 bet
401 1674 446 1774 (a)
460 1732 470 1764 ‚
484 1691 523 1747 ut
537 1674 631 1747 lanio
644 1675 713 1752 :vel
729 1693 868 1775 propter
885 1706 922 1750 eo
943 1677 1047 1750 verbu
1063 1736 1071 1767 ‚
1092 1704 1179 1777 quae
1198 1706 1262 1749 nec
1280 1692 1348 1747 tota

326 1820 393 1865 nee
408 1792 564 1867 ommino
582 1812 734 1867 correcta
750 1824 824 1867 esse
840 1797 1097 1896 repperiantur.
1114 1794 1285 1868 licem-ras
1305 1794 1349 1865 ad

328 1911 558 2009 praeteritum
588 1931 721 2012 ternpus
748 1913 904 1987 ciusdem
930 1914 1023 1986 modi
1050 1916 1266 2015 perfeetum,
1288 1912 1347 1984 ubi

328 2030 417 2102 nihil
443 2031 656 2131 eriposcium
685 2035 732 2133 (b)
761 2062 1004 2108 remansurum
1031 2051 1103 2122 est,
1131 2035 1227 2133 quasi
1255 2033 1349 2104 dicas

327 2148 453 2224 audivi.
479 2148 618 2224 Dehinc
642 2153 684 2225 ad
714 2152 954 2251 imperativum
980 2154 1158 2240 modum,
1187 2169 1226 2223 ut
1254 2150 1347 2224 audi.

328 2264 469 2341 Deinde
501 2269 543 2342 ad
575 2270 817 2359 infinitivum,
852 2289 891 2344 ut
914 2271 1046 2345 audire.
1076 2269 1263 2342 Secundus
1290 2297 1349 2339 au·

328 2401 402 2459 tem
420 2388 539 2462 tertiae
561 2391 815 2493 coniugationis
835 2391 1025 2490 productae
1046 2390 1170 2463 modos
1189 2388 1247 2459 lrie
1275 2403 1347 2475 est,

329 2534 437 2605 quern
462 2508 499 2581 in
526 2527 649 2608 (planta
676 2510 918 2608 coniugatione
951 2509 1123 2607 suscipere
1156 2538 1191 2580 se
1222 2507 1348 2578 dehere

329 2644 545 2725 putant‚ut
572 2660 612 2701 eo
644 2629 671 2700 is
705 2611 741 2704 it.¹
770 2630 926 2704 Tertiam
952 2647 1071 2703 aretem
1104 2647 1235 2728 partem
1264 2627 1351 2700 eius·

329 2746 411 2821 dem
429 2748 680 2837 ordinationis,
702 2751 988 2848 coniugationcm
1001 2768 1194 2849 correptam
1214 2748 1350 2821 tertiam

330 2895 402 2940 esse
429 2868 637 2959 adfirmant,
660 2886 699 2942 ut
725 2869 811 2968 lego.
841 2872 983 2944 Sextum
1009 2890 1130 2944 autern
1155 2899 1262 2970 quam
1290 2898 1350 2941 no

329 2986 446 3059 bisin
472 3016 662 3061 numerum
688 2991 946 3063 ordinatimnun
972 2991 1183 3077 adducunt,
1211 2989 1348 3061 nullum

332 3108 477 3181 omnino
503 3136 627 3181 sanum
654 3111 828 3209 suscipere
850 3129 1009 3211 oportet,
1030 3140 1152 3183 eorum
1171 3110 1352 3182 dumtaxat

331 3227 534 3314 verborum,
555 3257 643 3326 quae
665 3228 701 3298 in
722 3256 804 3301 ·u1n·
823 3229 974 3302 litteram
994 3230 1185 3317 finiuntur,
1215 3246 1254 3300 ut
1273 3257 1351 3300 sum

333 3376 492 3447 praesum
519 3367 553 3422 et
580 3368 703 3425 cetera.

424 3473 480 3547 18.
508 3468 623 3568 Super
649 3472 715 3544 hae
745 3502 779 3544 re
807 3470 966 3545 Aeneam
990 3472 1175 3571 aliquande
1208 3471 1353 3542 interro-

332 3620 415 3687 gans
433 3649 442 3681 ‚
463 3594 579 3666 audivi
605 3596 648 3668 ab
675 3600 746 3694 ipso
774 3595 840 3668 tale
867 3624 1095 3694 responsum:
1117 3595 1149 3666 0
1178 3595 1227 3666 lili
1249 3653 1257 3682 ‚
1277 3594 1349 3665 noli

335 3712 479 3785 summis
505 3713 649 3812 quidem
674 3716 816 3791 auribus
836 3716 989 3814 recipere
1012 3714 1070 3805 ‚si
1095 3714 1172 3814 quis
1195 3715 1256 3785 tibi
1278 3744 1353 3785 sua·

332 3833 416 3906 serit
441 3834 536 3934 quod
562 3835 674 3908 ullum
699 3836 844 3909 verbum
869 3837 1006 3936 possit,
1034 3835 1128 3935 quod
1155 3833 1353 3904 in·u1n·tit·

335 3968 444 4028 teram
456 3954 596 4028 finiatur
608 4015 617 4045 ‚
630 3957 735 4030 ullius
748 3982 822 4029 esse
833 3955 1112 4054 coniugationis3
1131 3981 1222 4052 quae
1235 3981 1288 4024 res
1304 3955 1350 4047 (a)

417 4102 458 4173 (¹)
475 4109 530 4155 cod·
547 4110 657 4153 dabunt.
705 4108 803 4174 (l)1'ro
819 4111 963 4168 ambiguum·
1010 4104 1049 4169 (r)
1066 4104 1129 4151 Halo
1145 4119 1214 4163 praem
1233 4082 1294 4147 rerer!-
