3382 5206
729 590 775 640 DE
808 587 963 643 Romuli

1271 566 1332 645 18‘1

362 697 755 773 Nuusetiumhocquacritur‚
768 690 823 768 quii
876 716 905 752 su
924 697 1128 771 repperiuntur.
1153 707 1184 752 ut
1208 707 1275 771 putu
1295 696 1364 758 hic.

327 789 361 842 de
388 808 469 844 ouusa
487 790 701 863 supradictarum
719 785 818 841 sormu-

326 895 384 929 rum
402 878 510 932 nomina
529 875 632 944 generis
650 875 733 928 omnis
762 893 818 928 esse

327 960 474 1016 dicunturi
496 963 548 1016 hae
572 963 605 1016 de
630 980 730 1020 cause,
749 980 819 1033 quo·

326 1050 397 1102 trium
416 1061 599 1120 quoecumque
613 1047 743 1104 vocabula
761 1066 818 1100 mu-

326 1136 429 1190 sculina
451 1137 617 1195 nominativo
636 1153 697 1188 essu
716 1135 818 1187 numeri

326 1225 468 1294 singularis
480 1226 584 1280 hisdem
595 1224 756 1298 supradictis
769 1222 819 1277 ior·

328 1313 378 1367 nais
396 1314 577 1373 definiuntur,
593 1326 621 1369 et
636 1333 669 1368 ex
688 1330 738 1367 suu
758 1327 818 1385 spe-

326 1401 369 1456 cie
381 1401 510 1459 vocabula
520 1403 647 1460 feminina
664 1404 705 1459 rel
724 1413 818 1456 neutra

329 1491 414 1548 iacere
424 1505 550 1565 possunt.
565 1494 631 1548 haec
651 1494 752 1561 generis
767 1510 819 1544 om·

328 1581 371 1634 uis
386 1597 443 1634 esse
464 1580 684 1653 pronuntiantur.
704 1581 744 1633 Du
763 1575 818 1632 ior·

327 1667 377 1720 mis
395 1666 583 1740 suprascriptis
608 1677 692 1726 octo.
716 1664 818 1733 generis

329 1754 432 1808 scilicet
441 1755 541 1814 omnis.
555 1751 817 1824 quemadmodum:

327 1838 369 1893 his
382 1842 489 1895 uomina
508 1841 703 1913 comparativus
720 1840 761 1892 rel
775 1857 816 1892 su·

326 1927 469 1998 pertutiros
489 1929 587 1995 gradus
614 1927 701 1982 iacere
724 1942 816 1998 reppe-

327 2014 433 2070 riantur
452 2054 460 2076 .
477 2029 592 2072 nec'uou
609 2028 688 2071 etex
705 2017 817 2083 singuiis

327 2103 417 2159 formis
435 2104 507 2158 intra
521 2114 588 2176 quot
605 2122 684 2159 sonus
704 2103 817 2158 exhibe·

328 2206 356 2243 rc
373 2191 496 2262 possint.
516 2202 647 2262 qnantum
674 2191 745 2244 ratio
765 2209 816 2263 po·

327 2277 417 2332 ‘suebat
435 2280 615 2334 uacuviuus

515 2386 551 2423 us
574 2385 628 2425 us·

362 2457 551 2528 Quaecumque
581 2459 688 2511 uomina
716 2456 817 2524 generis

327 2547 412 2600 omnis
446 2547 473 2602 in
500 2547 618 2619 positivo
649 2546 734 2615 gradu
768 2566 817 2599 uo-

329 2633 459 2689 ruiustiro
481 2652 544 2688 essu
572 2634 673 2688 numeri
698 2633 820 2701 singula-

329 2724 365 2777 ris
392 2741 442 2776 ·us·
469 2723 566 2776 litteris
600 2722 764 2778 definiuntut
794 2723 816 2776 si

327 2810 520 2881 comparativus
539 2810 636 2877 gradus
655 2827 689 2862 ex
706 2827 735 2863 se
750 2809 819 2863 suce-

329 2913 355 2947 re
372 2903 498 2965 possunt.
525 2894 590 2948 haec
609 2897 638 2948 iu
661 2890 752 2949 dativo
776 2915 816 2949 ca·

329 2999 359 3034 su
378 2983 479 3034 numeri
498 2981 642 3050 singularis
662 3001 712 3035 ·or·
734 2983 815 3051 syllo-

329 3067 389 3121 bnm
409 3069 545 3141 occipiunt
563 3079 591 3121 et
609 3071 819 3140 comparativum

327 3160 436 3227 gradum
456 3159 557 3226 generis
575 3158 720 3211 communis
735 3171 821 3213 osteu-

329 3249 410 3302 dunt:
439 3247 541 3301 scilieet
566 3247 711 3317 quoniam.
738 3249 819 3302 sicuti

327 3337 554 3409 supradiximus.
570 3336 731 3407 quicumque
749 3357 822 3391 cosn-

327 3425 442 3496 parntivi
468 3424 564 3491 gradus
589 3424 754 3478 nominativo
774 3443 821 3476 cu·

326 3530 356 3564 su
375 3513 475 3564 numeri
493 3510 635 3577 singularis
663 3511 722 3563 ·ior·
743 3512 820 3566 iitte·

329 3601 365 3653 ris
378 3599 557 3656 definiuntur.
572 3609 599 3650 et
609 3618 661 3652 uon
673 3617 705 3651 ex
716 3600 759 3652 iiia
774 3620 821 3671 po-

328 3688 426 3739 sitione
450 3684 573 3744 iormue‚
597 3705 651 3755 qua
680 3705 713 3739 ex
742 3706 820 3753 geue-

331 3793 358 3827 re
388 3775 532 3829 masculino
562 3775 726 3828 nominetivo
759 3793 821 3828 cusu

329 3867 428 3914 numeri
440 3862 582 3929 singularis
598 3879 651 3914 ·cx·
661 3861 758 3914 litteris
773 3881 823 3914 no-

330 3950 399 4002 rniua
418 3951 599 4009 definiuntur.
614 3951 705 4004 venire
722 3950 823 4004 intelle·

330 4050 447 4107 guntur.
468 4041 497 4092 hi
512 4041 613 4108 generis
626 4043 770 4096 communis
782 4061 821 4098 es·

869 798 897 842 ct
914 787 994 848 hoec.
1012 798 1040 842 et
1059 787 1110 842 hoc
1127 798 1219 847 retus.
1238 785 1301 839 huie
1321 802 1363 842 ve-

871 876 944 942 teri3
970 876 1015 928 bic
1039 887 1066 931 et
1098 876 1165 930 haec
1183 874 1299 932 veterior
1322 874 1365 928 ia-

870 981 928 1018 cere
961 964 1086 1017 debeaut·
1119 963 1197 1018 Nunc
1220 961 1287 1015 haec
1314 979 1363 1018 ea·

871 1054 929 1105 dem
948 1052 1096 1123 supradicti
1115 1051 1217 1120 generis
1234 1051 1361 1108 numius.

869 1158 940 1210 quas
957 1141 1074 1194 diximus
1086 1141 1113 1193 in
1133 1139 1289 1211 supradicto
1304 1155 1361 1206 grs-

871 1227 906 1278 du
921 1229 1088 1282 nominativo
1104 1243 1168 1281 casu
1188 1225 1292 1281 numeri
1309 1226 1363 1278 siu·

870 1309 969 1377 gularis
988 1328 1041 1364 ιω·
1059 1309 1158 1364 litteris
1184 1307 1313 1364 definiri.
1332 1307 1361 1359 iu

868 1397 963 1453 dativo
998 1415 1061 1454 casu
1092 1398 1195 1452 numeri
1222 1394 1364 1464 singularis

870 1504 924 1539 ·us·
942 1486 1071 1556 syllabam
1090 1485 1245 1558 uccipiuutt
1267 1494 1295 1536 et
1308 1500 1363 1537 nou

869 1583 974 1627 tautum
992 1571 1167 1646 computatiri
1191 1570 1288 1642 qrudus
1315 1585 1363 1643 qe-

867 1661 938 1716 ueris
956 1661 1074 1718 neutri.
1101 1659 1149 1713 sed
1166 1671 1194 1714 et
1219 1655 1362 1714 adverbiu-
1394 1664 1400 1687 ³

868 1747 937 1800 rium
955 1765 1010 1802 esse
1027 1747 1236 1819 repperiuntur.
1256 1755 1289 1799 ut
1311 1761 1365 1816 pu·

868 1847 912 1896 ts.
931 1838 978 1892 hio
1002 1847 1031 1892 et
1048 1838 1114 1890 huuc
1137 1845 1166 1890 et
1185 1835 1236 1890 hoe
1260 1845 1363 1893 retus.

867 1925 932 1981 huit
949 1924 1034 1981 reteri
1047 1924 1179 1980 veterius.
1196 1923 1306 1994 utrique
1322 1939 1362 1976 ro

867 2015 1003 2086 spondeat.
1030 2015 1081 2067 Sed
1109 2013 1218 2083 quaudo
1243 2013 1360 2068 veterius

867 2102 955 2178 generi
974 2113 1089 2159 neutro.
1109 2101 1149 2153 vei
1176 2100 1284 2171 quaudo
1308 2100 1359 2152 ud-

867 2189 959 2245 vsrbio
984 2190 1012 2243 iu
1034 2190 1231 2260 comparatione
1251 2207 1360 2262 respou-

868 2283 949 2339 deat,
968 2283 1022 2335 lam
1039 2283 1107 2337 satis
1127 2282 1155 2333 iu
1177 2280 1362 2352 superioribus

866 2370 1040 2426 ostendimus.

902 2460 979 2512 Nunc
997 2458 1063 2510 iuteo
1083 2456 1175 2508 eudem
1194 2452 1304 2508 uomius
1319 2471 1365 2522 ge·

869 2547 940 2598 ueris
971 2545 1076 2600 omnis.
1095 2559 1165 2613 quae
1198 2541 1315 2595 diximus
1334 2541 1363 2594 iu

868 2634 986 2706 positivo
1010 2632 1094 2701 gradu
1123 2629 1288 2684 nominativo
1316 2646 1365 2682 ca-

867 2741 901 2777 su
928 2722 1030 2775 numeri
1059 2719 1201 2788 singularia
1233 2736 1286 2771 ·us·
1313 2718 1365 2772 lit-

870 2824 932 2864 teus
962 2809 1067 2864 definiri
1090 2838 1097 2864 t
1128 2808 1151 2860 si
1183 2806 1363 2879 superlativus

869 2898 966 2965 gradus
993 2916 1027 2951 ex
1053 2914 1081 2949 se
1108 2893 1195 2947 iacere
1221 2905 1362 2966 possunt.

868 2987 933 3039 haec
950 3007 982 3040 cx
996 2986 1087 3039 dativo
1106 3002 1168 3037 casu
1190 2984 1293 3038 numeri
1307 2986 1362 3038 siu·

869 3076 967 3145 guiaris
988 3076 1018 3128 ·i·
1039 3073 1161 3127 ultimum
1185 3073 1315 3127 omittunt
1333 3083 1362 3126 et

872 3160 1015 3237 inieodeur
1041 3161 1132 3214 dativo
1164 3174 1227 3213 cusu
1259 3159 1361 3212 numeri

871 3250 1013 3319 singularis
1045 3249 1147 3301 uirnus·
1177 3245 1292 3317 syllabas
1317 3267 1363 3300 uc-

873 3339 977 3409 cipiunt
990 3373 996 3394 .
1007 3346 1035 3388 et
1053 3335 1242 3406 superiutivum
1253 3334 1363 3401 gradum

871 3428 974 3497 generis
993 3425 1132 3478 masculini
1149 3424 1312 3480 ostendunt.
1332 3433 1365 3477 ut

872 3529 937 3589 putu
961 3517 1005 3568 irie
1024 3525 1051 3567 et
1071 3515 1136 3565 haec
1153 3524 1180 3567 et
1199 3513 1249 3565 hoc
1268 3523 1365 3571 vetus.

871 3607 934 3658 huic
944 3604 1042 3659 veteri.
1056 3602 1212 3655 veterrimus
1224 3600 1310 3653 iacere
1321 3600 1365 3654 de·

871 3692 942 3747 beat·
962 3695 1027 3746 Item
1045 3690 1110 3743 haec
1128 3691 1220 3744 eudem
1238 3690 1365 3762 supradi-

874 3784 911 3835 cti
937 3782 1038 3850 generis
1057 3779 1165 3834 nomina
1183 3800 1215 3832 ex
1234 3781 1365 3852 supradi-

873 3883 917 3926 cto
944 3886 1006 3925 casu
1034 3871 1218 3942 supradictam
1249 3868 1366 3922 litterum

872 3960 1018 4018 omittunt.
1031 3972 1058 4015 et
1071 3961 1100 4014 in
1110 3959 1201 4013 eodem
1212 3957 1367 4029 supradicto

873 4068 937 4107 casu
952 4049 1039 4107 rima·
1058 4047 1175 4121 syilsbas
1189 4046 1327 4120 accipiunt
1339 4054 1367 4102 d
