3382 5206
607 690 834 741 caanuarsca
859 694 905 741 rr
929 691 1092 742 neantes.
1271 680 1329 742 ⁵51

329 797 470 887 pulchro
493 797 625 864 seruiens
648 797 680 865 in
701 819 837 885 corpore
855 796 968 861 virtus.
983 831 1004 849 ·
1020 798 1177 882 Faciem,
1200 800 1355 890 rapient,

330 905 481 993 capiens,
503 901 651 992 lugiens,
676 921 846 980 uretuens;
870 918 906 967 nt
925 902 957 967 ia
979 905 1137 994 georgicis
1160 939 1182 956 -
1205 905 1352 972 hocmc·

332 1028 424 1075 tuens
453 1008 535 1075 caeli
564 1033 688 1076 menses
714 1025 745 1076 et
771 1006 877 1076 sidera
904 1032 1021 1076 serva.
1055 1046 1090 1062 -
1122 1014 1224 1079 Porro
1251 1011 1354 1080 rerba

330 1115 491 1183 secundae
523 1116 757 1206 coniugationis
781 1165 791 1199 ,
817 1138 901 1206 quae
927 1118 961 1182 in
989 1117 1160 1186 tribracho
1189 1117 1355 1208 praediri-

330 1245 402 1286 mus
430 1221 677 1310 participiorum
704 1218 993 1311 significationibus
1018 1222 1196 1307 subnexa,
1225 1246 1374 1314 usqum,

330 1351 429 1417 quam
452 1343 652 1417 anapaesto,
672 1325 729 1393 sed
750 1325 862 1394 iambo
882 1329 1061 1418 mancipari
1085 1352 1227 1412 censeo,
1248 1353 1353 1421 quan·

332 1431 509 1524 doquidem
534 1449 617 1499 statu
641 1430 887 1526 trisyllaborum
911 1433 1032 1523 pedum
1053 1436 1168 1502 amisso
1188 1433 1230 1500 ad
1255 1458 1356 1526 regu·

330 1536 395 1603 lam
415 1537 651 1631 disyllaborum
674 1539 894 1633 rediguntur,
918 1557 953 1605 ut
973 1541 1071 1609 iubeo
1091 1542 1226 1626 iubens,
1251 1540 1353 1612 doceo

332 1641 464 1713 docens,
480 1645 570 1713 caleo
584 1644 709 1714 calens,
721 1645 837 1713 madeo
852 1645 1006 1714 madens,
1020 1645 1091 1715 oleo
1105 1645 1203 1715 olens.
1221 1661 1254 1714 Δ.
1268 1644 1358 1716 Aua·

330 1767 458 1838 paestus
481 1776 545 1841 qua
566 1749 730 1818 divisionis
751 1748 891 1820 formula
910 1755 1076 1843 partitur,
1099 1772 1131 1821 at
1150 1778 1214 1846 qno
1235 1778 1353 1822 accen·

329 1854 525 1941 profertur?
550 1868 590 1922 Μ.
617 1856 733 1923 Eidem
761 1875 933 1947 anapaesto
958 1882 1062 1949 aequa
1090 1857 1203 1926 divisio
1230 1882 1353 1949 oonpe'·

325 1965 390 2047 tit,
420 1967 495 2057 quia
524 1964 659 2032 totidem
680 1982 823 2054 tempora
844 1966 921 2032 arsis
944 1967 1007 2033 sabi
1031 1985 1190 2057 usurpat,
1215 1983 1296 2059 quot
1319 1968 1357 2032 in

328 2070 411 2136 thesi
437 2073 656 2140 continentur.
681 2071 806 2140 Acutus
832 2094 910 2139 vero
929 2090 1082 2142 accentus
1099 2076 1133 2141 in
1155 2071 1353 2164 antepenul-

328 2178 405 2241 tima
432 2177 600 2266 ponendus
623 2197 696 2261 est,
719 2177 796 2246 dum
823 2177 1001 2269 penultima
1022 2178 1218 2248 nattrralitcr
1245 2182 1352 2246 corri-

329 2299 429 2370 pllllf·

736 2493 785 2556 De
809 2489 950 2581 dactylo.

398 2711 431 2762 Δ.
457 2700 613 2790 Dactylus
642 2700 729 2766 uude
759 2700 956 2767 vocabulum
986 2700 1125 2766 nominis
1153 2700 1355 2788 proprietate

330 2808 461 2872 sortitus
482 2803 553 2876 est?
578 2818 620 2871 Μ.
648 2807 833 2873 Auctoritas
852 2830 990 2899 graecae
1007 2806 1284 2895 interpretationis
1301 2803 1357 2871 da-

332 2912 454 3002 ctylum
476 2913 615 3007 digitum
634 2915 853 3001 nuncupavit,
869 2914 925 3002 qui
946 2914 1054 2979 tribus
1077 2911 1221 2981 articulis
1238 2909 1356 2980 forma·

331 3036 406 3103 tur,
428 3023 475 3086 sic
496 3020 597 3087 isdem
622 3044 680 3110 pes
695 3022 794 3088 ternis
813 3020 946 3114 syllabis
968 3023 1164 3089 continetur.
1189 3035 1225 3091 Δ.
1248 3022 1355 3088 Dicito

332 3126 483 3219 dactylici
506 3129 598 3217 pedis
615 3128 761 3218 exempla
779 3128 821 3195 ad
841 3128 982 3196 eundem
1004 3128 1199 3219 regulariter
1214 3149 1357 3218 congru·

326 3235 426 3299 entia.
453 3246 492 3299 M.
520 3234 662 3300 Nomina
686 3235 836 3323 primitus
859 3235 1007 3301 breviter
1029 3232 1178 3322 ponenda
1203 3249 1298 3315 sunt,
1321 3246 1357 3296 nt

326 3333 454 3419 libula,
477 3337 614 3418 fabula,
637 3340 731 3416 alea;
757 3338 844 3407 unde
864 3338 986 3425 aliter,
1010 3339 1181 3423 calculus,
1207 3356 1238 3405 et
1255 3353 1357 3406 tesse-

327 3444 370 3507 ris
393 3444 509 3511 ludens
537 3469 595 3535 per
622 3443 735 3512 aleam.
762 3483 777 3495 -
800 3444 911 3526 Area,
936 3444 1060 3526 ardea,
1083 3444 1202 3510 simias
1230 3466 1354 3511 vernu-

332 3547 361 3612 la
378 3598 387 3631 ,
409 3547 568 3637 garrula,
591 3548 738 3639 tippula,
762 3569 900 3632 tessera,
924 3548 1052 3617 fistula,
1076 3546 1220 3615 castula,
1245 3546 1355 3613 calcu·

331 3650 409 3736 lus,
433 3651 588 3723 luridus,
612 3654 806 3746 squalidus,
835 3653 1016 3738 horridus,
1047 3651 1210 3742 frigidus,
1239 3652 1352 3718 humi-

331 3757 415 3841 dus,
444 3758 582 3843 aridus,
608 3760 785 3841 carbasus,
814 3759 1001 3840 Caucasus,
1030 3755 1224 3823 lllaenalnss
1252 3752 1355 3821 frivo-

331 3861 403 3930 los,
422 3885 585 3946 cernuus,
608 3860 755 3930 culleus,
779 3860 928 3927 caerulus
946 3911 956 3944 ,
979 3860 1112 3936 anulus3
1136 3878 1170 3928 ut
1186 3860 1269 3927 illud
1284 3861 1355 3950 epi·

330 3966 478 4034 thalamii
501 4003 518 4017 -
541 3966 656 4035 anulus
686 3993 704 4036 a
727 3968 835 4060 digitis
861 3965 998 4034 tollatur
1021 3965 1179 4035 mollibus
1206 3989 1313 4056 asper.
1336 4002 1354 4016 ·

330 4069 498 4159 Quaedam
513 4094 551 4138 cx
570 4071 622 4138 his
639 4071 834 4164 principalia
854 4088 952 4157 sunt,
976 4088 1009 4139 et
1023 4072 1151 4161 primaru
1169 4070 1357 4164 positionis,

329 4193 364 4245 ut
385 4174 501 4262 Allia,
523 4193 666 4247 tossen,
690 4176 864 4247 Caucasus.
887 4174 1058 4264 Quaedam
1079 4174 1248 4266 epitltutas
1270 4198 1357 4267 quae
