3382 5206
557 510 627 575 aaa
868 531 893 578 s.
919 526 1096 578 tinuatur
1123 530 1166 578 ur
1190 530 1232 578 nr

540 629 660 720 quibus
683 626 784 697 latina
808 631 971 720 scriptura
999 653 1065 696 non
1082 631 1204 716 utitur,
1222 654 1316 698 error
1340 633 1567 721 omuis'peni-

538 731 777 802 tueanlitratur.
801 735 921 803 Melius
933 738 1058 827 quippe
1085 752 1116 801 et
1135 739 1279 827 sagacius
1301 737 1364 803 hoe
1385 761 1568 829 argumen-

536 859 591 925 to,
611 840 913 936 velut-quibusdam
928 843 1054 909 cotibus
1064 883 1081 925 ,·
1094 843 1279 912 animorum
1294 845 1425 935 ingenia
1440 869 1566 909 acuun-

538 964 601 1014 tur.
631 945 760 1016 Idcirco
781 948 1010 1038 praetermissis
1030 945 1234 1037 reliquorum
1260 965 1440 1016 metrorum
1466 973 1564 1039 geue

535 1053 646 1135 ribos,
662 1077 747 1146 quae
763 1056 914 1120 centenis
933 1055 1128 1119 varietatum
1144 1055 1313 1143 speciebus
1336 1053 1563 1121 dirimuntur,

537 1159 823 1245 praestantissimas
852 1156 1003 1250 dactylici
1024 1157 1206 1225 hexametri
1227 1157 1374 1250 regulas,
1398 1157 1487 1250 quod
1511 1184 1562 1226 ce

536 1281 681 1332 terarum
704 1266 849 1330 omnium
874 1288 984 1331 arcem
1007 1283 1038 1331 et
1057 1262 1175 1331 infulas
1197 1264 1360 1354 possidet,
1379 1263 1561 1354 praedictis

534 1365 721 1435 litterarum
748 1368 995 1435 characteribus
1011 1370 1153 1435 ¹nicatius
1176 1388 1209 1438 et
1234 1368 1418 1437 alternatim
1446 1372 1560 1458 positis

538 1473 728 1564 pandamus.
780 1509 781 1512 ¹

591 1699 624 1749 Δ.
654 1615 772 1796 Quot
796 1705 871 1754 sunt
886 1709 1005 1777 genera
1030 1711 1179 1755 versuum
1196 1689 1231 1753 in
1246 1685 1409 1778 dactylico
1425 1683 1560 1756 metro?

536 1778 584 1860 M.
598 1795 757 1885 Quinque.
778 1807 812 1860 Δ.
827 1794 921 1878 Quod
936 1812 980 1862 est
997 1793 1197 1886 dactylicum
1212 1791 1379 1865 metrum?
1404 1795 1449 1860 M.
1463 1794 1561 1879 Quod

538 1915 661 1966 constat
686 1897 816 1989 dactylo
834 1917 865 1965 et
892 1898 1069 1987 spondaeo.
1094 1912 1128 1965 Δ.
1154 1901 1273 1966 Nonne
1298 1897 1494 1989 plerumque
1513 1896 1560 1963 ul·

535 2006 632 2082 timus
660 2029 715 2094 pes
744 1991 915 2071 trochaeo
934 2002 1171 2074 terminatur?
1207 2006 1253 2070 M.
1286 2006 1370 2090 Quia
1403 2002 1557 2070 nonnulli

536 2109 690 2176 uretucae
716 2111 794 2177 artis
819 2110 934 2199 peritia
966 2111 1106 2201 praediti
1132 2109 1223 2177 hunc
1248 2111 1366 2200 pedem
1396 2109 1436 2176 de
1462 2133 1574 2174 versu-

534 2214 774 2284 ercludendum
794 2234 1007 2300 censuerunt,
1033 2219 1109 2308 quia
1134 2217 1237 2284 omnis
1263 2214 1386 2306 syllaba
1415 2216 1449 2281 in
1479 2214 1561 2281 ulti-

536 2343 590 2386 mo
614 2345 707 2389 versu
732 2321 928 2410 adiaphoros
952 2340 1024 2404 est,
1050 2320 1085 2386 id
1113 2338 1160 2388 est
1188 2319 1415 2386 indifferenter
1439 2320 1560 2406 accipi·

480 2422 484 2430 ’
535 2443 590 2492 tur
606 2444 626 2511 ,'
649 2451 710 2494 nec
734 2429 871 2495 interest
900 2444 1010 2493 utrum
1036 2412 1233 2517 corripiatur
1262 2450 1304 2490 an
1330 2424 1559 2515 producatur;

533 2528 623 2596 uude
644 2557 663 2595 a
686 2531 882 2623 quibusdam
908 2532 1039 2598 vitiosus
1062 2556 1172 2598 versus
1189 2547 1322 2620 putatur
1339 2531 1395 2622 qui
1413 2530 1561 2596 trochae-

537 2659 592 2701 um
608 2635 768 2715 admittit;
786 2660 860 2703 nam
876 2637 959 2702 ratio
974 2636 1073 2724 exigit
1086 2653 1122 2700 ut
1135 2636 1169 2701 iu
1182 2634 1279 2724 pleuo
1294 2658 1388 2701 versu
1400 2633 1561 2699 -xxsslt

535 2757 681 2831 tempora
707 2743 781 2809 siut.
806 2740 954 2810 Admisso
969 2745 1082 2833 itaque
1099 2740 1273 2823 trochaeo,
1295 2740 1455 2806 minuitur
1480 2758 1562 2806 tem·

534 2871 648 2936 porum
674 2873 850 2929 uumerus,
875 2866 907 2915 et
934 2866 1031 2915 eruut
1060 2866 1208 2937 tempora
1235 2847 1397 2927 ·XXlll·,
1425 2846 1482 2934 qui
1511 2861 1561 2909 est

513 2979 642 3022 ¹stersus
675 2955 838 3044 colophos.
863 2969 897 3021 Δ.
932 2955 1087 3044 Superius
1112 2954 1217 3020 dixisti
1252 2954 1400 3043 quinque
1429 2974 1555 3041 genera

535 3086 686 3130 versuum
709 3088 776 3130 esse
796 3064 829 3127 in
857 3062 1017 3155 dactylico
1048 3064 1245 3128 hexametro.
1269 3061 1361 3146 Quae
1382 3058 1475 3140 aiut,
1498 3081 1556 3131 no·

532 3169 680 3233 minatim
704 3168 813 3236 dicito.
838 3170 886 3234 M.
912 3170 1126 3236 Hexameters
1152 3182 1376 3256 pentameter.
1401 3178 1561 3230 tetrame-

534 3290 603 3356 ter,
629 3274 799 3358 trimeter,
824 3272 971 3340 dimeter.
996 3286 1030 3338 Δ.
1055 3273 1249 3340 Herameter
1269 3269 1391 3336 rectius
1417 3265 1562 3349 dicitur,

533 3403 575 3443 an
596 3375 830 3450 hexametrus?
855 3381 901 3445 M.
918 3381 1125 3469 Utrumque,
1141 3394 1176 3442 ut
1191 3373 1346 3442 Evander
1365 3371 1560 3450 Evandrum

535 3507 676 3574 quorum
699 3509 799 3549 ursuni
823 3484 913 3549 veuit
943 3506 981 3549 ex
1000 3504 1116 3574 graeca
1141 3480 1387 3568 enuntiatione,
1412 3476 1496 3543 alter
1522 3504 1561 3546 ex

459 3622 463 3634 ·
533 3588 642 3657 latina.
667 3601 702 3656 Δ.
730 3591 922 3657 Hexameter
947 3613 1024 3680 ergo
1046 3591 1114 3656 sive
1136 3588 1342 3654 hexametrus
1367 3601 1447 3675 quot
1470 3582 1561 3672 pedi-

463 3685 467 3692 *
532 3696 595 3762 hui
615 3693 783 3766 caeditur?
808 3698 854 3763 M.
872 3699 964 3780 Sex,
989 3695 1117 3787 dactylo
1143 3713 1174 3761 et
1198 3691 1361 3783 spondaeo
1381 3693 1510 3756 circum
1528 3716 1563 3758 se

534 3802 670 3890 positis,
706 3818 761 3866 aut
792 3798 918 3865 alterna
939 3800 1196 3888 interpositione
1228 3796 1368 3862 vadatis.
1394 3807 1427 3859 Δ.
1453 3795 1564 3861 Hexa-

535 3908 635 3974 metri
663 3930 770 3975 versus
800 3929 920 3998 genera
952 3923 1033 3997 quot
1060 3900 1161 3974 sunt?
1184 3904 1232 3970 M.
1261 3904 1354 3969 Tria.
1379 3914 1414 3969 Δ.
1437 3895 1561 3985 Quae?

508 4024 510 4031 ’
533 4011 572 4076 Μ
592 4011 799 4079 ··Hexameter
821 4006 1032 4100 dactylicus,
1047 3999 1237 4098 hexametep
1259 4004 1432 4090 heroicus,
1459 4002 1564 4074 hexa-

1012 4194 1018 4255 l
