3382 5206
364 513 418 611 4⁸
739 520 888 591 astenoit
908 534 956 593 nr.

334 644 566 724 meditativam
585 663 710 724 vocant
730 707 740 740 ‚
759 650 860 751 quasi
880 678 900 723 a
918 650 1118 727 meditando
1136 683 1148 750 3
1167 657 1261 758 quod
1280 660 1346 733 mi·
1403 748 1408 758 ³

331 768 370 841 hi
388 769 574 872 diligenter
592 769 769 868 indaganti
794 770 1024 845 suboscuram
1043 800 1118 847 esse
1140 803 1276 878 semper
1294 781 1345 853 vi-

322 893 444 971 ·detur.
460 893 554 969 Nam
574 920 657 968 cum
675 893 765 968 dicis
783 894 927 968 victorio
942 895 1083 984 ‚nescio
1103 899 1278 998 quomodo
1298 900 1344 974 ad

322 1013 588 1086 ¹meditationem
612 1012 810 1113 pertineat,
830 1038 1053 1114 quormque
1079 1041 1183 1088 sensu
1209 1017 1345 1091 intelle·

331 1149 456 1230 gatur3
471 1132 541 1205 aive
560 1148 601 1206 ut
619 1158 684 1206 noa
702 1131 876 1220 dicuntia,
895 1132 1104 1233 quandoque
1124 1135 1262 1209 vineam
1276 1165 1287 1233 ;
1301 1138 1346 1210 si·

328 1280 369 1326 ve
388 1270 429 1329 ut
447 1253 613 1356 quidam,
638 1252 716 1327 volo
740 1252 880 1326 vincere
898 1309 909 1342 ‚
927 1253 1104 1328 meditatio
1129 1257 1199 1331 huc
1223 1257 1345 1331 locum

328 1403 401 1451 non
421 1378 507 1451 mihi
525 1377 663 1451 videtur
681 1377 848 1452 invenire.
869 1375 961 1475 Ergo
980 1406 1054 1452 non
1073 1381 1307 1454 meditativam
1330 1437 1341 1468 ‚

328 1497 411 1571 licet
429 1496 465 1570 id
488 1495 705 1571 consuetudo
730 1499 831 1571 nobis
858 1498 1057 1590 invexerit,
1083 1500 1143 1574 sed
1170 1501 1345 1602 promissi·

327 1644 406 1692 vam
424 1643 465 1690 aa
483 1615 730 1689 voluntativam
749 1616 868 1690 dicere
893 1616 1071 1694 debemus.
1091 1617 1266 1693 Nonnulli
1291 1621 1344 1692 in-

302 1820 308 1835 l
328 1753 383 1810 ter
399 1727 484 1809 alios
506 1735 551 1836 (a)
572 1734 677 1807 huius
695 1736 826 1808 formae
846 1734 948 1807 verba
966 1763 1029 1836 per
1053 1738 1168 1811 omnia
1188 1754 1343 1837 tempora

329 1858 525 1934 secundum
542 1859 691 1959 primam
710 1854 889 1929 dumtaxat
906 1883 1088 1955 personam
1098 1856 1273 1931 declinare
1289 1858 1344 1930 ni-

329 1995 456 2053 tuntur
473 2009 483 2056 ε
502 1978 596 2081 quod
615 1976 703 2051 mihi
722 2003 795 2049 non
814 1975 953 2050 videtur
971 1976 1250 2077 improbandum.

412 2099 467 2177 15.
487 2100 596 2175 Nune
614 2096 832 2200 probandum
842 2081 1005 2186 tertiam,
1025 2114 1065 2171 ut
1084 2099 1252 2189 diximus,
1267 2128 1343 2200 par-

327 2239 399 2295 tem
419 2248 491 2294 esse
509 2221 606 2294 verbi
632 2213 909 2293 ordinationem:
930 2218 1030 2290 euius
1056 2218 1093 2291 in
1120 2221 1344 2320 expugnatio·

327 2370 373 2416 ne
396 2343 444 2442 (b)
465 2340 639 2443 paulisper
662 2340 836 2413 immorari
860 2366 1001 2412 necesse
1031 2339 1197 2414 habemus
1216 2371 1227 2437 3
1247 2370 1345 2442 prae·

327 2461 448 2534 sertim
467 2485 550 2532 cum
568 2457 612 2532 de
631 2458 705 2558 ipso
725 2456 843 2555 opinio
856 2457 1088 2555 plurimorum
1105 2473 1176 2529 tarn
1195 2459 1287 2532 varia
1307 2478 1341 2533 et

329 2594 402 2651 tam
427 2577 560 2650 diversa
579 2577 623 2651 sit
641 2634 650 2666 ‚
670 2593 711 2650 ut
736 2575 821 2678 quid
836 2575 1055 2674 potissimum
1067 2575 1263 2650 lectoribus
1271 2579 1343 2650 ani-

330 2723 429 2770 mum
448 2713 609 2796 appetere
628 2694 779 2785 debeat,
798 2693 853 2767 vel
872 2692 1052 2789 ignoretur
1071 2749 1080 2781 ‚
1100 2692 1155 2766 vel
1181 2696 1342 2792 ambigue

327 2816 522 2915 putativum
540 2815 714 2890 habeatur.
736 2813 922 2889 Ordinatio
941 2838 1022 2908 ergo
1051 2828 1103 2884 est
1127 2839 1232 2912 quarn
1261 2843 1342 2889 eon-

328 2934 542 3034 iugationem
559 2938 745 3010 verborum
765 2933 1068 3010 consuetudinarie
1087 2935 1310 3009 nominamus
1332 2968 1342 3013 τ

327 3053 409 3128 nam
428 3054 522 3157 quod
543 3055 666 3154 iugum
685 3054 723 3127 in
741 3053 866 3127 litteris
886 3068 985 3126 sonat
1007 3108 1017 3140 ‚
1044 3054 1118 3151 ipse
1146 3055 1341 3128 manifesta·
1384 3080 1387 3084 ’

327 3176 392 3251 tim
419 3178 504 3251 ordo
528 3193 647 3252 tenet.
667 3176 776 3252 Unde
803 3176 869 3249 rati
893 3191 978 3249 sunt
1001 3174 1173 3247 maiorum
1197 3175 1340 3274 plurimi

325 3326 398 3371 non
418 3299 678 3397 coniugationes
698 3298 757 3370 sed
777 3295 1014 3370 ordinationes
1035 3294 1233 3367 scribendas
1255 3324 1337 3369 esse.

326 3416 462 3490 Harum
482 3435 599 3492 autem
619 3417 879 3491 ordinationum
898 3440 1086 3489 numerum
1111 3415 1212 3488 multi
1237 3432 1306 3488 tres
1329 3475 1339 3504 ‚

326 3537 489 3611 nonnulli
504 3554 687 3639 quattuor,
701 3537 759 3611 alii
778 3537 935 3637 quinque
947 3552 981 3608 et
996 3562 1055 3608 sex
1067 3554 1244 3610 sumentes
1259 3565 1341 3609 con-

326 3658 459 3732 fudere.
478 3657 572 3731 Nam
589 3673 726 3757 praeter
744 3673 812 3730 tres
837 3713 847 3746 ‚
875 3656 986 3729 omnis
1011 3682 1133 3728 eorum
1151 3656 1286 3728 vacillat
1305 3686 1340 3728 o

325 3775 422 3879 pinio
435 3775 539 3866 ‚licet
557 3793 716 3877 quartam
735 3775 1016 3873 coniugationem
1026 3829 1036 3862 ,
1048 3773 1116 3847 sive
1138 3790 1178 3847 ut
1192 3774 1275 3847 huic
1290 3776 1337 3875 (a)

409 3941 447 4004 (a)
464 3943 519 3989 cad·
535 3944 607 3990 alnas.
640 3941 680 4004 (h)
697 3945 749 3992 eod.
760 3950 784 3986 e'u
799 3949 1004 4001 aapugaate'onem.
1021 3940 1131 4001 Intelligo
1150 3952 1226 3988 autem
1242 3948 1282 3987 cua'
1300 3949 1337 3986 m·

331 4022 523 4080 W⁰P¹⁴2¹⁸¹MW
555 4017 592 4084 (ο)
616 4022 670 4068 0⁰¹¹·
686 4022 741 4067 Mle
758 4038 799 4083 pro
815 4023 864 4068 liic
879 4021 974 4068 adverb·
992 4028 1018 4062 ut
1035 4032 1072 4059 .····.
1105 4041 1111 4052 .
