3382 5206
728 613 773 657 nt
803 613 955 660 NOMINE·

326 721 443 785 ablativo
462 738 524 775 casu
542 715 642 771 numeri
652 715 812 783 singularis.

327 813 375 882 qui
395 831 428 866 ·s·
440 812 530 865 littera
540 805 714 863 terminatur.
732 822 817 874 quan·

328 912 385 954 turn
401 900 470 953 ratio
483 894 609 970 poscebat
620 930 627 951 .
637 893 817 947 tractavimus·

363 985 441 1038 Nunc
451 996 515 1039 aunt
523 983 613 1052 aliqua
628 978 736 1033 nomina
745 996 816 1046 gene·

328 1071 365 1125 ris
383 1071 538 1128 masculini.
554 1086 623 1140 quae
634 1065 735 1120 numeri
763 1065 817 1118 sint

330 1169 434 1212 tantum
448 1157 589 1226 singularis
604 1193 611 1214 ,
629 1166 660 1208 ut
678 1165 744 1225 Puta
773 1152 818 1207 liin

328 1245 469 1303 Saturnus,
485 1256 513 1298 et
524 1254 608 1296 cetera
620 1242 701 1296 talia:
712 1241 756 1294 sed
768 1239 817 1293 lroc

329 1352 476 1390 monemus.
490 1332 562 1403 quod
572 1333 637 1385 haec
650 1349 703 1384 uon
716 1348 748 1383 co
764 1330 818 1400 plu·

329 1439 358 1474 ra
381 1439 437 1475 erse
463 1421 655 1491 repperiantur.
680 1419 746 1471 item
774 1437 820 1486 ge·

330 1511 399 1563 neris
413 1509 551 1565 feminini.
569 1519 599 1561 ut
616 1520 681 1579 puta
694 1509 760 1560 haec
771 1507 819 1558 Ve-

331 1615 399 1654 nus,
418 1607 445 1650 et
460 1607 546 1649 cetera
576 1596 656 1648 talia:
679 1613 749 1648 nunc
769 1595 819 1648 hoc

331 1702 478 1742 monemus.
496 1683 569 1755 quod
587 1703 640 1739 non
653 1701 684 1737 eo
706 1685 818 1756 plurima

333 1791 389 1826 esse
404 1773 596 1843 repperiantur.
616 1773 683 1825 ltern
706 1783 819 1840 ruotge-

331 1859 402 1913 ueris
412 1859 511 1916 neutri.
520 1869 550 1911 ut
560 1869 625 1930 puta
642 1859 692 1912 hoc
710 1861 801 1910 aurum
813 1896 820 1917 ,

330 1959 359 2002 et
377 1958 464 2000 cetera
495 1947 576 2000 talia:
600 1964 670 2000 nuuc
689 1946 739 2001 boc
762 1965 819 2000 mo·

330 2052 436 2091 nemus.
454 2034 527 2104 quod
540 2034 603 2087 haee
615 2053 668 2088 non
683 2052 713 2087 eo
733 2034 816 2105 pluri.

330 2141 372 2175 rna
394 2139 450 2175 esse
467 2121 661 2192 repperiantur.
674 2123 738 2175 item
756 2133 819 2175 sunt

329 2210 436 2263 nomina
454 2208 554 2277 generis
572 2209 728 2266 masculini,
752 2228 821 2279 quae

335 2299 437 2352 numeri
455 2298 510 2351 siat
528 2307 631 2350 tanturn
649 2299 756 2368 pluralis
769 2335 776 2356 .
791 2310 822 2351 ut

331 2403 366 2456 pu
372 2385 542 2441 taeioeenses,
551 2395 579 2437 et
589 2395 676 2437 cetera
689 2385 752 2439 talia
761 2385 820 2437 :sed

331 2472 381 2526 hoe
400 2489 555 2529 monemus,
571 2472 644 2540 quod
655 2473 720 2525 haec
749 2473 818 2525 intra

336 2560 447 2627 triginta
461 2570 513 2611 tres
528 2577 620 2615 sonos,
644 2558 694 2612 boc
714 2571 755 2612 est
772 2559 822 2611 ni.

332 2647 407 2715 ginta
418 2648 470 2699 tria
479 2648 583 2699 nomina
591 2684 597 2702 .
606 2665 661 2700 esse
672 2651 818 2719 repperian-

333 2745 384 2786 tur.
406 2737 471 2787 item
500 2734 601 2800 generis
623 2733 761 2789 seminini.
790 2744 820 2786 ut

331 2833 396 2893 puta
406 2822 535 2875 kalendae
545 2834 570 2875 et
582 2835 666 2874 cetera
678 2824 741 2876 talia
754 2842 760 2872 ι
773 2823 818 2875 sed

333 2911 382 2964 lroc
398 2929 547 2967 monemus,
574 2911 647 2980 quod
657 2911 721 2962 baec
751 2912 821 2963 iutra

334 3003 502 3072 septuaginta
523 3000 588 3053 duos
602 3018 678 3053 sonos
688 3036 695 3055 .
707 3001 755 3053 hoc
782 3012 823 3055 est

331 3090 497 3158 septuaginta
509 3088 562 3140 duo
573 3087 688 3141 nomina.
702 3104 756 3139 esse
765 3105 821 3158 rep·

332 3178 475 3247 pariantur·
488 3178 551 3229 item
563 3176 662 3243 generis
671 3174 774 3233 neutri.
789 3187 819 3230 ut

324 3262 396 3335 ¹puta
407 3283 486 3320 arma.
496 3276 522 3316 et
528 3275 614 3316 cetera
622 3264 700 3316 talia:
713 3263 760 3315 sed
769 3264 818 3316 hoc

331 3369 480 3407 monemus,
499 3351 570 3419 quod
583 3353 651 3403 intra
663 3361 767 3403 centum
778 3352 820 3403 vi-

334 3439 403 3506 ginti
422 3439 486 3489 duos
501 3455 593 3493 sonos.
610 3437 657 3490 linc
667 3449 818 3490 estcentum

331 3521 428 3588 viginti
444 3521 496 3573 duo
507 3524 632 3577 nomina,
648 3539 705 3574 esse
724 3540 819 3593 reppe-

333 3609 444 3661 riuntur.
464 3610 528 3660 item
544 3620 607 3661 sunt
624 3609 729 3661 nomina
746 3628 819 3676 gene·

332 3695 369 3748 ris
394 3696 499 3752 neutri,
518 3713 587 3764 qnae
601 3696 627 3747 in
639 3714 745 3749 numero
764 3697 818 3766 plu·

333 3783 381 3834 eali
393 3783 504 3852 triptota
517 3801 571 3835 csse
586 3785 776 3854 repperiantur.
788 3797 819 3837 ut

332 3878 398 3939 puta
416 3868 510 3924 niella.
529 3881 555 3922 et
573 3883 657 3922 cetera
677 3873 757 3925 talia:
774 3873 819 3925 sud

333 3958 383 4010 hoe
404 3974 556 4015 monemus,
588 3960 660 4027 quod
688 3961 753 4012 haec
783 3966 819 4013 in·

334 4053 374 4096 tra
399 4045 507 4112 triginta
530 4056 582 4098 tres
606 4064 698 4104 sonos,
717 4047 820 4101 horest

1265 589 1334 687 237

869 715 938 770 intra
953 716 1065 785 triginta
1086 719 1139 770 tria
1160 717 1286 776 nomina.
1308 735 1365 772 esse

870 805 1062 875 repperiantur.

904 894 973 946 Sunt
989 893 1096 946 nomina
1115 903 1291 965 monoptota.
1309 894 1361 949 hoc

869 982 1364 1051 estquaeunumtantumcasumerhi·

870 1068 944 1125 beat,
959 1079 1065 1139 utputa
1077 1066 1222 1123 ablativum
1234 1106 1241 1128 ‚
1252 1081 1347 1143 sponte
1357 1108 1365 1130 ‚

869 1166 897 1208 et
907 1167 992 1209 cetera
1004 1157 1083 1210 talia:
1098 1158 1146 1210 sed
1159 1160 1209 1213 hoe
1220 1177 1364 1217 monemus.

870 1245 941 1315 quod
952 1245 1016 1298 haec
1026 1264 1079 1299 non
1088 1265 1119 1299 eo
1129 1247 1205 1317 plura
1212 1265 1268 1302 esse
1276 1266 1365 1319 reppe

869 1331 982 1384 riantur.
996 1332 1060 1385 Sunt
1074 1335 1180 1388 nomina
1194 1345 1303 1407 aptota.
1313 1335 1363 1389 boc

870 1430 911 1472 est
919 1437 987 1488 quae
998 1437 1043 1490 per
1053 1438 1140 1473 ornnes
1149 1438 1225 1475 enus
1239 1440 1292 1476 uno
1300 1440 1364 1475 sono

871 1505 1038 1558 declinentur
1050 1543 1056 1563 ‚
1069 1518 1099 1560 ιιι
1112 1519 1176 1578 puta
1191 1509 1318 1567 Caeleuo.
1335 1519 1364 1563 et

872 1605 957 1646 cetera
984 1595 1064 1647 talia:
1082 1595 1127 1647 sed
1145 1600 1195 1652 hoc
1224 1613 1359 1651 monemus

871 1682 943 1753 quod
962 1683 1026 1736 baec
1045 1686 1151 1737 nomina
1175 1704 1228 1740 non
1245 1704 1276 1740 eo
1299 1688 1362 1758 plu-

872 1789 901 1824 ra
919 1789 975 1824 ease
994 1771 1190 1842 repperiantur.
1222 1773 1290 1826 Sunt
1311 1792 1362 1827 no-

872 1858 943 1910 mina
956 1895 963 1914 .
974 1876 1044 1928 quae
1064 1877 1095 1911 ex
1111 1868 1164 1912 una
1179 1860 1269 1914 littera
1287 1862 1363 1914 intel-

872 1946 994 2011 leguntur
1004 1980 1011 2002 ‚
1022 1957 1053 1999 ut
1063 1957 1128 2016 puta
1143 1965 1185 2000 aa·
1198 1984 1205 2005 .
1215 1958 1243 2001 et
1261 1948 1364 2017 siguifi-

872 2045 915 2087 cat
940 2034 1051 2086 Marcus.
1073 2035 1139 2086 Sunt
1162 2052 1232 2104 quae
1253 2034 1360 2090 duabus

872 2121 990 2177 ·Gn·.et
1012 2121 1144 2188 significat
1159 2122 1276 2175 Gnaeus.
1295 2124 1363 2178 Sunt

871 2222 940 2273 qnae
949 2205 1045 2262 tribus,
1061 2220 1091 2261 ut
1105 2218 1170 2279 puta
1185 2208 1363 2280 ·Se1·.etsig·

871 2295 963 2347 nificat
984 2295 1086 2348 Sextus.
1100 2297 1166 2348 Sunt
1191 2315 1260 2366 quae
1281 2309 1364 2368 quat-

872 2393 930 2436 tuor
940 2420 947 2441 .
958 2395 1061 2454 utputa
1072 2385 1165 2456 ·reip·.
1181 2398 1209 2440 ot
1223 2387 1358 2454 signifieat

870 2467 1041 2540 reipublicae.
1058 2473 1126 2525 Sunt
1145 2492 1215 2543 quae
1238 2476 1358 2546 quinque

872 2567 902 2610 ut
921 2569 987 2629 puta
1002 2556 1094 2630 arthp·
1104 2597 1112 2618 ‚
1122 2573 1148 2614 at
1165 2564 1300 2631 significat
1318 2565 1366 2617 tri·

872 2641 959 2697 bunos
982 2643 1076 2714 plebis·
1097 2649 1164 2702 Sunt
1177 2654 1284 2703 nomina
1295 2670 1364 2721 quae

873 2732 900 2782 in
921 2749 1029 2784 numero
1054 2733 1182 2800 singulari
1203 2738 1259 2790 sint
1282 2756 1363 2805 gene-

874 2819 910 2871 ris
923 2820 1075 2877 masculini,
1091 2833 1197 2892 utputa
1220 2823 1265 2877 hic
1285 2836 1365 2879 tarta·

874 2924 935 2970 rus;
951 2907 979 2959 in
998 2925 1106 2961 numero
1119 2927 1179 2963 vero
1197 2911 1293 2982 plurali
1320 2932 1365 2980 ge·

873 2994 941 3047 neris
952 2996 1041 3047 neutri
1052 3032 1059 3053 .
1070 3007 1101 3049 ut
1116 3009 1179 3067 puta
1192 2998 1257 3053 haec
1274 3012 1361 3055 tarta·

873 3102 903 3138 ra
917 3121 924 3142 ,
938 3097 966 3138 et
990 3098 1076 3140 cetera
1091 3089 1166 3141 talia.

906 3172 972 3226 Sunt
999 3175 1104 3227 nomina
1132 3178 1233 3243 generis
1253 3179 1362 3239 neutri,

871 3280 941 3333 quae
951 3276 978 3317 et
994 3281 1052 3317 curn
1064 3266 1124 3319 aliis
1147 3269 1286 3337 generibus
1306 3272 1365 3324 iun·

871 3361 977 3417 guntur,
989 3362 1017 3404 ut
1031 3356 1178 3408 tameovin
1186 3375 1260 3410 suam
1271 3361 1363 3412 conti-

870 3449 951 3491 neant
962 3474 969 3495 ,
981 3449 1012 3491 ut
1027 3452 1093 3511 puta
1104 3454 1272 3514 portentum:
1292 3445 1363 3500 dici-

871 3527 990 3580 turenim
1001 3530 1216 3598 portentum,hoc
1229 3544 1269 3585 est
1281 3545 1312 3587 ut
1327 3537 1364 3592 ait

869 3613 946 3667 homo
956 3618 1056 3681 generis
1066 3618 1214 3676 masculini,
1222 3632 1248 3673 et
1259 3633 1364 3692 portan-

871 3714 927 3754 tum
942 3702 1041 3769 generis
1059 3704 1157 3756 neutri.
1171 3706 1239 3758 Sunt
1254 3710 1362 3764 uomina

870 3808 939 3858 quae
951 3791 1116 3845 nominativo
1133 3794 1173 3847 vel
1184 3797 1306 3852 vocativo
1322 3817 1364 3853 ea·

868 3898 899 3931 su
910 3879 1010 3931 numeri
1021 3880 1164 3946 singularis
1185 3901 1218 3933 ·r·
1241 3885 1362 3942 ultimum

870 3976 897 4017 et
909 3967 935 4017 in
947 3983 980 4018 .s.
995 3967 1112 4019 litteram
1137 3982 1293 4027 convertant
1308 4011 1316 4031 .
1335 3989 1366 4032 ut

871 4063 936 4123 puta
963 4054 1034 4108 color
1057 4064 1085 4108 et
1112 4056 1202 4114 colos.
1222 4068 1250 4113 et
1279 4073 1365 4117 cutm
