3382 5206
354 533 401 607 82
732 556 881 605 rrssrom
908 560 928 606 v

323 668 397 743 sira
418 668 528 741 etiarn
550 684 736 766 correptae
759 724 769 755 ‚
789 695 835 740 ιιι·
856 667 894 739 in
923 667 1031 741 tertia
1050 695 1204 766 persona
1226 668 1343 767 plura-

319 788 365 862 lis
385 787 529 861 numeri
551 814 693 887 semper
706 785 932 877 adsumitur,
945 803 987 860 ut
999 786 1177 877 audiunt,
1190 789 1339 886 legunt,

323 906 541 983 metiuntur.
551 904 631 983 Hoc
644 905 728 979 ideo
741 963 751 994 ,
764 933 848 979 narn
864 907 894 978 si
908 907 953 1005 (a)
969 936 1009 980 e·
1024 908 1230 998 scribatur,
1246 911 1344 984 sutu-

323 1052 409 1101 rum
427 1042 571 1125 tempus
591 1023 814 1100 aestimatur.
841 1020 1001 1098 Videtur
1028 1042 1150 1099 tamen
1171 1027 1260 1099 mihi
1280 1028 1345 1100 mi·

323 1168 409 1221 rum
427 1167 506 1218 esse
523 1200 533 1233 ,
553 1172 667 1245 quare
687 1168 764 1216 non
785 1142 839 1217 sic
866 1143 1048 1217 scribatur
1074 1144 1251 1220 oriendus
1277 1173 1343 1244 per

325 1293 386 1342 ·s·:
404 1265 498 1339 forte
514 1289 561 1336 ne
576 1262 754 1364 passivum
766 1277 918 1361 putetur
939 1289 1016 1337 esse
1035 1265 1214 1355 verbum,
1234 1283 1276 1339 ut
1295 1265 1344 1339 le-

327 1385 478 1485 gendus.
496 1383 640 1458 Rursus
660 1409 797 1484 quaero
810 1439 820 1471 ,
833 1410 917 1457 curn
938 1383 1120 1458 oriundus
1140 1385 1344 1476 scribatur,

325 1531 440 1605 quare
463 1501 572 1577 etiam
592 1501 632 1575 in
652 1500 845 1601 participio
862 1503 1035 1602 temporis
1055 1504 1255 1603 praesentis
1268 1532 1345 1578 non

325 1621 377 1695 ita
397 1621 592 1710 scribitur,
615 1619 737 1695 oriens
752 1619 920 1694 oriuntis.
942 1618 1021 1695 Hoc
1034 1649 1110 1696 non
1125 1639 1180 1696 est
1194 1650 1346 1696 consue·

329 1740 501 1815 tudinare
524 1740 597 1841 (b),
618 1738 691 1814 nisi
710 1739 751 1812 in
771 1738 972 1839 participiis
985 1741 1183 1815 verborum
1195 1758 1347 1842 quartae

331 1858 623 1957 coniugationis‚
643 1857 709 1933 ubi
720 1886 785 1957 per
799 1856 831 1930 ·i·
844 1875 881 1935 et
894 1886 935 1932 ·e·
947 1858 988 1932 in
1001 1859 1226 1934 nominativo
1242 1887 1347 1953 casu3

328 1979 369 2053 in
389 1977 541 2080 reliquis
563 1977 727 2067 casibus,
747 1977 891 2079 dempta
911 2008 977 2069 ·e·‚
996 2007 1062 2080 per
1075 2009 1120 2054 ·u·
1131 1998 1344 2080 ponuntur,

328 2115 371 2175 ut
384 2098 532 2173 satiens
554 2098 701 2186 euntis,
722 2097 775 2172 sic
797 2098 930 2202 quiens
951 2100 1149 2202 queuntis,
1163 2101 1347 2175 transiens

330 2220 584 2312 transeuntis,
605 2235 642 2295 et
662 2237 793 2294 cetera.

406 2363 462 2412 ra.
481 2338 565 2412 Alia
586 2338 694 2411 nobis
715 2337 881 2440 quaestio
902 2337 1068 2413 imminet
1085 2338 1277 2414 solutionis
1297 2369 1348 2415 sa·

331 2456 378 2529 tis
399 2454 523 2554 indiga
539 2484 674 2556 ,quare
689 2483 793 2556 saepe
808 2455 1014 2531 invenimus
1028 2457 1138 2530 scribi
1151 2458 1323 2532 standum
1339 2517 1348 2548 ,

332 2576 561 2666 sedendum,
581 2575 794 2652 audendum
810 2577 1062 2680 ,loquendum
1077 2635 1086 2666 ‚
1102 2606 1187 2652 cum
1205 2596 1352 2653 neutra-

325 2695 475 2774 liverbo
488 2693 639 2769 nonnisi
652 2693 726 2770 duo
739 2695 929 2795 participia
939 2696 1065 2771 venire
1085 2685 1355 2792 consuescant}

331 2832 369 2888 et
388 2843 408 2889 a
428 2815 629 2915 deponenti
649 2813 719 2890 tria
738 2830 882 2891 tanturn
903 2817 1117 2894 trahanturz
1135 2818 1206 2892 boc
1226 2834 1350 2892 autem

329 2936 475 3009 videtur
494 2935 726 3038 participium
744 2937 873 3036 passivi
891 2937 994 3011 verbi
1012 2938 1173 3027 imitari,
1194 2965 1279 3013 cum
1298 2937 1351 3010 di-

330 3054 383 3129 cis
403 3053 637 3152 gaudendum
656 3053 730 3129 sive
750 3052 1013 3131 meditandum.
1035 3054 1111 3130 Sed
1130 3057 1200 3131 iroc
1220 3055 1265 3129 ad
1285 3056 1349 3128 im·

328 3171 532 3270 personalia
549 3173 659 3245 verba
679 3171 914 3247 referendum
936 3232 946 3264 ,
973 3199 1133 3275 quorum
1158 3171 1373 3272 participia·

331 3307 419 3370 tunt
437 3293 527 3366 haec
554 3319 647 3394 quae
676 3291 947 3394 praediximus.
969 3290 1068 3365 Sunt
1096 3308 1132 3365 et
1158 3291 1348 3392 participia

331 3439 426 3512 quae
452 3411 611 3488 deficere
635 3428 813 3512 putantur
840 3411 1097 3512 temporibus,
1125 3412 1224 3514 quod
1250 3412 1350 3486 valde

332 3530 467 3605 mirum
487 3549 568 3622 est,
589 3559 674 3608 curn
693 3533 768 3632 ipsa
787 3534 896 3608 rerba
915 3559 992 3607 non
1013 3532 1197 3607 deficiant.
1218 3528 1354 3605 Crede·

331 3677 371 3723 re
399 3649 524 3750 itaque
552 3677 628 3724 non
656 3650 832 3726 debemus
861 3652 961 3752 quod
988 3651 1179 3752 participia
1201 3707 1211 3742 ‚
1230 3648 1351 3727 verbis

331 3768 452 3849 adbuc
472 3797 514 3844 ex
534 3771 678 3871 integro
704 3771 950 3872 positantibus
975 3775 1022 3873 (c)
1049 3828 1060 3861 ,
1087 3771 1246 3847 deficere
1274 3799 1354 3871 pos·

409 3946 448 4010 (ὃ)
465 3950 524 4008 cod,
547 3957 596 4003 nisi
613 3983 620 4003 ,
645 3969 687 4012 pro
709 3968 763 3997 nam
787 3959 816 3998 et·
878 3949 956 4016 (b)A
981 3951 1109 3999 masculina
1130 3952 1352 3999 consuetudinarie.

336 4025 375 4091 (s)
391 4030 446 4078 cod·
460 4033 657 4089 possessuram
671 4033 712 4078 secl
728 4035 792 4092 prior
809 4049 821 4077 r
839 4035 985 4095 superposite
1004 4033 1059 4079 tuit.
1077 4038 1137 4078 num
1162 4025 1356 4088 praestantibus?
