3382 5206
338 562 409 641 26⁶
584 587 839 641 emmarricus
867 567 1067 643 rimemus

319 694 409 768 cipit.
429 703 492 749 aunt
508 693 716 767 pronuntianda·
864 696 974 767 ticlpla.
986 707 1048 751 runt
1065 694 1273 768 pronuntirnda·
1307 694 1360 751 Sa·

353 788 422 840 ltcm
440 793 503 838 sunt
519 783 645 840 nomina.
672 802 741 855 quae
764 803 810 838 ru·
865 801 899 836 no
922 785 973 838 hoc
1004 801 1155 840 monemus.
1191 782 1267 852 quod
1301 782 1359 835 rint

319 873 462 946 spicioncm
493 871 694 943 participiorum
728 870 814 926 lutnri
867 871 958 942 aliqua
976 872 1136 943 participia,
1163 886 1233 940 quac
1256 886 1317 922 cum
1343 887 1360 922 a

321 960 465 1033 temporit.
489 950 611 1030 quac'in
639 958 709 1011 alus·
732 959 816 1028 aylla·
864 961 952 1015 rcrbis
970 960 1135 1015 neutralrlrua
1150 962 1240 1015 venire
1259 976 1355 1032 reppe-

319 1050 381 1105 bam
399 1059 513 1107 meunt.
533 1049 671 1101 incurrant
688 1082 696 1104 .
712 1055 744 1099 ut
763 1064 816 1118 pu·
868 1049 991 1106 riantur,
1013 1050 1136 1102 adtamen
1145 1049 1282 1120 praeteriti
1295 1059 1358 1102 tcm-

322 1150 350 1194 tr
367 1137 544 1195 furibundus.
574 1133 764 1191 moribundus.
788 1143 816 1186 et
866 1136 939 1207 poris
959 1153 1006 1189 nec
1024 1155 1077 1191 non
1091 1135 1228 1193 ctiuturi.
1246 1134 1358 1206 quodin

324 1235 412 1279 cetera
422 1225 499 1278 tolia.
517 1223 568 1277 Sed
586 1239 645 1275 cum
659 1220 746 1275 omnia
758 1236 817 1292 par·
869 1224 939 1276 ·dus·
959 1221 1087 1293 syllabam
1105 1223 1267 1280 cxitmuuor
1276 1220 1360 1275 aurti-

322 1310 511 1383 ticipia.quac
521 1309 685 1365 nominativo
696 1325 760 1362 casu
769 1324 815 1358 nu·
868 1328 930 1364 nere
948 1310 1147 1382 repperiantur,
1165 1321 1197 1363 ut
1214 1319 1281 1380 aput
1299 1307 1358 1361 sal-

322 1401 388 1454 meri
405 1399 546 1469 singularia
566 1398 593 1453 in
605 1397 674 1453 cius·
687 1394 816 1467 syllabam
869 1399 979 1454 lustium
999 1427 1014 1441 -
1039 1409 1145 1453 oenctos
1171 1415 1227 1452 esse
1257 1397 1285 1450 in
1312 1414 1358 1450 cu·

323 1498 439 1545 exeunt·
458 1485 569 1538 eandem
589 1484 658 1538 dus·
684 1480 816 1552 Syllibtm
867 1485 941 1540 utris·
965 1487 1062 1538 ·ltem
1081 1496 1147 1556 aput
1177 1483 1327 1553 Vergilium
1344 1514 1361 1527 -

326 1576 356 1628 in
379 1593 413 1629 οι·
443 1574 560 1629 litteram
584 1581 759 1629 convertant.
783 1579 815 1622 ut
866 1581 1010 1626 monstrum
1039 1571 1199 1625 horrendum
1217 1570 1359 1638 ingens-0

324 1661 497 1734 participium
514 1661 659 1732 praecentis
692 1655 817 1730 temporis
868 1661 946 1715 Nunc
963 1658 1028 1712 haec
1048 1675 1136 1727 quae.
1155 1658 1197 1711 vel
1213 1667 1280 1728 quor
1305 1657 1360 1711 rint

325 1748 485 1805 ostendant.
508 1757 540 1801 ut
568 1757 634 1817 puta
661 1745 784 1799 ferendus
802 1771 818 1784 ·
868 1747 1025 1821 participia.
1055 1763 1124 1817 quac
1154 1764 1212 1800 cum
1239 1744 1361 1801 acerbis

323 1833 429 1898 sercou
447 1851 517 1886 nunc
535 1833 558 1886 si
576 1832 754 1892 furibundus,
776 1829 819 1888 vel
870 1834 1035 1889 neutralibus
1066 1834 1194 1892 veniunt.
1225 1835 1361 1906 praeteriti

325 1920 499 1977 moribundus
519 1920 589 1974 ·dus·
605 1918 732 1991 syllabam
746 1919 774 1973 in
786 1936 818 1972 ·a·
869 1924 910 1977 vel
919 1921 1002 1976 futuri
1012 1921 1152 1993 temporis,
1167 1920 1240 1993 quod
1251 1921 1278 1974 in
1288 1921 1359 1974 alur-

326 1998 430 2064 litcrtru
463 2019 643 2066 convertunt.
674 2007 818 2078 numquid·
870 2007 998 2079 syllabam
1010 2007 1083 2066 exit.
1105 2026 1183 2063 rouoa
1191 2008 1358 2067 trutineant,
1382 2005 1385 2010 ’

328 2113 390 2150 nam
412 2094 550 2168 praeteriti
567 2096 692 2168 temporie
713 2093 820 2168 pertici·
872 2096 902 2150 in
913 2096 984 2151 sonis
997 2107 1166 2167 conpetenter
1180 2095 1362 2150 tractabimus.

328 2182 403 2254 pium
420 2177 576 2237 ostentanti
590 2184 625 2236 Et
642 2182 701 2236 ideo
720 2180 821 2234 haecct
908 2187 948 2238 De
966 2185 1111 2256 participio
1139 2195 1273 2254 quantum
1292 2186 1363 2241 ratio

329 2283 416 2326 cetera
440 2272 523 2329 talia.
549 2272 740 2330 nomina.uon
756 2288 820 2343 pur·
874 2271 1020 2346 poscebat.
1040 2273 1222 2329 tractavimus.
1299 2321 1301 2326 .

596 2439 663 2514 DE
693 2434 1098 2518 CONIUNCTIONE.

875 2713 921 2750 ner
947 2714 1058 2754 nurnero
1084 2709 1147 2752 runt
1171 2714 1216 2752 aex
1246 2697 1318 2751 hac:
1336 2711 1366 2752 et

320 2802 341 2837 r·
362 2727 602 2843 Coniunctioett
618 2800 679 2855 paro
695 2783 823 2838 orationis
876 2785 953 2856 timp.
988 2803 1043 2858 quc
1077 2785 1156 2856 timp.
1181 2797 1213 2838 at
1241 2783 1322 2857 timp.
1348 2804 1382 2838 ac

331 2882 439 2926 ucctcns
460 2872 638 2942 ordinansque
655 2871 824 2926 sententiam.
877 2872 954 2944 timp·
973 2883 1019 2924 ast
1031 2871 1108 2944 timp·
1119 2885 1206 2945 atque
1224 2871 1305 2944 simp.

332 2962 523 3016 coniunctioni
550 2963 649 3018 accidit
683 2971 826 3035 potestat.

334 3048 399 3102 ordo
414 3085 421 3105 .
439 3051 533 3118 ligura.
973 3049 1001 3112 l·
1019 3063 1054 3102 ur
1075 3063 1267 3103 umrmrcrrva.

440 3241 466 3278 2·
488 3242 523 3282 nr
544 3243 716 3285 rorasrtrr.
879 3164 1095 3279 Disiunctirae
1112 3225 1210 3296 speciei
1239 3223 1367 3278 coniunc·

881 3316 966 3370 tiones
993 3323 1056 3367 sunt
1080 3331 1188 3368 numero
1223 3330 1267 3367 sex
1296 3312 1367 3366 hae:

273 3466 277 3471 ⁸
335 3343 480 3457 Potestas
489 3404 703 3473 copiunctionum
716 3404 743 3458 in
752 3405 830 3475 quin-
881 3413 932 3454 aut
951 3400 1028 3471 simp·
1045 3416 1075 3452 νο
1094 3399 1174 3471 simp.
1191 3401 1232 3452 vel
1247 3400 1368 3472 timp-ne

335 3505 387 3558 que
401 3488 502 3559 species
521 3488 652 3547 dividitur
666 3528 673 3549 .
695 3491 721 3544 id
735 3502 830 3546 cstco·
882 3490 960 3559 simp·
973 3504 1023 3541 nec
1038 3485 1115 3559 simp.
1126 3504 1217 3558 neque
1231 3486 1309 3558 timp.

337 3575 483 3646 polatiram
495 3613 502 3633 .
516 3577 726 3638 disiurrctivam.
743 3579 829 3652 exple·

338 3667 441 3725 tirum.
463 3668 611 3728 causalem.
629 3669 795 3724 rationalem.
994 3661 1020 3720 5.
1038 3678 1073 3718 uu
1094 3679 1263 3718 rxraarrva.

429 3839 454 3894 3.
475 3859 509 3895 nu
534 3862 720 3901 coruutrrua·
885 3788 1373 3915 Explctivaespcciciconiunctiones

882 3945 944 3988 sunt
964 3950 1070 3986 nurnero
1102 3949 1146 3985 sex
1172 3932 1239 3984 hae:
1257 3929 1370 4002 quidem

337 3960 826 4092 Copulatirucspecicicouiuuctio·
881 4025 958 4096 simp·
989 4021 1116 4094 equidem
1149 4019 1228 4091 simp·
1259 4039 1370 4093 quoquc
