3382 5206
642 587 786 634 cssucu
815 590 858 638 ue
884 588 1049 639 cusrsro.
1269 566 1338 642 383

340 702 506 764 (instantes
528 694 678 760 inertibus
698 697 828 784 virgam
852 694 909 763 sud
928 697 1043 764 iustior
1064 697 1129 762 iltis

342 804 482 868 Emicuit
505 799 621 889 loseph
639 819 771 889 accepta
792 802 906 890 rirga;
934 801 1085 868 columba

342 911 522 976 Confestim
547 908 688 972 Mariam
707 933 863 996 sponsam
882 907 935 972 sui
959 907 1096 973 tradidit
1111 906 1207 975 ultro.

340 1016 485 1107 Angelus
504 1013 582 1080 hinc
601 1011 756 1078 mandata
781 1017 881 1103 patris
902 1011 1087 1104 persidem
1112 1011 1226 1080 desert.

263 1156 314 1201 20.
341 1122 466 1189 Crescit
488 1120 543 1187 issa
566 1147 668 1204 caro,
692 1122 807 1187 crescit
828 1120 874 1185 ibi
897 1121 1002 1211 gratia
1021 1143 1151 1211 magna.
1251 1108 1260 1117 ⁵

343 1227 462 1296 Sancta
480 1228 565 1316 parit
587 1229 704 1317 virgo,
727 1226 841 1316 patefit
861 1250 945 1293 nova
966 1228 1060 1292 ianua
1085 1228 1192 1309 vitae,

341 1333 383 1398 Et
403 1334 492 1398 Deus
513 1349 545 1398 et
564 1349 736 1401 renovatus
760 1331 859 1399 homo
882 1332 1059 1398 miscentur
1082 1330 1115 1395 in
1140 1356 1250 1397 uuum.

340 1441 437 1507 Dicta
456 1438 693 1528 prophetarum
710 1434 803 1502 sactis
823 1435 955 1527 impleta
978 1437 1187 1526 probantur,

343 1547 386 1610 Et
406 1544 503 1611 tellus
527 1544 635 1613 ridens
655 1542 794 1611 laetetur
817 1543 962 1635 germine
982 1559 1102 1611 sancto.

267 1669 318 1732 25,
342 1650 460 1715 Ornuia
486 1648 562 1716 festa
585 1651 716 1732 nitent,
738 1647 856 1739 gaudet
877 1671 991 1731 mare,
1013 1645 1154 1730 nubila,
1178 1650 1274 1714 venti.

343 1756 448 1838 Quem
469 1755 574 1819 Maria
595 1771 699 1820 mater
720 1771 833 1819 uatum
859 1776 1016 1841 praesepe
1043 1751 1181 1840 reponit.

343 1864 540 1944 Quaereutes
560 1860 649 1926 huuc
670 1858 763 1927 stella
779 1883 891 1950 magus
912 1858 1065 1948 perduxit
1089 1858 1131 1924 ad
1152 1861 1286 1948 ipsum,

345 1969 483 2032 Munera
503 1992 592 2033 sacra
614 1964 749 2048 serunt,
772 1965 1007 2056 myrrhamque
1032 1981 1063 2031 et
1082 1966 1199 2030 suavia.
1214 1982 1312 2035 tura:

347 2073 439 2136 'l'ura
458 2071 563 2137 Deum
584 2087 791 2154 monstrant,
815 2069 960 2160 designat
981 2066 1117 2160 myrrha
1136 2066 1357 2158 sepulchrum.

269 2187 321 2250 30.
346 2179 494 2246 Percussi
513 2177 599 2244 fama
623 2196 689 2245 tota
710 2179 841 2268 regione
862 2177 1026 2243 locuntur.

348 2288 445 2352 Tunc
465 2309 520 2352 rer
543 2283 688 2353 Herodes
711 2308 854 2373 puerum
875 2283 966 2373 cupit
990 2284 1059 2373 ipse
1083 2284 1221 2367 ridere,

347 2387 414 2458 Sed
431 2389 506 2455 huic
531 2387 621 2455 nulla
645 2406 786 2480 potestas
807 2407 838 2456 et
863 2389 1047 2478 praeseutia
1066 2386 1161 2455 facta.

345 2492 506 2560 Ambulat
524 2492 558 2557 iu
581 2496 700 2578 terris,
721 2492 890 2560 homiuem
910 2516 944 2559 se
965 2509 1107 2581 praestat
1130 2494 1265 2583 ubique.

343 2604 440 2666 Tunc
461 2602 607 2670 mittente
629 2627 702 2669 suos
724 2600 891 2691 quondam
911 2601 973 2668 sibi
1003 2617 1076 2668 vate
1099 2601 1246 2668 Iohanne

269 2721 321 2785 35»,
346 2713 442 2777 Tune
462 2733 494 2774 es
514 2758 525 2791 ‚
546 2734 586 2774 an
610 2707 711 2775 alium
731 2733 926 2797 speramus,
951 2708 1106 2790 Christe,
1130 2725 1302 2799 rogantem

343 2815 557 2904 Omnipotens
582 2814 731 2882 Christus
756 2813 957 2902 respondeus
977 2813 1056 2881 talia
1078 2813 1174 2883 fatur.

348 2922 436 2985 Haec
458 2918 599 3009 perferte
623 2922 695 2987 viro
716 2917 817 2986 oculis
842 2917 928 3011 qnae
952 2921 1082 2988 cernitis
1107 2922 1189 3010 ipsi:

347 3025 434 3091 Ecce
461 3024 550 3092 sidet
576 3050 710 3109 caecus,
734 3023 871 3091 claudus
889 3023 988 3107 salit,
1010 3026 1146 3093 auribus
1165 3023 1258 3089 audit

347 3129 501 3211 Surdus,
523 3147 553 3196 et
578 3146 624 3197 est
644 3127 718 3198 felix
742 3130 801 3220 qui
824 3155 890 3195 non
913 3131 1116 3197 dubitaverit
1138 3132 1172 3196 iu
1196 3155 1257 3201 me.

270 3244 320 3330 4⁰·
345 3234 422 3299 Post
447 3232 528 3299 haec
549 3235 752 3322 conspiciens
775 3235 944 3302 Christum
966 3237 1053 3301 canit
1073 3237 1139 3324 ipse
1161 3235 1348 3317 lohannes,

348 3339 432 3403 Eece
454 3339 542 3404 veuit
564 3362 664 3428 agrurs
684 3355 816 3427 peccata
838 3336 952 3405 tollere
973 3334 1087 3402 mundi

348 3444 422 3508 Post
444 3467 496 3508 me
520 3459 612 3510 natus
637 3442 735 3509 homo
760 3443 890 3524 maior,
911 3442 1080 3531 antiquior
1098 3442 1191 3508 orbe.

348 3545 525 3613 Confestim
548 3545 671 3637 Resuga
693 3548 741 3636 (ι)
763 3547 930 3613 Christum
951 3544 1186 3638 dominumque
1205 3564 1371 3635 potentem

350 3658 434 3721 Dum
455 3673 612 3744 temptare
635 3658 725 3743 cupit
746 3654 923 3744 templique
949 3655 983 3720 in
1010 3657 1131 3721 vertice
1158 3656 1270 3740 sistit,

273 3761 326 3843 4.).
351 3763 391 3825 Et
416 3777 551 3848 captans
574 3784 723 3826 sermone
743 3758 859 3845 dolos,
881 3760 926 3827 sic
947 3760 1092 3848 perfidus
1117 3762 1251 3851 inquit:

348 3870 382 3934 si
405 3870 491 3933 Deus
515 3881 562 3930 cst
586 3864 741 3955 genitor,
765 3864 902 3934 inlaesus
929 3884 1063 3958 tangere
1084 3885 1205 3937 terrem

436 4020 476 4090 (Ι)
497 4017 631 4072 Di.·bolus.
