3382 5206
399 628 501 701 xxxvi
744 629 785 674 nn
812 630 1022 679 cmunarmo

371 800 395 832 „
422 743 617 835 delinivit,
645 751 848 820 coniunctio
868 763 919 820 est
940 774 1030 847 pars
1055 751 1226 820 orationis
1244 769 1393 819 connec-

365 926 396 955 „
422 884 497 942 tens
516 869 759 972 ordinumque
776 854 983 945 sementiam
997 905 1043 959 „z
1071 848 1284 974 qune'verba
1305 887 1390 943 sunt

366 992 460 1093 apud
487 995 754 1092 grammaticum
779 995 977 1071 vaticanum
997 1025 1034 1095 p.
1050 996 1135 1103 2¹68.
1154 1025 1183 1070 a.
1204 993 1389 1068 Verumta-

364 1141 447 1189 men
469 1118 529 1190 alii
548 1116 770 1193 Palaemonis
797 1117 867 1192 loci
893 1149 911 1191 a
941 1118 1104 1192 Charisia
1125 1118 1386 1216 Priscianoque

362 1237 528 1331 laudati,
549 1243 586 1314 in
606 1241 766 1315 vaticano
785 1259 906 1315 nostro
926 1270 1103 1344 nusquam
1125 1257 1302 1341 apparent.
1321 1236 1386 1311 Pa·

364 1363 533 1439 laemonis
558 1368 645 1440 item
672 1367 775 1440 breve
802 1365 892 1443 illud
918 1394 980 1441 seu
1008 1367 1257 1467 imperfectum
1283 1391 1388 1464 opus·

364 1489 511 1582 culum,
538 1492 632 1596 quod
653 1493 868 1594 impressum
887 1493 1044 1591 legitur,
1065 1521 1084 1566 a
1105 1508 1229 1566 nostro
1249 1519 1387 1592 prorsus

365 1612 552 1690 discedit:
582 1643 700 1716 aquo
726 1613 858 1689 Donati
883 1642 1028 1714 quoquc
1055 1632 1164 1688 artem
1190 1614 1389 1717 discrepan-

363 1754 435 1810 tem
455 1765 566 1838 aeque
589 1739 758 1814 videmus.
778 1721 888 1836 Quod
908 1740 937 1811 si
957 1737 1120 1811 Donatus
1141 1722 1247 1840 atque
1267 1736 1388 1814 Palae·

360 1889 444 1936 mon
470 1864 579 1937 semel
606 1881 666 1937 aut
686 1865 819 1937 iterum
839 1889 921 1937 cum
941 1879 1060 1936 nostro
1088 1880 1314 1961 congruunt3
1334 1864 1388 1937 ni·

359 1988 409 2062 hil
438 1990 523 2063 inde
552 1992 694 2064 firmum
722 1989 950 2063 concluditur
979 2048 988 2077 ,
1015 1990 1097 2088 quia
1125 1990 1300 2065 sollemnis
1326 2020 1386 2064 ne-

359 2115 600 2217 cessariusque
622 2116 902 2215 artigraphorum
923 2140 998 2186 mos
1018 2113 1078 2188 hic
1098 2131 1177 2204 est,
1200 2133 1240 2190 ut
1259 2117 1312 2190 vel
1333 2117 1385 2191 in-

359 2238 474 2313 vicem
499 2239 654 2339 expilant
675 2257 780 2339 atque
801 2237 1000 2311 exscribant
1023 2295 1032 2327 ‚
1058 2237 1112 2311 vel
1132 2240 1176 2310 ob
1198 2266 1385 2337 argumen-

358 2363 386 2436 ti
414 2362 686 2436 similitudinem
705 2361 748 2435 ad
768 2360 890 2435 eadem
909 2361 1013 2434 verba
1033 2390 1138 2461 saepe
1160 2380 1383 2438 concurrant

359 2488 463 2587 Quae
488 2518 544 2564 me
571 2490 681 2587 igitur
707 2508 909 2586 argumenta
944 2489 1131 2588 impellunt
1159 2505 1201 2561 ut
1226 2487 1385 2563 Probum

356 2613 472 2714 potius
499 2614 653 2687 vaticani
679 2613 794 2713 operis
822 2631 1003 2685 auctorem
1030 2612 1210 2687 credam?
1235 2612 1263 2685 Ι.
1283 2612 1381 2688 Auc-

357 2740 478 2814 toritas
499 2738 640 2839 antiqui
661 2738 787 2812 in'dicis
800 2798 809 2828 ,
822 2765 929 2838 quam
949 2765 1053 2837 supra
1071 2737 1221 2812 laudavi.
1235 2736 1281 2813 ll.
1296 2735 1383 2812 Tes-

359 2863 552 2938 timonium
583 2864 715 2937 codicis
746 2861 957 2963 neapolitani
988 2890 1008 2934 a
1040 2862 1081 2935 cl.
1103 2860 1275 2935 lanncllio
1303 2863 1381 2936 des

362 2987 468 3086 cripti
488 3015 523 3060 n.
549 2987 592 3063 15
610 3046 619 3076 ‚
641 2987 746 3061 cuius
769 2987 910 3060 initium
931 3002 990 3059 est.
1013 2985 1073 3058 De
1092 3012 1185 3060 voce.
1201 2986 1292 3060 Vox
1310 2992 1383 3059 sive

355 3136 462 3185 sortus
489 3127 540 3185 est
563 3122 633 3186 oe'r
665 3120 789 3199 ionas,
815 3112 855 3185 td
881 3126 933 3184 est
952 3136 1181 3213 percussus,
1207 3109 1384 3184 sensibilis

354 3208 483 3307 annila
500 3251 676 3338 quantum
693 3241 733 3307 in
751 3241 828 3335 ipso
848 3248 899 3305 est
912 3290 926 3318 ‚
952 3231 1126 3334 quamdiu
1144 3248 1297 3305 resonat.
1316 3229 1381 3305 At-

353 3357 416 3456 qui
444 3356 510 3429 hoc
539 3373 590 3429 est
617 3356 828 3459 ipsissimum
858 3354 1008 3427 vaticani
1034 3354 1251 3450 grammatici
1283 3380 1383 3426 exor-

352 3480 463 3554 dium.
485 3494 508 3524 “
531 3478 608 3553 Hoc
636 3508 726 3580 opus
750 3539 759 3568 ,
788 3479 903 3580 pergit
921 3478 1043 3551 dicere
1071 3475 1299 3567 lannellius,
1327 3504 1380 3549 aa·

355 3663 379 3694 ,‚
407 3605 451 3676 tis
479 3604 625 3704 plenum
652 3621 686 3677 et
713 3603 905 3704 prolixum,
928 3618 1050 3699 utpote
1079 3627 1149 3701 quo
1183 3600 1263 3697 164.
1286 3600 1379 3701 pagi·

355 3786 379 3817 ‚‚
405 3756 471 3799 nae
500 3727 538 3799 in
560 3728 617 3804 [ol.
639 3727 849 3828 impleantur
874 3786 882 3816 ,
909 3726 1025 3826 quoad
1047 3753 1124 3798 rem
1143 3744 1178 3799 et
1198 3727 1381 3801 materiam

355 3911 379 3943 „
406 3851 521 3926 simile
550 3853 698 3954 quidem
727 3870 779 3927 est
807 3851 856 3924 illi
877 3851 983 3925 Probi
1005 3850 1103 3950 operi
1124 3850 1379 3949 grammatico,

335 4007 382 4065 ’.,
410 3976 504 4077 quod
532 3977 706 4050 hactenus
734 3979 894 4051 novimus
923 4035 932 4065 ,
960 3980 1178 4051 formavere
1205 3990 1240 4046 et
1265 3974 1382 4075 dispo·

355 4159 378 4190 ‚,
410 4103 540 4175 sitione
571 4101 756 4175 verborum
779 4119 830 4174 cst
851 4101 946 4175 aliud
968 4118 1003 4174 et
1024 4100 1201 4174 diversum
1216 4153 1261 4187 „.
1283 4095 1380 4173 Tum
