<?xml version="1.0" encoding="UTF-8"?>
<!DOCTYPE html PUBLIC "-//W3C//DTD XHTML 1.0 Transitional//EN"
    "http://www.w3.org/TR/xhtml1/DTD/xhtml1-transitional.dtd">
<html xmlns="http://www.w3.org/1999/xhtml" xml:lang="en" lang="en">
 <head>
  <title>
</title>
<meta http-equiv="Content-Type" content="text/html;charset=utf-8" />
  <meta name='ocr-system' content='tesseract 3.04.00' />
  <meta name='ocr-capabilities' content='ocr_page ocr_carea ocr_par ocr_line ocrx_word'/>
</head>
<body>
  <div class='ocr_page' id='page_1' title='image "./classicorumauct00vatigoog_0051.png"; bbox 0 0 3382 5206; ppageno 0'>
   <div class='ocr_carea' id='block_1_1' title="bbox 351 468 964 559">
    <p class='ocr_par' dir='ltr' id='par_1_1' title="bbox 351 468 964 559">
     <span class='ocr_line' id='line_1_1' title="bbox 351 468 964 559; baseline 0.007 -7"><span class='ocrx_word' id='word_1_1' title='bbox 351 506 419 553; x_wconf 74' lang='lat' dir='ltr'><strong>ml</strong></span> <span class='ocrx_word' id='word_1_2' title='bbox 650 468 658 485; x_wconf 85' lang='lat'><strong>·</strong></span> <span class='ocrx_word' id='word_1_3' title='bbox 704 508 746 553; x_wconf 78' lang='lat' dir='ltr'><strong>DE</strong></span> <span class='ocrx_word' id='word_1_4' title='bbox 771 506 964 559; x_wconf 72' lang='lat' dir='ltr'><strong>osnmtutuus</strong></span> 
     </span>
    </p>
   </div>
   <div class='ocr_carea' id='block_1_2' title="bbox 323 627 1347 858">
    <p class='ocr_par' dir='ltr' id='par_1_2' title="bbox 323 627 1347 858">
     <span class='ocr_line' id='line_1_2' title="bbox 325 627 1341 738; baseline 0.006 -39"><span class='ocrx_word' id='word_1_5' title='bbox 325 642 366 699; x_wconf 93' lang='lat' dir='ltr'><strong>ut</strong></span> <span class='ocrx_word' id='word_1_6' title='bbox 387 627 471 701; x_wconf 91' lang='lat' dir='ltr'><strong>olim</strong></span> <span class='ocrx_word' id='word_1_7' title='bbox 496 628 602 721; x_wconf 79' lang='lat' dir='ltr'><strong>dixi,</strong></span> <span class='ocrx_word' id='word_1_8' title='bbox 637 660 664 705; x_wconf 88' lang='lat' dir='ltr'><strong>t.</strong></span> <span class='ocrx_word' id='word_1_9' title='bbox 685 631 769 730; x_wconf 88' lang='lat' dir='ltr'><strong>quia</strong></span> <span class='ocrx_word' id='word_1_10' title='bbox 799 647 882 702; x_wconf 89' lang='lat' dir='ltr'><strong>sunt</strong></span> <span class='ocrx_word' id='word_1_11' title='bbox 907 631 944 703; x_wconf 91' lang='lat' dir='ltr'><strong>in</strong></span> <span class='ocrx_word' id='word_1_12' title='bbox 974 629 1097 703; x_wconf 86' lang='lat' dir='ltr'><strong>codice</strong></span> <span class='ocrx_word' id='word_1_13' title='bbox 1122 690 1131 719; x_wconf 83' lang='lat'>,</span> <span class='ocrx_word' id='word_1_14' title='bbox 1158 633 1221 738; x_wconf 79' lang='lat' dir='ltr'><strong>qui</strong></span> <span class='ocrx_word' id='word_1_15' title='bbox 1247 633 1341 705; x_wconf 84' lang='lat' dir='ltr'>nihil</span> 
     </span>
     <span class='ocr_line' id='line_1_3' title="bbox 323 750 1347 858; baseline 0.012 -39"><span class='ocrx_word' id='word_1_16' title='bbox 323 750 418 823; x_wconf 91' lang='lat' dir='ltr'><strong>aliud</strong></span> <span class='ocrx_word' id='word_1_17' title='bbox 446 754 514 826; x_wconf 88' lang='lat' dir='ltr'><strong>nisi</strong></span> <span class='ocrx_word' id='word_1_18' title='bbox 541 754 685 829; x_wconf 80' lang='lat' dir='ltr'>Paulini</span> <span class='ocrx_word' id='word_1_19' title='bbox 710 771 867 854; x_wconf 70' lang='lat' dir='ltr'><strong>poemata</strong></span> <span class='ocrx_word' id='word_1_20' title='bbox 897 757 1060 841; x_wconf 83' lang='lat' dir='ltr'><strong>continet</strong></span> <span class='ocrx_word' id='word_1_21' title='bbox 1094 817 1102 845; x_wconf 90' lang='lat'>‚</span> <span class='ocrx_word' id='word_1_22' title='bbox 1132 757 1223 829; x_wconf 88' lang='lat' dir='ltr'><strong>inter</strong></span> <span class='ocrx_word' id='word_1_23' title='bbox 1256 788 1347 858; x_wconf 88' lang='lat' dir='ltr'><strong>quae</strong></span> 
     </span>
    </p>
   </div>
   <div class='ocr_carea' id='block_1_3' title="bbox 323 872 1348 973">
    <p class='ocr_par' dir='ltr' id='par_1_3' title="bbox 323 872 1348 973">
     <span class='ocr_line' id='line_1_4' title="bbox 323 872 1348 973; baseline 0.011 -30"><span class='ocrx_word' id='word_1_24' title='bbox 323 872 407 946; x_wconf 89' lang='lat' dir='ltr'><strong>haee</strong></span> <span class='ocrx_word' id='word_1_25' title='bbox 428 875 498 950; x_wconf 90' lang='lat' dir='ltr'><strong>duo</strong></span> <span class='ocrx_word' id='word_1_26' title='bbox 518 880 806 956; x_wconf 84' lang='lat' dir='ltr'><strong>commiscentur.</strong></span> <span class='ocrx_word' id='word_1_27' title='bbox 830 906 863 954; x_wconf 85' lang='lat'><strong>2.</strong></span> <span class='ocrx_word' id='word_1_28' title='bbox 884 877 978 973; x_wconf 85' lang='lat' dir='ltr'><strong>Quia</strong></span> <span class='ocrx_word' id='word_1_29' title='bbox 1000 882 1184 955; x_wconf 83' lang='lat' dir='ltr'><strong>verborum</strong></span> <span class='ocrx_word' id='word_1_30' title='bbox 1207 901 1348 956; x_wconf 81' lang='lat' dir='ltr'><strong>senten·</strong></span> 
     </span>
    </p>
   </div>
   <div class='ocr_carea' id='block_1_4' title="bbox 248 1003 1349 4097">
    <p class='ocr_par' dir='ltr' id='par_1_4' title="bbox 248 1003 1349 4097">
     <span class='ocr_line' id='line_1_5' title="bbox 324 1003 1346 1111; baseline 0.004 -38"><span class='ocrx_word' id='word_1_31' title='bbox 324 1015 524 1111; x_wconf 73' lang='lat' dir='ltr'><strong>uarumque</strong></span> <span class='ocrx_word' id='word_1_32' title='bbox 540 1022 666 1077; x_wconf 84' lang='lat' dir='ltr'><strong>natura</strong></span> <span class='ocrx_word' id='word_1_33' title='bbox 688 1020 721 1075; x_wconf 87' lang='lat' dir='ltr'><strong>et</strong></span> <span class='ocrx_word' id='word_1_34' title='bbox 743 1003 838 1076; x_wconf 92' lang='lat' dir='ltr'><strong>color</strong></span> <span class='ocrx_word' id='word_1_35' title='bbox 861 1032 945 1076; x_wconf 90' lang='lat' dir='ltr'><strong>cum</strong></span> <span class='ocrx_word' id='word_1_36' title='bbox 964 1005 1092 1078; x_wconf 83' lang='lat' dir='ltr'><strong>ceteris</strong></span> <span class='ocrx_word' id='word_1_37' title='bbox 1104 1004 1250 1079; x_wconf 88' lang='lat' dir='ltr'><strong>Paulini</strong></span> <span class='ocrx_word' id='word_1_38' title='bbox 1272 1036 1346 1080; x_wconf 89' lang='lat' dir='ltr'><strong>car-</strong></span> 
     </span>
     <span class='ocr_line' id='line_1_6' title="bbox 322 1124 1348 1230; baseline 0.011 -36"><span class='ocrx_word' id='word_1_39' title='bbox 322 1124 484 1200; x_wconf 79' lang='lat' dir='ltr'><strong>minibus</strong></span> <span class='ocrx_word' id='word_1_40' title='bbox 504 1129 584 1201; x_wconf 88' lang='lat' dir='ltr'><strong>satis</strong></span> <span class='ocrx_word' id='word_1_41' title='bbox 607 1128 769 1226; x_wconf 87' lang='lat' dir='ltr'><strong>congruit</strong></span> <span class='ocrx_word' id='word_1_42' title='bbox 784 1128 840 1217; x_wconf 87' lang='lat' dir='ltr'><strong>,id</strong></span> <span class='ocrx_word' id='word_1_43' title='bbox 861 1131 955 1230; x_wconf 88' lang='lat' dir='ltr'><strong>quod</strong></span> <span class='ocrx_word' id='word_1_44' title='bbox 971 1132 1105 1205; x_wconf 88' lang='lat' dir='ltr'><strong>scholia</strong></span> <span class='ocrx_word' id='word_1_45' title='bbox 1119 1159 1195 1204; x_wconf 89' lang='lat' dir='ltr'><strong>mea</strong></span> <span class='ocrx_word' id='word_1_46' title='bbox 1216 1132 1348 1229; x_wconf 82' lang='lat' dir='ltr'><strong>partim</strong></span> 
     </span>
     <span class='ocr_line' id='line_1_7' title="bbox 326 1250 1346 1356; baseline 0.008 -36"><span class='ocrx_word' id='word_1_47' title='bbox 326 1250 598 1343; x_wconf 80' lang='lat' dir='ltr'><strong>demonstrant,</strong></span> <span class='ocrx_word' id='word_1_48' title='bbox 628 1254 757 1355; x_wconf 83' lang='lat' dir='ltr'><strong>partim</strong></span> <span class='ocrx_word' id='word_1_49' title='bbox 781 1282 862 1326; x_wconf 89' lang='lat' dir='ltr'><strong>vero</strong></span> <span class='ocrx_word' id='word_1_50' title='bbox 883 1254 1030 1328; x_wconf 86' lang='lat' dir='ltr'><strong>lectores</strong></span> <span class='ocrx_word' id='word_1_51' title='bbox 1056 1282 1206 1356; x_wconf 91' lang='lat' dir='ltr'><strong>operum</strong></span> <span class='ocrx_word' id='word_1_52' title='bbox 1226 1253 1346 1329; x_wconf 89' lang='lat' dir='ltr'><strong>Pauli·</strong></span> 
     </span>
     <span class='ocr_line' id='line_1_8' title="bbox 325 1376 1347 1480; baseline 0.004 -31"><span class='ocrx_word' id='word_1_53' title='bbox 325 1378 364 1449; x_wconf 90' lang='lat' dir='ltr'><strong>ni</strong></span> <span class='ocrx_word' id='word_1_54' title='bbox 389 1406 453 1476; x_wconf 87' lang='lat' dir='ltr'><strong>per</strong></span> <span class='ocrx_word' id='word_1_55' title='bbox 472 1406 507 1449; x_wconf 86' lang='lat' dir='ltr'><strong>se</strong></span> <span class='ocrx_word' id='word_1_56' title='bbox 528 1379 634 1452; x_wconf 83' lang='lat' dir='ltr'><strong>facile</strong></span> <span class='ocrx_word' id='word_1_57' title='bbox 662 1396 867 1477; x_wconf 79' lang='lat' dir='ltr'><strong>agnoscent.</strong></span> <span class='ocrx_word' id='word_1_58' title='bbox 890 1381 921 1454; x_wconf 83' lang='lat'><strong>3.</strong></span> <span class='ocrx_word' id='word_1_59' title='bbox 944 1376 1040 1474; x_wconf 88' lang='lat' dir='ltr'><strong>Quia</strong></span> <span class='ocrx_word' id='word_1_60' title='bbox 1067 1379 1233 1480; x_wconf 87' lang='lat' dir='ltr'>baptismi</span> <span class='ocrx_word' id='word_1_61' title='bbox 1261 1408 1281 1453; x_wconf 91' lang='lat' dir='ltr'><strong>a</strong></span> <span class='ocrx_word' id='word_1_62' title='bbox 1309 1410 1347 1456; x_wconf 85' lang='lat' dir='ltr'><strong>se</strong></span> 
     </span>
     <span class='ocr_line' id='line_1_9' title="bbox 326 1500 1339 1602; baseline 0 -28"><span class='ocrx_word' id='word_1_63' title='bbox 326 1500 445 1574; x_wconf 82' lang='lat' dir='ltr'><strong>adulta</strong></span> <span class='ocrx_word' id='word_1_64' title='bbox 465 1519 576 1576; x_wconf 86' lang='lat' dir='ltr'><strong>aetate</strong></span> <span class='ocrx_word' id='word_1_65' title='bbox 598 1503 753 1601; x_wconf 86' lang='lat' dir='ltr'><strong>suscepti</strong></span> <span class='ocrx_word' id='word_1_66' title='bbox 776 1501 893 1602; x_wconf 87' lang='lat' dir='ltr'><strong>priore</strong></span> <span class='ocrx_word' id='word_1_67' title='bbox 925 1502 961 1574; x_wconf 91' lang='lat' dir='ltr'><strong>in</strong></span> <span class='ocrx_word' id='word_1_68' title='bbox 990 1501 1143 1575; x_wconf 85' lang='lat' dir='ltr'><strong>carmine</strong></span> <span class='ocrx_word' id='word_1_69' title='bbox 1164 1500 1339 1576; x_wconf 82' lang='lat' dir='ltr'><strong>Paulinus</strong></span> 
     </span>
     <span class='ocr_line' id='line_1_10' title="bbox 327 1622 1341 1724; baseline 0.002 -27"><span class='ocrx_word' id='word_1_70' title='bbox 327 1624 490 1698; x_wconf 87' lang='lat' dir='ltr'><strong>meminit</strong></span> <span class='ocrx_word' id='word_1_71' title='bbox 513 1683 523 1715; x_wconf 93' lang='lat'>‚</span> <span class='ocrx_word' id='word_1_72' title='bbox 550 1653 617 1698; x_wconf 93' lang='lat' dir='ltr'><strong>nec</strong></span> <span class='ocrx_word' id='word_1_73' title='bbox 638 1652 713 1696; x_wconf 90' lang='lat' dir='ltr'><strong>non</strong></span> <span class='ocrx_word' id='word_1_74' title='bbox 734 1622 940 1696; x_wconf 89' lang='lat' dir='ltr'><strong>consulatus</strong></span> <span class='ocrx_word' id='word_1_75' title='bbox 968 1625 1024 1697; x_wconf 91' lang='lat' dir='ltr'><strong>sui</strong></span> <span class='ocrx_word' id='word_1_76' title='bbox 1046 1656 1057 1721; x_wconf 81' lang='lat'><em>3</em></span> <span class='ocrx_word' id='word_1_77' title='bbox 1082 1652 1190 1724; x_wconf 89' lang='lat' dir='ltr'><strong>quam</strong></span> <span class='ocrx_word' id='word_1_78' title='bbox 1211 1643 1341 1699; x_wconf 53' lang='lat' dir='ltr'><strong>utram&lt;</strong></span> 
     </span>
     <span class='ocr_line' id='line_1_11' title="bbox 319 1745 1345 1846; baseline 0.001 -26"><span class='ocrx_word' id='word_1_79' title='bbox 319 1776 395 1846; x_wconf 79' lang='lat' dir='ltr'><strong>que</strong></span> <span class='ocrx_word' id='word_1_80' title='bbox 417 1773 494 1820; x_wconf 88' lang='lat' dir='ltr'><strong>rem</strong></span> <span class='ocrx_word' id='word_1_81' title='bbox 514 1746 696 1820; x_wconf 84' lang='lat' dir='ltr'><strong>notissima</strong></span> <span class='ocrx_word' id='word_1_82' title='bbox 713 1747 859 1820; x_wconf 88' lang='lat' dir='ltr'><strong>historia</strong></span> <span class='ocrx_word' id='word_1_83' title='bbox 881 1747 1075 1821; x_wconf 87' lang='lat' dir='ltr'><strong>confirmat.</strong></span> <span class='ocrx_word' id='word_1_84' title='bbox 1089 1745 1243 1823; x_wconf 83' lang='lat' dir='ltr'><strong>Carmen</strong></span> <span class='ocrx_word' id='word_1_85' title='bbox 1262 1777 1345 1821; x_wconf 86' lang='lat' dir='ltr'><strong>vero</strong></span> 
     </span>
     <span class='ocr_line' id='line_1_12' title="bbox 326 1871 1347 1973; baseline 0.004 -31"><span class='ocrx_word' id='word_1_86' title='bbox 326 1871 502 1969; x_wconf 82' lang='lat' dir='ltr'><strong>posterius</strong></span> <span class='ocrx_word' id='word_1_87' title='bbox 523 1871 566 1944; x_wconf 90' lang='lat' dir='ltr'><strong>de</strong></span> <span class='ocrx_word' id='word_1_88' title='bbox 588 1873 696 1945; x_wconf 76' lang='lat' dir='ltr'><strong>fratre</strong></span> <span class='ocrx_word' id='word_1_89' title='bbox 717 1899 759 1944; x_wconf 92' lang='lat' dir='ltr'><strong>ac</strong></span> <span class='ocrx_word' id='word_1_90' title='bbox 781 1900 898 1945; x_wconf 84' lang='lat' dir='ltr'><strong>sorore</strong></span> <span class='ocrx_word' id='word_1_91' title='bbox 921 1871 1065 1945; x_wconf 85' lang='lat' dir='ltr'><strong>Paulini</strong></span> <span class='ocrx_word' id='word_1_92' title='bbox 1090 1872 1249 1973; x_wconf 89' lang='lat' dir='ltr'><strong>loquitur</strong></span> <span class='ocrx_word' id='word_1_93' title='bbox 1274 1931 1283 1962; x_wconf 93' lang='lat'>,</span> <span class='ocrx_word' id='word_1_94' title='bbox 1311 1891 1347 1946; x_wconf 90' lang='lat' dir='ltr'><strong>et</strong></span> 
     </span>
     <span class='ocr_line' id='line_1_13' title="bbox 326 1993 1349 2096; baseline 0.005 -32"><span class='ocrx_word' id='word_1_95' title='bbox 326 1993 370 2066; x_wconf 87' lang='lat' dir='ltr'><strong>de</strong></span> <span class='ocrx_word' id='word_1_96' title='bbox 391 1995 508 2069; x_wconf 85' lang='lat' dir='ltr'><strong>accisa</strong></span> <span class='ocrx_word' id='word_1_97' title='bbox 530 1994 764 2068; x_wconf 91' lang='lat' dir='ltr'><strong>Paulinorum</strong></span> <span class='ocrx_word' id='word_1_98' title='bbox 783 2023 821 2069; x_wconf 90' lang='lat' dir='ltr'><strong>re</strong></span> <span class='ocrx_word' id='word_1_99' title='bbox 843 1995 1007 2069; x_wconf 78' lang='lat' dir='ltr'><strong>familiari</strong></span> <span class='ocrx_word' id='word_1_100' title='bbox 1030 2026 1041 2091; x_wconf 88' lang='lat'>;</span> <span class='ocrx_word' id='word_1_101' title='bbox 1068 1995 1113 2069; x_wconf 92' lang='lat' dir='ltr'><strong>de</strong></span> <span class='ocrx_word' id='word_1_102' title='bbox 1139 1995 1270 2096; x_wconf 91' lang='lat' dir='ltr'><strong>quibus</strong></span> <span class='ocrx_word' id='word_1_103' title='bbox 1289 1997 1349 2069; x_wconf 91' lang='lat' dir='ltr'><strong>ho-</strong></span> 
     </span>
     <span class='ocr_line' id='line_1_14' title="bbox 325 2115 1349 2219; baseline 0 -30"><span class='ocrx_word' id='word_1_104' title='bbox 325 2115 487 2193; x_wconf 87' lang='lat' dir='ltr'><strong>minihus</strong></span> <span class='ocrx_word' id='word_1_105' title='bbox 503 2117 708 2217; x_wconf 87' lang='lat' dir='ltr'><strong>casibusque</strong></span> <span class='ocrx_word' id='word_1_106' title='bbox 729 2119 928 2194; x_wconf 86' lang='lat' dir='ltr'><strong>testimonia</strong></span> <span class='ocrx_word' id='word_1_107' title='bbox 948 2119 1116 2193; x_wconf 84' lang='lat' dir='ltr'><strong>habemus</strong></span> <span class='ocrx_word' id='word_1_108' title='bbox 1128 2116 1277 2190; x_wconf 89' lang='lat' dir='ltr'><strong>Paulini</strong></span> <span class='ocrx_word' id='word_1_109' title='bbox 1297 2120 1349 2219; x_wconf 89' lang='lat' dir='ltr'><strong>ip-</strong></span> 
     </span>
     <span class='ocr_line' id='line_1_15' title="bbox 327 2242 1348 2331; baseline 0.002 -17"><span class='ocrx_word' id='word_1_110' title='bbox 327 2244 398 2316; x_wconf 87' lang='lat' dir='ltr'><strong>sius</strong></span> <span class='ocrx_word' id='word_1_111' title='bbox 422 2300 432 2331; x_wconf 87' lang='lat'>‚</span> <span class='ocrx_word' id='word_1_112' title='bbox 459 2271 524 2317; x_wconf 88' lang='lat' dir='ltr'><strong>nec</strong></span> <span class='ocrx_word' id='word_1_113' title='bbox 546 2270 619 2315; x_wconf 89' lang='lat' dir='ltr'><strong>non</strong></span> <span class='ocrx_word' id='word_1_114' title='bbox 641 2242 795 2316; x_wconf 81' lang='lat' dir='ltr'><strong>Ausonii</strong></span> <span class='ocrx_word' id='word_1_115' title='bbox 822 2261 857 2317; x_wconf 90' lang='lat' dir='ltr'><strong>et</strong></span> <span class='ocrx_word' id='word_1_116' title='bbox 886 2242 1070 2318; x_wconf 82' lang='lat' dir='ltr'><strong>Gennadii</strong></span> <span class='ocrx_word' id='word_1_117' title='bbox 1093 2300 1103 2331; x_wconf 86' lang='lat'>‚</span> <span class='ocrx_word' id='word_1_118' title='bbox 1130 2242 1227 2314; x_wconf 90' lang='lat' dir='ltr'><strong>utin</strong></span> <span class='ocrx_word' id='word_1_119' title='bbox 1249 2243 1348 2317; x_wconf 89' lang='lat' dir='ltr'><strong>scho-</strong></span> 
     </span>
     <span class='ocr_line' id='line_1_16' title="bbox 328 2365 1347 2467; baseline 0 -26"><span class='ocrx_word' id='word_1_120' title='bbox 328 2368 383 2441; x_wconf 91' lang='lat' dir='ltr'><strong>liis</strong></span> <span class='ocrx_word' id='word_1_121' title='bbox 411 2365 493 2440; x_wconf 80' lang='lat' dir='ltr'><strong>dixi.</strong></span> <span class='ocrx_word' id='word_1_122' title='bbox 513 2366 590 2440; x_wconf 88' lang='lat' dir='ltr'><strong>lam</strong></span> <span class='ocrx_word' id='word_1_123' title='bbox 617 2368 679 2440; x_wconf 84' lang='lat' dir='ltr'><strong>etsi</strong></span> <span class='ocrx_word' id='word_1_124' title='bbox 705 2367 946 2465; x_wconf 86' lang='lat' dir='ltr'><strong>sagacissimus</strong></span> <span class='ocrx_word' id='word_1_125' title='bbox 972 2367 1172 2467; x_wconf 88' lang='lat' dir='ltr'><strong>priscorum</strong></span> <span class='ocrx_word' id='word_1_126' title='bbox 1200 2396 1347 2465; x_wconf 90' lang='lat' dir='ltr'><strong>operum</strong></span> 
     </span>
     <span class='ocr_line' id='line_1_17' title="bbox 248 2495 1349 2595; baseline 0.004 -29"><span class='ocrx_word' id='word_1_127' title='bbox 248 2544 251 2549; x_wconf 58' lang='lat'>&gt;</span> <span class='ocrx_word' id='word_1_128' title='bbox 327 2512 473 2567; x_wconf 85' lang='lat' dir='ltr'><strong>venator</strong></span> <span class='ocrx_word' id='word_1_129' title='bbox 485 2495 709 2571; x_wconf 87' lang='lat' dir='ltr'><strong>Muratorius</strong></span> <span class='ocrx_word' id='word_1_130' title='bbox 722 2496 906 2570; x_wconf 91' lang='lat' dir='ltr'><strong>cumulum</strong></span> <span class='ocrx_word' id='word_1_131' title='bbox 920 2495 1065 2568; x_wconf 82' lang='lat' dir='ltr'><strong>Paulini</strong></span> <span class='ocrx_word' id='word_1_132' title='bbox 1080 2495 1220 2594; x_wconf 81' lang='lat' dir='ltr'><strong>scriptis</strong></span> <span class='ocrx_word' id='word_1_133' title='bbox 1241 2496 1349 2595; x_wconf 92' lang='lat' dir='ltr'><strong>impo-</strong></span> 
     </span>
     <span class='ocr_line' id='line_1_18' title="bbox 328 2620 1347 2720; baseline 0 -27"><span class='ocrx_word' id='word_1_134' title='bbox 328 2621 440 2695; x_wconf 85' lang='lat' dir='ltr'><strong>suisse</strong></span> <span class='ocrx_word' id='word_1_135' title='bbox 460 2621 662 2711; x_wconf 83' lang='lat' dir='ltr'><strong>videbatur,</strong></span> <span class='ocrx_word' id='word_1_136' title='bbox 683 2621 916 2694; x_wconf 86' lang='lat' dir='ltr'><strong>nihilominus</strong></span> <span class='ocrx_word' id='word_1_137' title='bbox 936 2648 1024 2693; x_wconf 89' lang='lat' dir='ltr'><strong>nova</strong></span> <span class='ocrx_word' id='word_1_138' title='bbox 1043 2620 1156 2694; x_wconf 90' lang='lat' dir='ltr'><strong>adhuc</strong></span> <span class='ocrx_word' id='word_1_139' title='bbox 1175 2621 1347 2720; x_wconf 88' lang='lat' dir='ltr'><strong>speranda</strong></span> 
     </span>
     <span class='ocr_line' id='line_1_19' title="bbox 324 2743 1346 2846; baseline -0.002 -27"><span class='ocrx_word' id='word_1_140' title='bbox 324 2745 578 2843; x_wconf 86' lang='lat' dir='ltr'><strong>Mingarellius</strong></span> <span class='ocrx_word' id='word_1_141' title='bbox 598 2744 747 2834; x_wconf 90' lang='lat' dir='ltr'><strong>docuit,</strong></span> <span class='ocrx_word' id='word_1_142' title='bbox 768 2747 830 2845; x_wconf 92' lang='lat' dir='ltr'><strong>qui</strong></span> <span class='ocrx_word' id='word_1_143' title='bbox 850 2743 942 2816; x_wconf 92' lang='lat' dir='ltr'><strong>illius</strong></span> <span class='ocrx_word' id='word_1_144' title='bbox 965 2771 1085 2816; x_wconf 87' lang='lat' dir='ltr'><strong>versus</strong></span> <span class='ocrx_word' id='word_1_145' title='bbox 1111 2745 1346 2846; x_wconf 85' lang='lat' dir='ltr'><strong>quinquagin-</strong></span> 
     </span>
     <span class='ocr_line' id='line_1_20' title="bbox 325 2867 1344 2968; baseline -0.001 -28"><span class='ocrx_word' id='word_1_146' title='bbox 325 2886 359 2941; x_wconf 89' lang='lat' dir='ltr'><strong>ta</strong></span> <span class='ocrx_word' id='word_1_147' title='bbox 387 2870 531 2945; x_wconf 80' lang='lat' dir='ltr'><strong>circiter</strong></span> <span class='ocrx_word' id='word_1_148' title='bbox 551 2870 589 2942; x_wconf 92' lang='lat' dir='ltr'><strong>in</strong></span> <span class='ocrx_word' id='word_1_149' title='bbox 611 2869 795 2943; x_wconf 85' lang='lat' dir='ltr'><strong>anecdotis</strong></span> <span class='ocrx_word' id='word_1_150' title='bbox 815 2870 990 2968; x_wconf 86' lang='lat' dir='ltr'><strong>protulit,</strong></span> <span class='ocrx_word' id='word_1_151' title='bbox 1011 2868 1196 2968; x_wconf 84' lang='lat' dir='ltr'><strong>multoque</strong></span> <span class='ocrx_word' id='word_1_152' title='bbox 1223 2867 1344 2967; x_wconf 87' lang='lat' dir='ltr'><strong>plures</strong></span> 
     </span>
     <span class='ocr_line' id='line_1_21' title="bbox 326 2993 1345 3094; baseline -0.003 -26"><span class='ocrx_word' id='word_1_153' title='bbox 326 3024 390 3069; x_wconf 91' lang='lat' dir='ltr'><strong>nos</strong></span> <span class='ocrx_word' id='word_1_154' title='bbox 410 2994 728 3069; x_wconf 80' lang='lat' dir='ltr'><strong>demonstravimus</strong></span> <span class='ocrx_word' id='word_1_155' title='bbox 741 3052 750 3084; x_wconf 89' lang='lat'>,</span> <span class='ocrx_word' id='word_1_156' title='bbox 762 2995 825 3094; x_wconf 91' lang='lat' dir='ltr'><strong>qui</strong></span> <span class='ocrx_word' id='word_1_157' title='bbox 845 2993 947 3093; x_wconf 89' lang='lat' dir='ltr'><strong>paulo</strong></span> <span class='ocrx_word' id='word_1_158' title='bbox 966 2994 1085 3067; x_wconf 90' lang='lat' dir='ltr'><strong>minus</strong></span> <span class='ocrx_word' id='word_1_159' title='bbox 1104 2993 1274 3066; x_wconf 81' lang='lat' dir='ltr'><strong>trecentis</strong></span> <span class='ocrx_word' id='word_1_160' title='bbox 1286 2993 1345 3065; x_wconf 90' lang='lat' dir='ltr'><strong>de·</strong></span> 
     </span>
     <span class='ocr_line' id='line_1_22' title="bbox 325 3118 1343 3219; baseline -0.002 -26"><span class='ocrx_word' id='word_1_161' title='bbox 325 3120 815 3196; x_wconf 86' lang='lat' dir='ltr'><strong>dimuslmmoMuratorius</strong></span> <span class='ocrx_word' id='word_1_162' title='bbox 836 3149 881 3193; x_wconf 84' lang='lat' dir='ltr'><strong>ne</strong></span> <span class='ocrx_word' id='word_1_163' title='bbox 906 3120 1023 3193; x_wconf 91' lang='lat' dir='ltr'><strong>omnia</strong></span> <span class='ocrx_word' id='word_1_164' title='bbox 1042 3118 1187 3219; x_wconf 89' lang='lat' dir='ltr'><strong>quidem</strong></span> <span class='ocrx_word' id='word_1_165' title='bbox 1203 3137 1286 3192; x_wconf 90' lang='lat' dir='ltr'><strong>ante</strong></span> <span class='ocrx_word' id='word_1_166' title='bbox 1307 3148 1343 3193; x_wconf 93' lang='lat' dir='ltr'><strong>se</strong></span> 
     </span>
     <span class='ocr_line' id='line_1_23' title="bbox 323 3242 1344 3346; baseline 0 -32"><span class='ocrx_word' id='word_1_167' title='bbox 323 3243 417 3318; x_wconf 87' lang='lat' dir='ltr'><strong>edita</strong></span> <span class='ocrx_word' id='word_1_168' title='bbox 439 3244 584 3319; x_wconf 88' lang='lat' dir='ltr'><strong>Paulini</strong></span> <span class='ocrx_word' id='word_1_169' title='bbox 603 3247 734 3346; x_wconf 89' lang='lat' dir='ltr'><strong>scripta</strong></span> <span class='ocrx_word' id='word_1_170' title='bbox 755 3245 943 3342; x_wconf 84' lang='lat' dir='ltr'><strong>cognovit:</strong></span> <span class='ocrx_word' id='word_1_171' title='bbox 963 3273 1003 3317; x_wconf 83' lang='lat' dir='ltr'><strong>ex</strong></span> <span class='ocrx_word' id='word_1_172' title='bbox 1023 3242 1132 3314; x_wconf 92' lang='lat' dir='ltr'><strong>huius</strong></span> <span class='ocrx_word' id='word_1_173' title='bbox 1154 3242 1251 3315; x_wconf 90' lang='lat' dir='ltr'><strong>enim</strong></span> <span class='ocrx_word' id='word_1_174' title='bbox 1274 3260 1344 3314; x_wconf 83' lang='lat' dir='ltr'><strong>tra-</strong></span> 
     </span>
     <span class='ocr_line' id='line_1_24' title="bbox 321 3364 1340 3471; baseline -0.001 -32"><span class='ocrx_word' id='word_1_175' title='bbox 321 3385 417 3442; x_wconf 90' lang='lat' dir='ltr'><strong>ctatu</strong></span> <span class='ocrx_word' id='word_1_176' title='bbox 436 3370 481 3445; x_wconf 79' lang='lat' dir='ltr'><strong>da</strong></span> <span class='ocrx_word' id='word_1_177' title='bbox 498 3375 749 3471; x_wconf 78' lang='lat' dir='ltr'><strong>paenitentia,</strong></span> <span class='ocrx_word' id='word_1_178' title='bbox 778 3368 872 3471; x_wconf 89' lang='lat' dir='ltr'><strong>quod</strong></span> <span class='ocrx_word' id='word_1_179' title='bbox 901 3366 1112 3440; x_wconf 82' lang='lat' dir='ltr'><strong>Gennadius</strong></span> <span class='ocrx_word' id='word_1_180' title='bbox 1140 3367 1182 3438; x_wconf 87' lang='lat' dir='ltr'><strong>de</strong></span> <span class='ocrx_word' id='word_1_181' title='bbox 1209 3365 1272 3438; x_wconf 88' lang='lat' dir='ltr'><strong>vir.</strong></span> <span class='ocrx_word' id='word_1_182' title='bbox 1293 3364 1340 3438; x_wconf 92' lang='lat' dir='ltr'><strong>ill.</strong></span> 
     </span>
     <span class='ocr_line' id='line_1_25' title="bbox 322 3491 1342 3592; baseline 0 -29"><span class='ocrx_word' id='word_1_183' title='bbox 322 3517 396 3592; x_wconf 82' lang='lat' dir='ltr'><strong>cap.</strong></span> <span class='ocrx_word' id='word_1_184' title='bbox 417 3492 476 3569; x_wconf 78' lang='lat'><strong>68.</strong></span> <span class='ocrx_word' id='word_1_185' title='bbox 500 3511 749 3569; x_wconf 89' lang='lat' dir='ltr'><strong>commemorat</strong></span> <span class='ocrx_word' id='word_1_186' title='bbox 771 3552 780 3584; x_wconf 80' lang='grc'><em>,</em></span> <span class='ocrx_word' id='word_1_187' title='bbox 807 3496 1046 3591; x_wconf 80' lang='lat' dir='ltr'><strong>fragmentum</strong></span> <span class='ocrx_word' id='word_1_188' title='bbox 1067 3491 1178 3564; x_wconf 90' lang='lat' dir='ltr'><strong>unius</strong></span> <span class='ocrx_word' id='word_1_189' title='bbox 1197 3491 1342 3589; x_wconf 86' lang='lat' dir='ltr'><strong>paginae</strong></span> 
     </span>
     <span class='ocr_line' id='line_1_26' title="bbox 324 3614 1343 3725; baseline -0.003 -36"><span class='ocrx_word' id='word_1_190' title='bbox 324 3616 367 3689; x_wconf 91' lang='lat' dir='ltr'><strong>ab</strong></span> <span class='ocrx_word' id='word_1_191' title='bbox 380 3614 566 3692; x_wconf 82' lang='lat' dir='ltr'><strong>Holstenio</strong></span> <span class='ocrx_word' id='word_1_192' title='bbox 587 3620 670 3693; x_wconf 90' lang='lat' dir='ltr'><strong>olim</strong></span> <span class='ocrx_word' id='word_1_193' title='bbox 689 3619 728 3693; x_wconf 89' lang='lat' dir='ltr'><strong>in</strong></span> <span class='ocrx_word' id='word_1_194' title='bbox 750 3619 943 3718; x_wconf 82' lang='lat' dir='ltr'><strong>appendice</strong></span> <span class='ocrx_word' id='word_1_195' title='bbox 960 3617 1003 3689; x_wconf 91' lang='lat' dir='ltr'><strong>ad</strong></span> <span class='ocrx_word' id='word_1_196' title='bbox 1012 3616 1187 3725; x_wconf 51' lang='lat' dir='ltr'><strong>&#39;codicem</strong></span> <span class='ocrx_word' id='word_1_197' title='bbox 1207 3616 1343 3712; x_wconf 85' lang='lat' dir='ltr'><strong>regula·</strong></span> 
     </span>
     <span class='ocr_line' id='line_1_27' title="bbox 322 3737 1343 3842; baseline 0.004 -32"><span class='ocrx_word' id='word_1_198' title='bbox 322 3737 403 3811; x_wconf 81' lang='lat' dir='ltr'><strong>ruin</strong></span> <span class='ocrx_word' id='word_1_199' title='bbox 428 3743 591 3834; x_wconf 85' lang='lat' dir='ltr'><strong>editum,</strong></span> <span class='ocrx_word' id='word_1_200' title='bbox 612 3744 836 3818; x_wconf 80' lang='lat' dir='ltr'><strong>llluratorius</strong></span> <span class='ocrx_word' id='word_1_201' title='bbox 855 3745 1027 3833; x_wconf 84' lang='lat' dir='ltr'><strong>nescivit,</strong></span> <span class='ocrx_word' id='word_1_202' title='bbox 1049 3744 1197 3842; x_wconf 84' lang='lat' dir='ltr'><strong>ideoque</strong></span> <span class='ocrx_word' id='word_1_203' title='bbox 1219 3744 1257 3815; x_wconf 91' lang='lat' dir='ltr'><strong>in</strong></span> <span class='ocrx_word' id='word_1_204' title='bbox 1278 3770 1343 3814; x_wconf 88' lang='lat' dir='ltr'><strong>sua</strong></span> 
     </span>
     <span class='ocr_line' id='line_1_28' title="bbox 319 3867 1343 3945; baseline -0.001 -6"><span class='ocrx_word' id='word_1_205' title='bbox 319 3870 505 3943; x_wconf 88' lang='lat' dir='ltr'><strong>veronensi</strong></span> <span class='ocrx_word' id='word_1_206' title='bbox 517 3868 661 3945; x_wconf 90' lang='lat' dir='ltr'><strong>Paulini</strong></span> <span class='ocrx_word' id='word_1_207' title='bbox 685 3870 838 3944; x_wconf 82' lang='lat' dir='ltr'><strong>editione</strong></span> <span class='ocrx_word' id='word_1_208' title='bbox 861 3900 934 3944; x_wconf 91' lang='lat' dir='ltr'><strong>non</strong></span> <span class='ocrx_word' id='word_1_209' title='bbox 954 3869 1147 3943; x_wconf 88' lang='lat' dir='ltr'><strong>collocavit.</strong></span> <span class='ocrx_word' id='word_1_210' title='bbox 1162 3867 1258 3940; x_wconf 81' lang='lat' dir='ltr'><strong>Nihil</strong></span> <span class='ocrx_word' id='word_1_211' title='bbox 1271 3893 1343 3939; x_wconf 90' lang='lat' dir='ltr'><strong>mo·</strong></span> 
     </span>
     <span class='ocr_line' id='line_1_29' title="bbox 318 3993 1342 4097; baseline -0.002 -28"><span class='ocrx_word' id='word_1_212' title='bbox 318 4023 375 4070; x_wconf 91' lang='lat' dir='ltr'><strong>ror</strong></span> <span class='ocrx_word' id='word_1_213' title='bbox 407 3993 640 4071; x_wconf 88' lang='lat' dir='ltr'><strong>Becchetium</strong></span> <span class='ocrx_word' id='word_1_214' title='bbox 664 4055 673 4087; x_wconf 83' lang='lat'>,</span> <span class='ocrx_word' id='word_1_215' title='bbox 700 4026 806 4097; x_wconf 90' lang='lat' dir='ltr'><strong>quem</strong></span> <span class='ocrx_word' id='word_1_216' title='bbox 833 3998 914 4071; x_wconf 81' lang='lat' dir='ltr'><strong>alibi</strong></span> <span class='ocrx_word' id='word_1_217' title='bbox 941 3998 1011 4069; x_wconf 90' lang='lat' dir='ltr'><strong>iam</strong></span> <span class='ocrx_word' id='word_1_218' title='bbox 1039 3993 1183 4092; x_wconf 84' lang='lat' dir='ltr'><strong>coargui</strong></span> <span class='ocrx_word' id='word_1_219' title='bbox 1215 4052 1224 4083; x_wconf 88' lang='lat'>,</span> <span class='ocrx_word' id='word_1_220' title='bbox 1252 3993 1342 4067; x_wconf 89' lang='lat' dir='ltr'><strong>dum</strong></span> 
     </span>
    </p>
   </div>
   <div class='ocr_carea' id='block_1_5' title="bbox 0 0 1696 5206">
    <p class='ocr_par' dir='ltr' id='par_1_5' title="bbox 0 0 1696 5206">
     <span class='ocr_line' id='line_1_30' title="bbox 0 0 1696 5206; baseline 0 1"><span class='ocrx_word' id='word_1_221' title='bbox 0 0 1696 5206; x_wconf 95' lang='lat' dir='ltr'><strong> </strong></span> 
     </span>
    </p>
   </div>
  </div>
 </body>
</html>
