<?xml version="1.0" encoding="UTF-8"?>
<!DOCTYPE html PUBLIC "-//W3C//DTD XHTML 1.0 Transitional//EN"
    "http://www.w3.org/TR/xhtml1/DTD/xhtml1-transitional.dtd">
<html xmlns="http://www.w3.org/1999/xhtml" xml:lang="en" lang="en">
 <head>
  <title>
</title>
<meta http-equiv="Content-Type" content="text/html;charset=utf-8" />
  <meta name='ocr-system' content='tesseract 3.04.00' />
  <meta name='ocr-capabilities' content='ocr_page ocr_carea ocr_par ocr_line ocrx_word'/>
</head>
<body>
  <div class='ocr_page' id='page_1' title='image "./classicorumauct00vatigoog_0411.png"; bbox 0 0 3382 5206; ppageno 0'>
   <div class='ocr_carea' id='block_1_1' title="bbox 553 557 1333 650">
    <p class='ocr_par' dir='ltr' id='par_1_1' title="bbox 553 557 1333 650">
     <span class='ocr_line' id='line_1_1' title="bbox 553 557 1333 650; baseline 0.008 -24"><span class='ocrx_word' id='word_1_1' title='bbox 553 578 797 642; x_wconf 69' lang='lat' dir='ltr'>Quamrronrs</span> <span class='ocrx_word' id='word_1_2' title='bbox 822 577 1138 639; x_wconf 75' lang='lat' dir='ltr'>catnnsrrcsnas.</span> <span class='ocrx_word' id='word_1_3' title='bbox 1263 557 1333 650; x_wconf 63' lang='lat'>3⁴3</span> 
     </span>
    </p>
   </div>
   <div class='ocr_carea' id='block_1_2' title="bbox 326 695 1363 1661">
    <p class='ocr_par' dir='ltr' id='par_1_2' title="bbox 326 695 1363 1661">
     <span class='ocr_line' id='line_1_2' title="bbox 326 695 1356 784; baseline 0.001 -25"><span class='ocrx_word' id='word_1_4' title='bbox 326 709 374 759; x_wconf 83' lang='lat' dir='ltr'>eat</span> <span class='ocrx_word' id='word_1_5' title='bbox 388 713 443 756; x_wconf 86' lang='lat' dir='ltr'>·es·</span> <span class='ocrx_word' id='word_1_6' title='bbox 453 741 463 775; x_wconf 98' lang='lat'>,</span> <span class='ocrx_word' id='word_1_7' title='bbox 474 710 506 761; x_wconf 92' lang='lat' dir='ltr'>et</span> <span class='ocrx_word' id='word_1_8' title='bbox 519 717 557 760; x_wconf 86' lang='lat' dir='ltr'>er</span> <span class='ocrx_word' id='word_1_9' title='bbox 571 719 608 761; x_wconf 89' lang='lat' dir='ltr'>eo</span> <span class='ocrx_word' id='word_1_10' title='bbox 624 698 812 784; x_wconf 85' lang='lat' dir='ltr'>composita,</span> <span class='ocrx_word' id='word_1_11' title='bbox 823 696 858 760; x_wconf 88' lang='lat' dir='ltr'>in</span> <span class='ocrx_word' id='word_1_12' title='bbox 876 696 1017 763; x_wconf 88' lang='lat' dir='ltr'>secunda</span> <span class='ocrx_word' id='word_1_13' title='bbox 1035 719 1172 784; x_wconf 84' lang='lat' dir='ltr'>persona</span> <span class='ocrx_word' id='word_1_14' title='bbox 1184 695 1286 762; x_wconf 79' lang='lat' dir='ltr'>breve</span> <span class='ocrx_word' id='word_1_15' title='bbox 1299 713 1356 762; x_wconf 81' lang='lat' dir='ltr'>est.</span> 
     </span>
     <span class='ocr_line' id='line_1_3' title="bbox 330 803 1358 898; baseline 0.001 -28"><span class='ocrx_word' id='word_1_16' title='bbox 330 807 396 872; x_wconf 91' lang='lat' dir='ltr'>Nos</span> <span class='ocrx_word' id='word_1_17' title='bbox 415 823 525 872; x_wconf 88' lang='lat' dir='ltr'>tamen</span> <span class='ocrx_word' id='word_1_18' title='bbox 546 803 693 898; x_wconf 89' lang='lat' dir='ltr'>regulam</span> <span class='ocrx_word' id='word_1_19' title='bbox 711 808 754 873; x_wconf 93' lang='lat' dir='ltr'>ob</span> <span class='ocrx_word' id='word_1_20' title='bbox 776 807 811 872; x_wconf 89' lang='lat' dir='ltr'>id</span> <span class='ocrx_word' id='word_1_21' title='bbox 833 809 867 872; x_wconf 88' lang='lat' dir='ltr'>in</span> <span class='ocrx_word' id='word_1_22' title='bbox 888 805 1038 894; x_wconf 81' lang='lat' dir='ltr'>praelatis</span> <span class='ocrx_word' id='word_1_23' title='bbox 1057 807 1262 896; x_wconf 76' lang='lat' dir='ltr'>temporibus</span> <span class='ocrx_word' id='word_1_24' title='bbox 1282 831 1358 873; x_wconf 87' lang='lat' dir='ltr'>con·</span> 
     </span>
     <span class='ocr_line' id='line_1_4' title="bbox 329 914 1360 1006; baseline 0 -26"><span class='ocrx_word' id='word_1_25' title='bbox 329 915 462 980; x_wconf 89' lang='lat' dir='ltr'>iunctivi</span> <span class='ocrx_word' id='word_1_26' title='bbox 486 915 580 981; x_wconf 90' lang='lat' dir='ltr'>flocci</span> <span class='ocrx_word' id='word_1_27' title='bbox 609 914 808 1004; x_wconf 81' lang='lat' dir='ltr'><strong>pendimus,</strong></span> <span class='ocrx_word' id='word_1_28' title='bbox 832 918 909 1006; x_wconf 87' lang='lat' dir='ltr'>qnia</span> <span class='ocrx_word' id='word_1_29' title='bbox 934 917 967 980; x_wconf 92' lang='lat' dir='ltr'>in</span> <span class='ocrx_word' id='word_1_30' title='bbox 993 933 1097 984; x_wconf 89' lang='lat' dir='ltr'>metro</span> <span class='ocrx_word' id='word_1_31' title='bbox 1121 914 1222 984; x_wconf 89' lang='lat' dir='ltr'>semel</span> <span class='ocrx_word' id='word_1_32' title='bbox 1244 915 1360 981; x_wconf 84' lang='lat' dir='ltr'>inven-</span> 
     </span>
     <span class='ocr_line' id='line_1_5' title="bbox 331 1022 1358 1116; baseline 0.002 -28"><span class='ocrx_word' id='word_1_33' title='bbox 331 1041 395 1088; x_wconf 92' lang='lat' dir='ltr'>tam</span> <span class='ocrx_word' id='word_1_34' title='bbox 415 1023 546 1090; x_wconf 81' lang='lat' dir='ltr'>Servius</span> <span class='ocrx_word' id='word_1_35' title='bbox 567 1046 630 1110; x_wconf 90' lang='lat' dir='ltr'>per</span> <span class='ocrx_word' id='word_1_36' title='bbox 654 1022 805 1115; x_wconf 79' lang='lat' dir='ltr'>systolam</span> <span class='ocrx_word' id='word_1_37' title='bbox 829 1022 929 1088; x_wconf 77' lang='lat' dir='ltr'>tradit</span> <span class='ocrx_word' id='word_1_38' title='bbox 951 1022 1134 1116; x_wconf 89' lang='lat' dir='ltr'>legendam.</span> <span class='ocrx_word' id='word_1_39' title='bbox 1161 1026 1273 1092; x_wconf 84' lang='lat' dir='ltr'>Meam</span> <span class='ocrx_word' id='word_1_40' title='bbox 1295 1024 1358 1095; x_wconf 84' lang='lat' dir='ltr'>de·</span> 
     </span>
     <span class='ocr_line' id='line_1_6' title="bbox 331 1132 1358 1225; baseline 0.003 -30"><span class='ocrx_word' id='word_1_41' title='bbox 331 1132 430 1221; x_wconf 89' lang='lat' dir='ltr'>nique</span> <span class='ocrx_word' id='word_1_42' title='bbox 458 1132 742 1222; x_wconf 79' lang='lat' dir='ltr'>reprehensionem</span> <span class='ocrx_word' id='word_1_43' title='bbox 770 1157 833 1199; x_wconf 92' lang='lat' dir='ltr'>non</span> <span class='ocrx_word' id='word_1_44' title='bbox 852 1135 952 1223; x_wconf 84' lang='lat' dir='ltr'>pudet</span> <span class='ocrx_word' id='word_1_45' title='bbox 971 1135 1061 1202; x_wconf 79' lang='lat' dir='ltr'>robis</span> <span class='ocrx_word' id='word_1_46' title='bbox 1083 1157 1271 1225; x_wconf 79' lang='lat' dir='ltr'>exponere,</span> <span class='ocrx_word' id='word_1_47' title='bbox 1302 1136 1358 1225; x_wconf 91' lang='lat' dir='ltr'>qui</span> 
     </span>
     <span class='ocr_line' id='line_1_7' title="bbox 332 1237 1361 1334; baseline 0.002 -28"><span class='ocrx_word' id='word_1_48' title='bbox 332 1265 406 1306; x_wconf 84' lang='lat' dir='ltr'>curn</span> <span class='ocrx_word' id='word_1_49' title='bbox 435 1239 612 1332; x_wconf 85' lang='lat' dir='ltr'>aliquando</span> <span class='ocrx_word' id='word_1_50' title='bbox 641 1243 769 1313; x_wconf 86' lang='lat' dir='ltr'>cuidam</span> <span class='ocrx_word' id='word_1_51' title='bbox 794 1243 932 1311; x_wconf 80' lang='lat' dir='ltr'>fratrum</span> <span class='ocrx_word' id='word_1_52' title='bbox 959 1247 1091 1312; x_wconf 75' lang='lat' dir='ltr'>vestrati</span> <span class='ocrx_word' id='word_1_53' title='bbox 1116 1237 1294 1334; x_wconf 78' lang='lat' dir='ltr'>proferenti</span> <span class='ocrx_word' id='word_1_54' title='bbox 1325 1268 1361 1309; x_wconf 78' lang='lat' dir='ltr'>er</span> 
     </span>
     <span class='ocr_line' id='line_1_8' title="bbox 333 1350 1361 1443; baseline 0.006 -28"><span class='ocrx_word' id='word_1_55' title='bbox 333 1350 428 1418; x_wconf 89' lang='lat' dir='ltr'>libris</span> <span class='ocrx_word' id='word_1_56' title='bbox 446 1351 623 1418; x_wconf 81' lang='lat' dir='ltr'>moralibus</span> <span class='ocrx_word' id='word_1_57' title='bbox 645 1351 913 1443; x_wconf 80' lang='lat' dir='ltr'>myrmicoleonta</span> <span class='ocrx_word' id='word_1_58' title='bbox 935 1378 1096 1421; x_wconf 77' lang='lat' dir='ltr'>assensum</span> <span class='ocrx_word' id='word_1_59' title='bbox 1117 1354 1361 1442; x_wconf 74' lang='lat' dir='ltr'>praebuissem,</span> 
     </span>
     <span class='ocr_line' id='line_1_9' title="bbox 333 1461 1363 1551; baseline 0.002 -24"><span class='ocrx_word' id='word_1_60' title='bbox 333 1486 467 1529; x_wconf 86' lang='lat' dir='ltr'>sannam</span> <span class='ocrx_word' id='word_1_61' title='bbox 486 1486 593 1551; x_wconf 85' lang='lat' dir='ltr'>passus</span> <span class='ocrx_word' id='word_1_62' title='bbox 616 1463 741 1531; x_wconf 78' lang='lat' dir='ltr'>reticui</span> <span class='ocrx_word' id='word_1_63' title='bbox 769 1461 837 1530; x_wconf 87' lang='lat' dir='ltr'>Sed</span> <span class='ocrx_word' id='word_1_64' title='bbox 858 1482 968 1530; x_wconf 89' lang='lat' dir='ltr'>tamen</span> <span class='ocrx_word' id='word_1_65' title='bbox 990 1463 1093 1531; x_wconf 77' lang='lat' dir='ltr'>illesi</span> <span class='ocrx_word' id='word_1_66' title='bbox 1120 1461 1363 1531; x_wconf 84' lang='lat' dir='ltr'>animadvertis·</span> 
     </span>
     <span class='ocr_line' id='line_1_10' title="bbox 330 1570 1360 1661; baseline -0.002 -22"><span class='ocrx_word' id='word_1_67' title='bbox 330 1589 379 1639; x_wconf 85' lang='lat' dir='ltr'>set</span> <span class='ocrx_word' id='word_1_68' title='bbox 400 1575 435 1639; x_wconf 93' lang='lat' dir='ltr'>in</span> <span class='ocrx_word' id='word_1_69' title='bbox 460 1572 575 1641; x_wconf 91' lang='lat' dir='ltr'>eodem</span> <span class='ocrx_word' id='word_1_70' title='bbox 598 1570 685 1638; x_wconf 90' lang='lat' dir='ltr'>libro</span> <span class='ocrx_word' id='word_1_71' title='bbox 704 1573 882 1661; x_wconf 86' lang='lat' dir='ltr'>genitivum</span> <span class='ocrx_word' id='word_1_72' title='bbox 903 1574 1194 1656; x_wconf 86' lang='lat' dir='ltr'>mirmicoleontis,</span> <span class='ocrx_word' id='word_1_73' title='bbox 1212 1595 1281 1641; x_wconf 89' lang='lat' dir='ltr'>non</span> <span class='ocrx_word' id='word_1_74' title='bbox 1300 1595 1360 1639; x_wconf 86' lang='lat' dir='ltr'>ne·</span> 
     </span>
    </p>
   </div>
   <div class='ocr_carea' id='block_1_3' title="bbox 333 1675 1470 1775">
    <p class='ocr_par' dir='ltr' id='par_1_3' title="bbox 333 1675 1470 1775">
     <span class='ocr_line' id='line_1_11' title="bbox 333 1675 1470 1775; baseline 0.001 -29"><span class='ocrx_word' id='word_1_75' title='bbox 333 1702 425 1775; x_wconf 89' lang='lat' dir='ltr'>garet</span> <span class='ocrx_word' id='word_1_76' title='bbox 442 1710 559 1751; x_wconf 88' lang='lat' dir='ltr'>nomen</span> <span class='ocrx_word' id='word_1_77' title='bbox 583 1683 817 1775; x_wconf 78' lang='lat' dir='ltr'>appellativum</span> <span class='ocrx_word' id='word_1_78' title='bbox 836 1681 983 1752; x_wconf 83' lang='lat' dir='ltr'>desinere</span> <span class='ocrx_word' id='word_1_79' title='bbox 1000 1687 1036 1751; x_wconf 92' lang='lat' dir='ltr'>in</span> <span class='ocrx_word' id='word_1_80' title='bbox 1050 1709 1138 1770; x_wconf 86' lang='lat' dir='ltr'>·on·,</span> <span class='ocrx_word' id='word_1_81' title='bbox 1162 1684 1253 1751; x_wconf 83' lang='lat' dir='ltr'>cuius</span> <span class='ocrx_word' id='word_1_82' title='bbox 1266 1685 1362 1775; x_wconf 85' lang='lat' dir='ltr'>geni·</span> <span class='ocrx_word' id='word_1_83' title='bbox 1467 1675 1470 1679; x_wconf 57' lang='grc'><strong>’</strong></span> 
     </span>
    </p>
   </div>
   <div class='ocr_carea' id='block_1_4' title="bbox 336 1793 1457 3639">
    <p class='ocr_par' dir='ltr' id='par_1_4' title="bbox 336 1793 1358 1976">
     <span class='ocr_line' id='line_1_12' title="bbox 336 1793 1358 1886; baseline 0.003 -27"><span class='ocrx_word' id='word_1_84' title='bbox 336 1797 417 1859; x_wconf 88' lang='lat' dir='ltr'>tivns</span> <span class='ocrx_word' id='word_1_85' title='bbox 439 1796 534 1861; x_wconf 86' lang='lat' dir='ltr'>etiam</span> <span class='ocrx_word' id='word_1_86' title='bbox 556 1794 711 1885; x_wconf 87' lang='lat' dir='ltr'>simplicis</span> <span class='ocrx_word' id='word_1_87' title='bbox 730 1818 821 1862; x_wconf 88' lang='lat' dir='ltr'>more</span> <span class='ocrx_word' id='word_1_88' title='bbox 836 1819 935 1886; x_wconf 89' lang='lat' dir='ltr'>greco</span> <span class='ocrx_word' id='word_1_89' title='bbox 955 1798 1008 1863; x_wconf 88' lang='lat' dir='ltr'>·T·</span> <span class='ocrx_word' id='word_1_90' title='bbox 1023 1797 1181 1879; x_wconf 85' lang='lat' dir='ltr'>assumit,</span> <span class='ocrx_word' id='word_1_91' title='bbox 1204 1815 1241 1865; x_wconf 85' lang='lat' dir='ltr'>ut</span> <span class='ocrx_word' id='word_1_92' title='bbox 1258 1793 1358 1880; x_wconf 89' lang='lat' dir='ltr'>leon,</span> 
     </span>
     <span class='ocr_line' id='line_1_13' title="bbox 337 1905 462 1976; baseline 0.008 -5"><span class='ocrx_word' id='word_1_93' title='bbox 337 1905 462 1976; x_wconf 88' lang='lat' dir='ltr'>leontis.</span> 
     </span>
    </p>

    <p class='ocr_par' dir='ltr' id='par_1_5' title="bbox 336 2013 1457 3639">
     <span class='ocr_line' id='line_1_14' title="bbox 432 2013 1363 2109; baseline 0.001 -30"><span class='ocrx_word' id='word_1_94' title='bbox 432 2016 480 2081; x_wconf 74' lang='lat'>16.</span> <span class='ocrx_word' id='word_1_95' title='bbox 505 2016 592 2082; x_wconf 82' lang='lat' dir='ltr'>llaec</span> <span class='ocrx_word' id='word_1_96' title='bbox 607 2013 639 2080; x_wconf 92' lang='lat' dir='ltr'>in</span> <span class='ocrx_word' id='word_1_97' title='bbox 653 2039 716 2083; x_wconf 89' lang='lat' dir='ltr'>·on·</span> <span class='ocrx_word' id='word_1_98' title='bbox 739 2019 946 2084; x_wconf 87' lang='lat' dir='ltr'>terminantia</span> <span class='ocrx_word' id='word_1_99' title='bbox 960 2040 1077 2109; x_wconf 88' lang='lat' dir='ltr'>graeca</span> <span class='ocrx_word' id='word_1_100' title='bbox 1091 2066 1102 2100; x_wconf 98' lang='lat'>,</span> <span class='ocrx_word' id='word_1_101' title='bbox 1117 2041 1200 2108; x_wconf 89' lang='lat' dir='ltr'>quae</span> <span class='ocrx_word' id='word_1_102' title='bbox 1214 2013 1300 2104; x_wconf 84' lang='lat' dir='ltr'>apud</span> <span class='ocrx_word' id='word_1_103' title='bbox 1317 2013 1363 2082; x_wconf 92' lang='lat' dir='ltr'>il·</span> 
     </span>
     <span class='ocr_line' id='line_1_15' title="bbox 338 2122 1364 2217; baseline -0.002 -25"><span class='ocrx_word' id='word_1_104' title='bbox 338 2126 385 2192; x_wconf 86' lang='lat' dir='ltr'>los</span> <span class='ocrx_word' id='word_1_105' title='bbox 400 2122 610 2213; x_wconf 84' lang='lat' dir='ltr'>penultimam</span> <span class='ocrx_word' id='word_1_106' title='bbox 621 2127 755 2216; x_wconf 81' lang='lat' dir='ltr'>genitivi</span> <span class='ocrx_word' id='word_1_107' title='bbox 766 2125 949 2215; x_wconf 90' lang='lat' dir='ltr'>producunt</span> <span class='ocrx_word' id='word_1_108' title='bbox 960 2144 991 2196; x_wconf 93' lang='lat' dir='ltr'>et</span> <span class='ocrx_word' id='word_1_109' title='bbox 1004 2129 1204 2217; x_wconf 90' lang='lat' dir='ltr'>corripiunt,</span> <span class='ocrx_word' id='word_1_110' title='bbox 1214 2123 1364 2216; x_wconf 84' lang='lat' dir='ltr'>aliquan·</span> 
     </span>
     <span class='ocr_line' id='line_1_16' title="bbox 338 2234 1362 2326; baseline 0 -27"><span class='ocrx_word' id='word_1_111' title='bbox 338 2236 380 2300; x_wconf 92' lang='lat' dir='ltr'>do</span> <span class='ocrx_word' id='word_1_112' title='bbox 407 2259 496 2302; x_wconf 90' lang='lat' dir='ltr'>more</span> <span class='ocrx_word' id='word_1_113' title='bbox 513 2235 688 2300; x_wconf 91' lang='lat' dir='ltr'>latinorum</span> <span class='ocrx_word' id='word_1_114' title='bbox 711 2237 879 2302; x_wconf 88' lang='lat' dir='ltr'>nominum</span> <span class='ocrx_word' id='word_1_115' title='bbox 901 2236 989 2326; x_wconf 89' lang='lat' dir='ltr'>apud</span> <span class='ocrx_word' id='word_1_116' title='bbox 1003 2262 1059 2304; x_wconf 89' lang='lat' dir='ltr'>nos</span> <span class='ocrx_word' id='word_1_117' title='bbox 1078 2237 1112 2301; x_wconf 89' lang='lat' dir='ltr'>in</span> <span class='ocrx_word' id='word_1_118' title='bbox 1132 2259 1171 2302; x_wconf 69' lang='grc' dir='ltr'>σοι</span> <span class='ocrx_word' id='word_1_119' title='bbox 1190 2234 1362 2312; x_wconf 73' lang='lat' dir='ltr'>desinunt,</span> 
     </span>
     <span class='ocr_line' id='line_1_17' title="bbox 338 2342 1457 2434; baseline -0.004 -21"><span class='ocrx_word' id='word_1_120' title='bbox 338 2364 370 2413; x_wconf 91' lang='lat' dir='ltr'>et</span> <span class='ocrx_word' id='word_1_121' title='bbox 386 2363 463 2409; x_wconf 90' lang='lat' dir='ltr'>tunc</span> <span class='ocrx_word' id='word_1_122' title='bbox 487 2343 624 2410; x_wconf 90' lang='lat' dir='ltr'>eandem</span> <span class='ocrx_word' id='word_1_123' title='bbox 650 2343 792 2410; x_wconf 85' lang='lat' dir='ltr'>litteram</span> <span class='ocrx_word' id='word_1_124' title='bbox 813 2344 997 2428; x_wconf 82' lang='lat' dir='ltr'>servando,</span> <span class='ocrx_word' id='word_1_125' title='bbox 1018 2347 1052 2411; x_wconf 92' lang='lat' dir='ltr'>in</span> <span class='ocrx_word' id='word_1_126' title='bbox 1067 2342 1207 2434; x_wconf 89' lang='lat' dir='ltr'>obliquis</span> <span class='ocrx_word' id='word_1_127' title='bbox 1231 2344 1360 2411; x_wconf 84' lang='lat' dir='ltr'>casibus</span> <span class='ocrx_word' id='word_1_128' title='bbox 1454 2422 1457 2429; x_wconf 30' lang='grc' dir='ltr'>Ι</span> 
     </span>
     <span class='ocr_line' id='line_1_18' title="bbox 338 2453 1364 2545; baseline -0.002 -27"><span class='ocrx_word' id='word_1_129' title='bbox 338 2453 524 2542; x_wconf 87' lang='lat' dir='ltr'>producunt</span> <span class='ocrx_word' id='word_1_130' title='bbox 539 2478 549 2533; x_wconf 70' lang='grc' dir='ltr'><strong>ς</strong></span> <span class='ocrx_word' id='word_1_131' title='bbox 566 2479 666 2544; x_wconf 90' lang='lat' dir='ltr'>qnam</span> <span class='ocrx_word' id='word_1_132' title='bbox 680 2506 690 2539; x_wconf 96' lang='lat'>,</span> <span class='ocrx_word' id='word_1_133' title='bbox 704 2458 766 2523; x_wconf 86' lang='lat' dir='ltr'>nisi</span> <span class='ocrx_word' id='word_1_134' title='bbox 778 2471 971 2545; x_wconf 87' lang='lat' dir='ltr'>sequeretur</span> <span class='ocrx_word' id='word_1_135' title='bbox 984 2459 1039 2522; x_wconf 89' lang='lat' dir='ltr'>·T·</span> <span class='ocrx_word' id='word_1_136' title='bbox 1053 2504 1063 2538; x_wconf 98' lang='lat'>,</span> <span class='ocrx_word' id='word_1_137' title='bbox 1086 2456 1292 2545; x_wconf 87' lang='lat' dir='ltr'>corriperent</span> <span class='ocrx_word' id='word_1_138' title='bbox 1306 2504 1317 2539; x_wconf 97' lang='lat'>,</span> <span class='ocrx_word' id='word_1_139' title='bbox 1334 2453 1364 2520; x_wconf 89' lang='lat' dir='ltr'>si</span> 
     </span>
     <span class='ocr_line' id='line_1_19' title="bbox 336 2563 1365 2645; baseline 0.003 -20"><span class='ocrx_word' id='word_1_140' title='bbox 336 2586 353 2625; x_wconf 94' lang='lat' dir='ltr'>a</span> <span class='ocrx_word' id='word_1_141' title='bbox 382 2565 578 2630; x_wconf 83' lang='lat' dir='ltr'>nominativo</span> <span class='ocrx_word' id='word_1_142' title='bbox 604 2565 639 2630; x_wconf 91' lang='lat' dir='ltr'>in</span> <span class='ocrx_word' id='word_1_143' title='bbox 663 2589 727 2631; x_wconf 88' lang='lat' dir='ltr'>·on·</span> <span class='ocrx_word' id='word_1_144' title='bbox 753 2567 947 2630; x_wconf 87' lang='lat' dir='ltr'>terminante</span> <span class='ocrx_word' id='word_1_145' title='bbox 969 2566 1144 2645; x_wconf 82' lang='lat' dir='ltr'>venirent,</span> <span class='ocrx_word' id='word_1_146' title='bbox 1170 2579 1205 2628; x_wconf 91' lang='lat' dir='ltr'>ut</span> <span class='ocrx_word' id='word_1_147' title='bbox 1225 2563 1365 2642; x_wconf 81' lang='lat' dir='ltr'>Simon,</span> 
     </span>
     <span class='ocr_line' id='line_1_20' title="bbox 339 2671 1362 2764; baseline -0.002 -27"><span class='ocrx_word' id='word_1_148' title='bbox 339 2692 371 2739; x_wconf 86' lang='lat' dir='ltr'>et</span> <span class='ocrx_word' id='word_1_149' title='bbox 391 2675 481 2742; x_wconf 86' lang='lat' dir='ltr'>Simo</span> <span class='ocrx_word' id='word_1_150' title='bbox 499 2725 509 2758; x_wconf 98' lang='lat'>,</span> <span class='ocrx_word' id='word_1_151' title='bbox 530 2674 630 2742; x_wconf 87' lang='lat' dir='ltr'>Sidon</span> <span class='ocrx_word' id='word_1_152' title='bbox 652 2690 683 2739; x_wconf 90' lang='lat' dir='ltr'>et</span> <span class='ocrx_word' id='word_1_153' title='bbox 704 2673 794 2741; x_wconf 90' lang='lat' dir='ltr'>Sido.</span> <span class='ocrx_word' id='word_1_154' title='bbox 812 2672 970 2764; x_wconf 82' lang='lat' dir='ltr'>Virgilius</span> <span class='ocrx_word' id='word_1_155' title='bbox 988 2675 1022 2738; x_wconf 91' lang='lat' dir='ltr'>in</span> <span class='ocrx_word' id='word_1_156' title='bbox 1049 2675 1155 2762; x_wconf 86' lang='lat' dir='ltr'>primo</span> <span class='ocrx_word' id='word_1_157' title='bbox 1166 2677 1192 2711; x_wconf 75' lang='lat'>‘⁴</span> <span class='ocrx_word' id='word_1_158' title='bbox 1204 2671 1362 2740; x_wconf 86' lang='lat' dir='ltr'>sidoniam</span> 
     </span>
     <span class='ocr_line' id='line_1_21' title="bbox 338 2782 1364 2873; baseline -0.002 -26"><span class='ocrx_word' id='word_1_159' title='bbox 338 2808 420 2871; x_wconf 86' lang='lat' dir='ltr'>puer</span> <span class='ocrx_word' id='word_1_160' title='bbox 433 2787 480 2850; x_wconf 89' lang='lat' dir='ltr'>ire</span> <span class='ocrx_word' id='word_1_161' title='bbox 495 2802 589 2873; x_wconf 89' lang='lat' dir='ltr'>parat</span> <span class='ocrx_word' id='word_1_162' title='bbox 602 2810 674 2850; x_wconf 88' lang='lat' dir='ltr'>mea</span> <span class='ocrx_word' id='word_1_163' title='bbox 690 2788 827 2852; x_wconf 77' lang='lat' dir='ltr'>maxima</span> <span class='ocrx_word' id='word_1_164' title='bbox 844 2809 932 2852; x_wconf 88' lang='lat' dir='ltr'>cura.</span> <span class='ocrx_word' id='word_1_165' title='bbox 949 2783 1074 2868; x_wconf 90' lang='lat' dir='ltr'>„Idem</span> <span class='ocrx_word' id='word_1_166' title='bbox 1088 2785 1122 2849; x_wconf 93' lang='lat' dir='ltr'>in</span> <span class='ocrx_word' id='word_1_167' title='bbox 1142 2782 1218 2852; x_wconf 62' lang='lat' dir='ltr'>lxx</span> <span class='ocrx_word' id='word_1_168' title='bbox 1240 2784 1263 2820; x_wconf 75' lang='lat'>‘⁶</span> <span class='ocrx_word' id='word_1_169' title='bbox 1287 2805 1364 2846; x_wconf 87' lang='lat' dir='ltr'>cra·</span> 
     </span>
     <span class='ocr_line' id='line_1_22' title="bbox 336 2891 1366 2984; baseline -0.003 -25"><span class='ocrx_word' id='word_1_170' title='bbox 336 2912 403 2959; x_wconf 86' lang='lat' dir='ltr'>tera</span> <span class='ocrx_word' id='word_1_171' title='bbox 418 2895 586 2983; x_wconf 84' lang='lat' dir='ltr'>antiquum</span> <span class='ocrx_word' id='word_1_172' title='bbox 602 2914 700 2984; x_wconf 88' lang='lat' dir='ltr'>quem</span> <span class='ocrx_word' id='word_1_173' title='bbox 718 2892 771 2959; x_wconf 89' lang='lat' dir='ltr'>dat</span> <span class='ocrx_word' id='word_1_174' title='bbox 784 2893 907 2960; x_wconf 85' lang='lat' dir='ltr'>sidonia</span> <span class='ocrx_word' id='word_1_175' title='bbox 922 2891 1017 2959; x_wconf 87' lang='lat' dir='ltr'>Dido.</span> <span class='ocrx_word' id='word_1_176' title='bbox 1033 2942 1055 2976; x_wconf 95' lang='lat'>„</span> <span class='ocrx_word' id='word_1_177' title='bbox 1074 2893 1211 2960; x_wconf 86' lang='lat' dir='ltr'>Cratera</span> <span class='ocrx_word' id='word_1_178' title='bbox 1230 2931 1241 2960; x_wconf 66' lang='lat'><em>2</em></span> <span class='ocrx_word' id='word_1_179' title='bbox 1263 2908 1366 2959; x_wconf 87' lang='lat' dir='ltr'>state-</span> 
     </span>
     <span class='ocr_line' id='line_1_23' title="bbox 336 2999 1363 3094; baseline -0.003 -26"><span class='ocrx_word' id='word_1_180' title='bbox 336 3029 369 3068; x_wconf 85' lang='lat' dir='ltr'>ra</span> <span class='ocrx_word' id='word_1_181' title='bbox 385 3050 396 3084; x_wconf 94' lang='lat'>,</span> <span class='ocrx_word' id='word_1_182' title='bbox 410 3002 590 3089; x_wconf 82' lang='lat' dir='ltr'>panthera,</span> <span class='ocrx_word' id='word_1_183' title='bbox 609 3026 664 3070; x_wconf 86' lang='lat' dir='ltr'>sen</span> <span class='ocrx_word' id='word_1_184' title='bbox 680 3026 794 3094; x_wconf 83' lang='lat' dir='ltr'>graece</span> <span class='ocrx_word' id='word_1_185' title='bbox 810 3027 865 3070; x_wconf 86' lang='lat' dir='ltr'>sea</span> <span class='ocrx_word' id='word_1_186' title='bbox 884 3001 982 3068; x_wconf 92' lang='lat' dir='ltr'>latine</span> <span class='ocrx_word' id='word_1_187' title='bbox 998 3001 1226 3086; x_wconf 89' lang='lat' dir='ltr'>declinentur,</span> <span class='ocrx_word' id='word_1_188' title='bbox 1239 2999 1363 3091; x_wconf 89' lang='lat' dir='ltr'>penul-</span> 
     </span>
     <span class='ocr_line' id='line_1_24' title="bbox 338 3109 1366 3203; baseline -0.004 -25"><span class='ocrx_word' id='word_1_189' title='bbox 338 3116 432 3179; x_wconf 87' lang='lat' dir='ltr'>timas</span> <span class='ocrx_word' id='word_1_190' title='bbox 444 3112 618 3201; x_wconf 87' lang='lat' dir='ltr'>productas</span> <span class='ocrx_word' id='word_1_191' title='bbox 627 3115 771 3197; x_wconf 84' lang='lat' dir='ltr'>invenio,</span> <span class='ocrx_word' id='word_1_192' title='bbox 785 3113 885 3180; x_wconf 85' lang='lat' dir='ltr'>velati</span> <span class='ocrx_word' id='word_1_193' title='bbox 895 3113 1104 3203; x_wconf 87' lang='lat' dir='ltr'>insuperiore</span> <span class='ocrx_word' id='word_1_194' title='bbox 1116 3137 1211 3180; x_wconf 84' lang='lat' dir='ltr'>versu</span> <span class='ocrx_word' id='word_1_195' title='bbox 1220 3109 1366 3202; x_wconf 86' lang='lat' dir='ltr'>Virgilii.</span> 
     </span>
     <span class='ocr_line' id='line_1_25' title="bbox 341 3219 1370 3316; baseline -0.007 -26"><span class='ocrx_word' id='word_1_196' title='bbox 341 3223 553 3290; x_wconf 81' lang='lat' dir='ltr'>Accusativus</span> <span class='ocrx_word' id='word_1_197' title='bbox 568 3248 701 3316; x_wconf 87' lang='lat' dir='ltr'>graecus</span> <span class='ocrx_word' id='word_1_198' title='bbox 718 3225 831 3291; x_wconf 88' lang='lat' dir='ltr'>tertiae</span> <span class='ocrx_word' id='word_1_199' title='bbox 847 3224 1091 3306; x_wconf 87' lang='lat' dir='ltr'>declinationis,</span> <span class='ocrx_word' id='word_1_200' title='bbox 1108 3221 1296 3314; x_wconf 85' lang='lat' dir='ltr'>frequenter</span> <span class='ocrx_word' id='word_1_201' title='bbox 1312 3219 1370 3284; x_wconf 93' lang='lat' dir='ltr'>de-</span> 
     </span>
     <span class='ocr_line' id='line_1_26' title="bbox 338 3333 1368 3418; baseline -0.005 -18"><span class='ocrx_word' id='word_1_202' title='bbox 338 3336 414 3400; x_wconf 88' lang='lat' dir='ltr'>sinit</span> <span class='ocrx_word' id='word_1_203' title='bbox 437 3338 470 3402; x_wconf 90' lang='lat' dir='ltr'>in</span> <span class='ocrx_word' id='word_1_204' title='bbox 494 3333 570 3417; x_wconf 87' lang='lat' dir='ltr'>·A·,</span> <span class='ocrx_word' id='word_1_205' title='bbox 593 3346 694 3418; x_wconf 65' lang='lat' dir='ltr'>aira,</span> <span class='ocrx_word' id='word_1_206' title='bbox 717 3335 861 3403; x_wconf 88' lang='lat' dir='ltr'>aethera.</span> <span class='ocrx_word' id='word_1_207' title='bbox 887 3336 1045 3404; x_wconf 88' lang='lat' dir='ltr'>Similiter</span> <span class='ocrx_word' id='word_1_208' title='bbox 1074 3352 1204 3400; x_wconf 86' lang='lat' dir='ltr'>auctore</span> <span class='ocrx_word' id='word_1_209' title='bbox 1227 3335 1368 3400; x_wconf 85' lang='lat' dir='ltr'>Priscia-</span> 
     </span>
     <span class='ocr_line' id='line_1_27' title="bbox 340 3443 1370 3536; baseline -0.003 -27"><span class='ocrx_word' id='word_1_210' title='bbox 340 3468 382 3509; x_wconf 90' lang='lat' dir='ltr'>no</span> <span class='ocrx_word' id='word_1_211' title='bbox 401 3448 508 3512; x_wconf 88' lang='lat' dir='ltr'>omnia</span> <span class='ocrx_word' id='word_1_212' title='bbox 528 3469 643 3536; x_wconf 85' lang='lat' dir='ltr'>graeca</span> <span class='ocrx_word' id='word_1_213' title='bbox 668 3447 702 3510; x_wconf 89' lang='lat' dir='ltr'>in</span> <span class='ocrx_word' id='word_1_214' title='bbox 720 3448 771 3512; x_wconf 84' lang='lat' dir='ltr'>·A·</span> <span class='ocrx_word' id='word_1_215' title='bbox 787 3446 988 3528; x_wconf 86' lang='lat' dir='ltr'>desinentia,</span> <span class='ocrx_word' id='word_1_216' title='bbox 1007 3463 1037 3513; x_wconf 92' lang='lat' dir='ltr'>et</span> <span class='ocrx_word' id='word_1_217' title='bbox 1055 3443 1260 3534; x_wconf 90' lang='lat' dir='ltr'>diphthongo</span> <span class='ocrx_word' id='word_1_218' title='bbox 1277 3460 1370 3508; x_wconf 86' lang='lat' dir='ltr'>ante-</span> 
     </span>
     <span class='ocr_line' id='line_1_28' title="bbox 339 3553 1369 3639; baseline -0.004 -19"><span class='ocrx_word' id='word_1_219' title='bbox 339 3554 492 3639; x_wconf 86' lang='lat' dir='ltr'>cedente,</span> <span class='ocrx_word' id='word_1_220' title='bbox 511 3561 536 3624; x_wconf 90' lang='lat' dir='ltr'>si</span> <span class='ocrx_word' id='word_1_221' title='bbox 554 3558 596 3623; x_wconf 90' lang='lat' dir='ltr'>ad</span> <span class='ocrx_word' id='word_1_222' title='bbox 613 3555 749 3623; x_wconf 88' lang='lat' dir='ltr'>latinam</span> <span class='ocrx_word' id='word_1_223' title='bbox 766 3556 1016 3625; x_wconf 82' lang='lat' dir='ltr'>declinationem</span> <span class='ocrx_word' id='word_1_224' title='bbox 1042 3555 1271 3636; x_wconf 85' lang='lat' dir='ltr'>inflectantur,</span> <span class='ocrx_word' id='word_1_225' title='bbox 1290 3553 1369 3619; x_wconf 90' lang='lat' dir='ltr'>mit-</span> 
     </span>
    </p>
   </div>
   <div class='ocr_carea' id='block_1_5' title="bbox 339 3667 1369 3977">
    <p class='ocr_par' dir='ltr' id='par_1_6' title="bbox 339 3667 1369 3977">
     <span class='ocr_line' id='line_1_29' title="bbox 339 3667 1368 3761; baseline -0.004 -28"><span class='ocrx_word' id='word_1_226' title='bbox 339 3684 410 3733; x_wconf 89' lang='lat' dir='ltr'>tunt</span> <span class='ocrx_word' id='word_1_227' title='bbox 434 3668 572 3735; x_wconf 87' lang='lat' dir='ltr'>eandem</span> <span class='ocrx_word' id='word_1_228' title='bbox 599 3669 840 3761; x_wconf 87' lang='lat' dir='ltr'>diphthongum</span> <span class='ocrx_word' id='word_1_229' title='bbox 873 3688 904 3737; x_wconf 93' lang='lat' dir='ltr'>et</span> <span class='ocrx_word' id='word_1_230' title='bbox 937 3672 970 3735; x_wconf 93' lang='lat' dir='ltr'>in</span> <span class='ocrx_word' id='word_1_231' title='bbox 1003 3672 1056 3734; x_wconf 73' lang='lat' dir='ltr'>ei·</span> <span class='ocrx_word' id='word_1_232' title='bbox 1082 3667 1133 3735; x_wconf 83' lang='lat' dir='ltr'>vel</span> <span class='ocrx_word' id='word_1_233' title='bbox 1169 3671 1202 3733; x_wconf 90' lang='lat' dir='ltr'>in</span> <span class='ocrx_word' id='word_1_234' title='bbox 1229 3669 1261 3732; x_wconf 89' lang='lat' dir='ltr'>·i·</span> <span class='ocrx_word' id='word_1_235' title='bbox 1286 3687 1368 3754; x_wconf 89' lang='lat' dir='ltr'>pro-</span> 
     </span>
     <span class='ocr_line' id='line_1_30' title="bbox 340 3771 1369 3870; baseline -0.006 -27"><span class='ocrx_word' id='word_1_236' title='bbox 340 3777 477 3863; x_wconf 79' lang='lat' dir='ltr'>ductas,</span> <span class='ocrx_word' id='word_1_237' title='bbox 494 3777 675 3869; x_wconf 90' lang='lat' dir='ltr'>Calliopeia</span> <span class='ocrx_word' id='word_1_238' title='bbox 692 3780 858 3870; x_wconf 83' lang='lat' dir='ltr'>Calliopea</span> <span class='ocrx_word' id='word_1_239' title='bbox 876 3830 885 3862; x_wconf 95' lang='lat'>,</span> <span class='ocrx_word' id='word_1_240' title='bbox 902 3780 1085 3847; x_wconf 89' lang='lat' dir='ltr'>comoedeia</span> <span class='ocrx_word' id='word_1_241' title='bbox 1104 3776 1283 3844; x_wconf 89' lang='lat' dir='ltr'>comoedia.</span> <span class='ocrx_word' id='word_1_242' title='bbox 1301 3771 1369 3844; x_wconf 86' lang='lat' dir='ltr'>Sed</span> 
     </span>
     <span class='ocr_line' id='line_1_31' title="bbox 339 3888 1368 3977; baseline -0.006 -27"><span class='ocrx_word' id='word_1_243' title='bbox 339 3911 412 3951; x_wconf 87' lang='lat' dir='ltr'>cum</span> <span class='ocrx_word' id='word_1_244' title='bbox 437 3890 469 3952; x_wconf 89' lang='lat' dir='ltr'>in</span> <span class='ocrx_word' id='word_1_245' title='bbox 490 3905 594 3953; x_wconf 87' lang='lat' dir='ltr'>metro</span> <span class='ocrx_word' id='word_1_246' title='bbox 619 3888 650 3951; x_wconf 90' lang='lat' dir='ltr'>·i·</span> <span class='ocrx_word' id='word_1_247' title='bbox 675 3889 896 3976; x_wconf 90' lang='lat' dir='ltr'>corripiatur,</span> <span class='ocrx_word' id='word_1_248' title='bbox 921 3891 954 3953; x_wconf 92' lang='lat' dir='ltr'>in</span> <span class='ocrx_word' id='word_1_249' title='bbox 981 3912 1074 3977; x_wconf 83' lang='lat' dir='ltr'>prosa</span> <span class='ocrx_word' id='word_1_250' title='bbox 1101 3904 1210 3951; x_wconf 83' lang='lat' dir='ltr'>tamen</span> <span class='ocrx_word' id='word_1_251' title='bbox 1236 3899 1368 3950; x_wconf 85' lang='lat' dir='ltr'>natura-</span> 
     </span>
    </p>
   </div>
   <div class='ocr_carea' id='block_1_6' title="bbox 341 3993 1371 4087">
    <p class='ocr_par' dir='ltr' id='par_1_7' title="bbox 341 3993 1371 4087">
     <span class='ocr_line' id='line_1_32' title="bbox 341 3993 1371 4087; baseline -0.009 -22"><span class='ocrx_word' id='word_1_252' title='bbox 341 3998 405 4065; x_wconf 89' lang='lat' dir='ltr'>lem</span> <span class='ocrx_word' id='word_1_253' title='bbox 420 4018 524 4067; x_wconf 84' lang='lat' dir='ltr'>servat</span> <span class='ocrx_word' id='word_1_254' title='bbox 539 4014 736 4080; x_wconf 89' lang='lat' dir='ltr'>accentum,</span> <span class='ocrx_word' id='word_1_255' title='bbox 760 4016 894 4087; x_wconf 83' lang='lat' dir='ltr'>excepto</span> <span class='ocrx_word' id='word_1_256' title='bbox 913 4023 976 4065; x_wconf 87' lang='lat' dir='ltr'>nno</span> <span class='ocrx_word' id='word_1_257' title='bbox 998 3999 1129 4065; x_wconf 90' lang='lat' dir='ltr'>nomine</span> <span class='ocrx_word' id='word_1_258' title='bbox 1151 3993 1371 4072; x_wconf 82' lang='lat' dir='ltr'>Alexandria,</span> 
     </span>
    </p>
   </div>
   <div class='ocr_carea' id='block_1_7' title="bbox 0 0 1708 5206">
    <p class='ocr_par' dir='ltr' id='par_1_8' title="bbox 0 0 1708 5206">
     <span class='ocr_line' id='line_1_33' title="bbox 0 0 1708 5206; baseline 0 0"><span class='ocrx_word' id='word_1_259' title='bbox 0 0 1708 5206; x_wconf 95' lang='lat' dir='ltr'> </span> 
     </span>
    </p>
   </div>
  </div>
 </body>
</html>
