<?xml version="1.0" encoding="UTF-8"?>
<!DOCTYPE html PUBLIC "-//W3C//DTD XHTML 1.0 Transitional//EN"
    "http://www.w3.org/TR/xhtml1/DTD/xhtml1-transitional.dtd">
<html xmlns="http://www.w3.org/1999/xhtml" xml:lang="en" lang="en">
 <head>
  <title>
</title>
<meta http-equiv="Content-Type" content="text/html;charset=utf-8" />
  <meta name='ocr-system' content='tesseract 3.04.00' />
  <meta name='ocr-capabilities' content='ocr_page ocr_carea ocr_par ocr_line ocrx_word'/>
</head>
<body>
  <div class='ocr_page' id='page_1' title='image "./classicorumauct00vatigoog_0074.png"; bbox 0 0 3382 5206; ppageno 0'>
   <div class='ocr_carea' id='block_1_1' title="bbox 745 567 1320 640">
    <p class='ocr_par' dir='ltr' id='par_1_1' title="bbox 745 567 1320 640">
     <span class='ocr_line' id='line_1_1' title="bbox 745 567 1320 640; baseline 0.012 -8"><span class='ocrx_word' id='word_1_1' title='bbox 745 584 789 633; x_wconf 83' lang='lat' dir='ltr'>na</span> <span class='ocrx_word' id='word_1_2' title='bbox 813 585 951 635; x_wconf 78' lang='grc' dir='ltr'><strong>ιιοιιιιι.</strong></span> <span class='ocrx_word' id='word_1_3' title='bbox 1275 567 1320 640; x_wconf 84' lang='lat'>13</span> 
     </span>
    </p>
   </div>
   <div class='ocr_carea' id='block_1_2' title="bbox 327 691 1439 1155">
    <p class='ocr_par' dir='ltr' id='par_1_2' title="bbox 327 691 1439 1155">
     <span class='ocr_line' id='line_1_2' title="bbox 330 691 1439 811; baseline 0.005 -39"><span class='ocrx_word' id='word_1_4' title='bbox 330 699 440 799; x_wconf 87' lang='lat' dir='ltr'>prima</span> <span class='ocrx_word' id='word_1_5' title='bbox 460 693 590 796; x_wconf 85' lang='lat' dir='ltr'>syllaba</span> <span class='ocrx_word' id='word_1_6' title='bbox 609 691 858 795; x_wconf 83' lang='lat' dir='ltr'><strong>producatur,</strong></span> <span class='ocrx_word' id='word_1_7' title='bbox 883 693 1071 771; x_wconf 83' lang='lat' dir='ltr'>norissima</span> <span class='ocrx_word' id='word_1_8' title='bbox 1096 696 1307 804; x_wconf 80' lang='lat' dir='ltr'>corripiatur</span> <span class='ocrx_word' id='word_1_9' title='bbox 1332 762 1341 779; x_wconf 90' lang='lat'><strong>.</strong></span> <span class='ocrx_word' id='word_1_10' title='bbox 1391 772 1394 779; x_wconf 91' lang='grc'>,</span> <span class='ocrx_word' id='word_1_11' title='bbox 1436 804 1439 811; x_wconf 28' lang='grc' dir='ltr'>Ι</span> 
     </span>
     <span class='ocr_line' id='line_1_3' title="bbox 332 814 1343 918; baseline -0.004 -26"><span class='ocrx_word' id='word_1_12' title='bbox 332 819 426 893; x_wconf 85' lang='lat' dir='ltr'><strong>Sunt</strong></span> <span class='ocrx_word' id='word_1_13' title='bbox 445 817 552 891; x_wconf 89' lang='lat' dir='ltr'>etiam</span> <span class='ocrx_word' id='word_1_14' title='bbox 569 814 778 916; x_wconf 85' lang='lat' dir='ltr'>pronomina</span> <span class='ocrx_word' id='word_1_15' title='bbox 791 832 828 889; x_wconf 90' lang='lat' dir='ltr'>et</span> <span class='ocrx_word' id='word_1_16' title='bbox 842 815 1001 895; x_wconf 82' lang='lat' dir='ltr'>adverbia</span> <span class='ocrx_word' id='word_1_17' title='bbox 1012 873 1022 906; x_wconf 93' lang='lat'>,</span> <span class='ocrx_word' id='word_1_18' title='bbox 1033 844 1124 918; x_wconf 88' lang='lat' dir='ltr'>quae</span> <span class='ocrx_word' id='word_1_19' title='bbox 1136 818 1260 895; x_wconf 82' lang='lat' dir='ltr'>litteris</span> <span class='ocrx_word' id='word_1_20' title='bbox 1272 822 1343 898; x_wconf 71' lang='lat' dir='ltr'>hia.</span> 
     </span>
     <span class='ocr_line' id='line_1_4' title="bbox 327 934 1406 1038; baseline 0.008 -28"><span class='ocrx_word' id='word_1_21' title='bbox 327 935 409 1011; x_wconf 88' lang='lat' dir='ltr'>dem</span> <span class='ocrx_word' id='word_1_22' title='bbox 432 965 506 1011; x_wconf 88' lang='lat' dir='ltr'>esse</span> <span class='ocrx_word' id='word_1_23' title='bbox 531 934 735 1024; x_wconf 87' lang='lat' dir='ltr'>dicuntur,</span> <span class='ocrx_word' id='word_1_24' title='bbox 761 934 830 1008; x_wconf 91' lang='lat' dir='ltr'>nisi</span> <span class='ocrx_word' id='word_1_25' title='bbox 855 962 941 1009; x_wconf 89' lang='lat' dir='ltr'>sono</span> <span class='ocrx_word' id='word_1_26' title='bbox 965 934 1274 1038; x_wconf 85' lang='lat' dir='ltr'>discrepaverint,</span> <span class='ocrx_word' id='word_1_27' title='bbox 1299 958 1344 1018; x_wconf 92' lang='lat' dir='ltr'>ut</span> <span class='ocrx_word' id='word_1_28' title='bbox 1403 1014 1406 1018; x_wconf 89' lang='grc'><em>,</em></span> 
     </span>
     <span class='ocr_line' id='line_1_5' title="bbox 327 1045 1391 1155; baseline 0.006 -24"><span class='ocrx_word' id='word_1_29' title='bbox 327 1057 474 1133; x_wconf 88' lang='lat' dir='ltr'>hichie.</span> <span class='ocrx_word' id='word_1_30' title='bbox 494 1053 567 1131; x_wconf 89' lang='lat' dir='ltr'>Sed</span> <span class='ocrx_word' id='word_1_31' title='bbox 585 1056 617 1130; x_wconf 91' lang='lat' dir='ltr'>si</span> <span class='ocrx_word' id='word_1_32' title='bbox 635 1054 853 1130; x_wconf 76' lang='lat' dir='ltr'>emendatius</span> <span class='ocrx_word' id='word_1_33' title='bbox 872 1073 909 1130; x_wconf 88' lang='lat' dir='ltr'>et</span> <span class='ocrx_word' id='word_1_34' title='bbox 927 1056 1052 1133; x_wconf 88' lang='lat' dir='ltr'>melius</span> <span class='ocrx_word' id='word_1_35' title='bbox 1076 1059 1230 1135; x_wconf 90' lang='lat' dir='ltr'>seribere</span> <span class='ocrx_word' id='word_1_36' title='bbox 1248 1061 1302 1136; x_wconf 86' lang='lat' dir='ltr'>ris</span> <span class='ocrx_word' id='word_1_37' title='bbox 1329 1120 1341 1155; x_wconf 94' lang='lat'>,</span> <span class='ocrx_word' id='word_1_38' title='bbox 1389 1045 1391 1049; x_wconf 11' lang='grc' dir='ltr'><em>Α</em></span> 
     </span>
    </p>
   </div>
   <div class='ocr_carea' id='block_1_3' title="bbox 329 1171 1343 1285">
    <p class='ocr_par' dir='ltr' id='par_1_3' title="bbox 329 1171 1343 1285">
     <span class='ocr_line' id='line_1_6' title="bbox 329 1171 1343 1285; baseline 0.004 -35"><span class='ocrx_word' id='word_1_39' title='bbox 329 1175 535 1251; x_wconf 80' lang='lat' dir='ltr'>adverbium</span> <span class='ocrx_word' id='word_1_40' title='bbox 545 1201 607 1276; x_wconf 87' lang='lat' dir='ltr'>per</span> <span class='ocrx_word' id='word_1_41' title='bbox 616 1171 688 1248; x_wconf 92' lang='lat' dir='ltr'>duo</span> <span class='ocrx_word' id='word_1_42' title='bbox 700 1173 732 1245; x_wconf 91' lang='lat' dir='ltr'>·i·</span> <span class='ocrx_word' id='word_1_43' title='bbox 744 1173 941 1249; x_wconf 83' lang='lat' dir='ltr'>chnraxahis</span> <span class='ocrx_word' id='word_1_44' title='bbox 954 1177 1000 1278; x_wconf 81' lang='lat' dir='ltr'>(a)</span> <span class='ocrx_word' id='word_1_45' title='bbox 1012 1232 1023 1266; x_wconf 94' lang='lat'>,</span> <span class='ocrx_word' id='word_1_46' title='bbox 1033 1176 1167 1285; x_wconf 85' lang='lat' dir='ltr'>uthiic.</span> <span class='ocrx_word' id='word_1_47' title='bbox 1181 1174 1281 1253; x_wconf 85' lang='lat' dir='ltr'>Sunt</span> <span class='ocrx_word' id='word_1_48' title='bbox 1293 1196 1343 1254; x_wconf 90' lang='lat' dir='ltr'>et·</span> 
     </span>
    </p>
   </div>
   <div class='ocr_carea' id='block_1_4' title="bbox 329 1292 1451 3915">
    <p class='ocr_par' dir='ltr' id='par_1_4' title="bbox 329 1292 1344 1730">
     <span class='ocr_line' id='line_1_7' title="bbox 330 1292 1342 1398; baseline 0.002 -27"><span class='ocrx_word' id='word_1_49' title='bbox 330 1298 402 1371; x_wconf 85' lang='lat' dir='ltr'>iam</span> <span class='ocrx_word' id='word_1_50' title='bbox 426 1323 515 1398; x_wconf 83' lang='lat' dir='ltr'>quae</span> <span class='ocrx_word' id='word_1_51' title='bbox 538 1294 651 1369; x_wconf 81' lang='lat' dir='ltr'>verbis</span> <span class='ocrx_word' id='word_1_52' title='bbox 678 1292 802 1368; x_wconf 86' lang='lat' dir='ltr'>similia</span> <span class='ocrx_word' id='word_1_53' title='bbox 830 1294 1038 1396; x_wconf 87' lang='lat' dir='ltr'>pronomina</span> <span class='ocrx_word' id='word_1_54' title='bbox 1052 1351 1063 1386; x_wconf 93' lang='lat'>,</span> <span class='ocrx_word' id='word_1_55' title='bbox 1077 1300 1139 1371; x_wconf 51' lang='lat' dir='ltr'>*ut</span> <span class='ocrx_word' id='word_1_56' title='bbox 1163 1325 1227 1397; x_wconf 90' lang='lat' dir='ltr'>ego</span> <span class='ocrx_word' id='word_1_57' title='bbox 1253 1325 1342 1397; x_wconf 88' lang='lat' dir='ltr'>ego,</span> 
     </span>
     <span class='ocr_line' id='line_1_8' title="bbox 329 1411 1344 1517; baseline 0.001 -26"><span class='ocrx_word' id='word_1_58' title='bbox 329 1417 408 1491; x_wconf 85' lang='lat' dir='ltr'>isis</span> <span class='ocrx_word' id='word_1_59' title='bbox 430 1472 440 1506; x_wconf 98' lang='lat'>,</span> <span class='ocrx_word' id='word_1_60' title='bbox 466 1413 674 1517; x_wconf 81' lang='lat' dir='ltr'>quisquis,</span> <span class='ocrx_word' id='word_1_61' title='bbox 701 1412 828 1487; x_wconf 89' lang='lat' dir='ltr'>tuitui</span> <span class='ocrx_word' id='word_1_62' title='bbox 849 1469 860 1504; x_wconf 93' lang='lat'>,</span> <span class='ocrx_word' id='word_1_63' title='bbox 880 1412 1038 1490; x_wconf 80' lang='lat' dir='ltr'>tibitibi</span> <span class='ocrx_word' id='word_1_64' title='bbox 1059 1411 1131 1488; x_wconf 87' lang='lat' dir='ltr'>Sed</span> <span class='ocrx_word' id='word_1_65' title='bbox 1151 1415 1344 1492; x_wconf 84' lang='lat' dir='ltr'>sirerhum</span> 
     </span>
     <span class='ocr_line' id='line_1_9' title="bbox 330 1531 1343 1637; baseline 0.003 -28"><span class='ocrx_word' id='word_1_66' title='bbox 330 1536 376 1609; x_wconf 83' lang='lat' dir='ltr'>sit</span> <span class='ocrx_word' id='word_1_67' title='bbox 394 1562 458 1633; x_wconf 91' lang='lat' dir='ltr'>ego</span> <span class='ocrx_word' id='word_1_68' title='bbox 480 1590 491 1625; x_wconf 90' lang='lat'><strong>‚</strong></span> <span class='ocrx_word' id='word_1_69' title='bbox 516 1534 629 1636; x_wconf 85' lang='lat' dir='ltr'>prima</span> <span class='ocrx_word' id='word_1_70' title='bbox 651 1531 769 1607; x_wconf 86' lang='lat' dir='ltr'>sillaba</span> <span class='ocrx_word' id='word_1_71' title='bbox 788 1531 1003 1633; x_wconf 82' lang='lat' dir='ltr'>producetur</span> <span class='ocrx_word' id='word_1_72' title='bbox 1022 1563 1034 1631; x_wconf 90' lang='lat'>;</span> <span class='ocrx_word' id='word_1_73' title='bbox 1059 1550 1101 1608; x_wconf 89' lang='lat' dir='ltr'>ut</span> <span class='ocrx_word' id='word_1_74' title='bbox 1123 1562 1188 1634; x_wconf 90' lang='lat' dir='ltr'>ego</span> <span class='ocrx_word' id='word_1_75' title='bbox 1210 1592 1221 1625; x_wconf 90' lang='lat'>,</span> <span class='ocrx_word' id='word_1_76' title='bbox 1245 1537 1343 1637; x_wconf 90' lang='lat' dir='ltr'>quod</span> 
     </span>
     <span class='ocr_line' id='line_1_10' title="bbox 332 1655 489 1730; baseline 0.006 -1"><span class='ocrx_word' id='word_1_77' title='bbox 332 1672 386 1729; x_wconf 87' lang='lat' dir='ltr'>est</span> <span class='ocrx_word' id='word_1_78' title='bbox 402 1655 489 1730; x_wconf 81' lang='lat' dir='ltr'>rivo.</span> 
     </span>
    </p>

    <p class='ocr_par' dir='ltr' id='par_1_5' title="bbox 330 1771 1451 3915">
     <span class='ocr_line' id='line_1_11' title="bbox 414 1771 1342 1873; baseline 0.006 -26"><span class='ocrx_word' id='word_1_79' title='bbox 414 1802 469 1851; x_wconf 90' lang='lat' dir='ltr'>ro.</span> <span class='ocrx_word' id='word_1_80' title='bbox 490 1771 563 1848; x_wconf 85' lang='lat' dir='ltr'>Sed</span> <span class='ocrx_word' id='word_1_81' title='bbox 582 1774 649 1847; x_wconf 91' lang='lat' dir='ltr'>hoc</span> <span class='ocrx_word' id='word_1_82' title='bbox 667 1771 906 1873; x_wconf 88' lang='lat' dir='ltr'>indagandum</span> <span class='ocrx_word' id='word_1_83' title='bbox 923 1772 1017 1848; x_wconf 88' lang='lat' dir='ltr'>inter</span> <span class='ocrx_word' id='word_1_84' title='bbox 1035 1774 1123 1851; x_wconf 90' lang='lat' dir='ltr'>haec</span> <span class='ocrx_word' id='word_1_85' title='bbox 1152 1776 1217 1850; x_wconf 89' lang='lat' dir='ltr'>tria</span> <span class='ocrx_word' id='word_1_86' title='bbox 1236 1777 1342 1853; x_wconf 83' lang='lat' dir='ltr'>verba</span> 
     </span>
     <span class='ocr_line' id='line_1_12' title="bbox 330 1892 1341 1997; baseline 0.002 -26"><span class='ocrx_word' id='word_1_87' title='bbox 330 1895 456 1971; x_wconf 83' lang='lat' dir='ltr'>similia</span> <span class='ocrx_word' id='word_1_88' title='bbox 472 1894 572 1997; x_wconf 89' lang='lat' dir='ltr'>quali</span> <span class='ocrx_word' id='word_1_89' title='bbox 588 1892 792 1970; x_wconf 87' lang='lat' dir='ltr'>discrimine</span> <span class='ocrx_word' id='word_1_90' title='bbox 809 1892 1039 1969; x_wconf 90' lang='lat' dir='ltr'>discernenda</span> <span class='ocrx_word' id='word_1_91' title='bbox 1051 1895 1140 1986; x_wconf 88' lang='lat' dir='ltr'>sint,</span> <span class='ocrx_word' id='word_1_92' title='bbox 1155 1924 1240 1996; x_wconf 88' lang='lat' dir='ltr'>ago,</span> <span class='ocrx_word' id='word_1_93' title='bbox 1255 1924 1341 1997; x_wconf 89' lang='lat' dir='ltr'>ego,</span> 
     </span>
     <span class='ocr_line' id='line_1_13' title="bbox 333 2011 1342 2119; baseline 0.007 -31"><span class='ocrx_word' id='word_1_94' title='bbox 333 2041 426 2112; x_wconf 87' lang='lat' dir='ltr'>egeo.</span> <span class='ocrx_word' id='word_1_95' title='bbox 448 2011 544 2088; x_wconf 89' lang='lat' dir='ltr'>Cum</span> <span class='ocrx_word' id='word_1_96' title='bbox 562 2041 644 2112; x_wconf 87' lang='lat' dir='ltr'>ergo</span> <span class='ocrx_word' id='word_1_97' title='bbox 663 2012 784 2087; x_wconf 79' lang='lat' dir='ltr'>acribia</span> <span class='ocrx_word' id='word_1_98' title='bbox 801 2039 865 2112; x_wconf 87' lang='lat' dir='ltr'>ago</span> <span class='ocrx_word' id='word_1_99' title='bbox 888 2068 899 2102; x_wconf 91' lang='lat'>,</span> <span class='ocrx_word' id='word_1_100' title='bbox 924 2013 961 2087; x_wconf 91' lang='lat' dir='ltr'>in</span> <span class='ocrx_word' id='word_1_101' title='bbox 981 2015 1168 2116; x_wconf 89' lang='lat' dir='ltr'>praeterito</span> <span class='ocrx_word' id='word_1_102' title='bbox 1186 2032 1342 2119; x_wconf 86' lang='lat' dir='ltr'>tempore</span> 
     </span>
     <span class='ocr_line' id='line_1_14' title="bbox 334 2129 1451 2234; baseline 0.005 -28"><span class='ocrx_word' id='word_1_103' title='bbox 334 2133 411 2231; x_wconf 86' lang='lat' dir='ltr'>aegi</span> <span class='ocrx_word' id='word_1_104' title='bbox 433 2188 443 2221; x_wconf 89' lang='lat'>,</span> <span class='ocrx_word' id='word_1_105' title='bbox 463 2157 545 2205; x_wconf 88' lang='lat' dir='ltr'>cum</span> <span class='ocrx_word' id='word_1_106' title='bbox 561 2130 769 2232; x_wconf 87' lang='lat' dir='ltr'>aspiratione</span> <span class='ocrx_word' id='word_1_107' title='bbox 787 2129 995 2233; x_wconf 83' lang='lat' dir='ltr'>diphthongi</span> <span class='ocrx_word' id='word_1_108' title='bbox 1013 2133 1180 2211; x_wconf 81' lang='lat' dir='ltr'>scribito:</span> <span class='ocrx_word' id='word_1_109' title='bbox 1199 2163 1263 2234; x_wconf 89' lang='lat' dir='ltr'>ego</span> <span class='ocrx_word' id='word_1_110' title='bbox 1282 2165 1343 2212; x_wconf 89' lang='lat' dir='ltr'>au·</span> <span class='ocrx_word' id='word_1_111' title='bbox 1448 2220 1451 2225; x_wconf 51' lang='grc'>,</span> 
     </span>
     <span class='ocr_line' id='line_1_15' title="bbox 335 2249 1342 2355; baseline 0.008 -32"><span class='ocrx_word' id='word_1_112' title='bbox 335 2269 406 2325; x_wconf 90' lang='lat' dir='ltr'>tem</span> <span class='ocrx_word' id='word_1_113' title='bbox 422 2250 637 2351; x_wconf 84' lang='lat' dir='ltr'>diphthongo</span> <span class='ocrx_word' id='word_1_114' title='bbox 657 2265 773 2323; x_wconf 90' lang='lat' dir='ltr'>careat</span> <span class='ocrx_word' id='word_1_115' title='bbox 795 2305 806 2339; x_wconf 91' lang='lat'>,</span> <span class='ocrx_word' id='word_1_116' title='bbox 825 2267 862 2324; x_wconf 92' lang='lat' dir='ltr'>et</span> <span class='ocrx_word' id='word_1_117' title='bbox 881 2250 932 2326; x_wconf 92' lang='lat' dir='ltr'>sic</span> <span class='ocrx_word' id='word_1_118' title='bbox 950 2249 1148 2326; x_wconf 88' lang='lat' dir='ltr'>declinetur</span> <span class='ocrx_word' id='word_1_119' title='bbox 1167 2281 1230 2352; x_wconf 90' lang='lat' dir='ltr'>ego</span> <span class='ocrx_word' id='word_1_120' title='bbox 1250 2257 1342 2355; x_wconf 82' lang='lat' dir='ltr'>egis,</span> 
     </span>
     <span class='ocr_line' id='line_1_16' title="bbox 333 2365 1344 2473; baseline 0.003 -30"><span class='ocrx_word' id='word_1_121' title='bbox 333 2387 369 2443; x_wconf 91' lang='lat' dir='ltr'>et</span> <span class='ocrx_word' id='word_1_122' title='bbox 387 2367 570 2470; x_wconf 86' lang='lat' dir='ltr'>praeterito</span> <span class='ocrx_word' id='word_1_123' title='bbox 588 2385 743 2469; x_wconf 90' lang='lat' dir='ltr'>tempore</span> <span class='ocrx_word' id='word_1_124' title='bbox 762 2367 818 2467; x_wconf 89' lang='lat' dir='ltr'>egi</span> <span class='ocrx_word' id='word_1_125' title='bbox 830 2367 1042 2450; x_wconf 81' lang='lat' dir='ltr'>breviatum:</span> <span class='ocrx_word' id='word_1_126' title='bbox 1055 2370 1116 2444; x_wconf 88' lang='lat' dir='ltr'>sed</span> <span class='ocrx_word' id='word_1_127' title='bbox 1135 2371 1164 2446; x_wconf 86' lang='lat' dir='ltr'>si</span> <span class='ocrx_word' id='word_1_128' title='bbox 1180 2365 1344 2473; x_wconf 75' lang='lat' dir='ltr'>syllabam</span> 
     </span>
     <span class='ocr_line' id='line_1_17' title="bbox 335 2488 1344 2578; baseline 0.01 -17"><span class='ocrx_word' id='word_1_129' title='bbox 335 2490 557 2564; x_wconf 83' lang='lat' dir='ltr'>novissimam</span> <span class='ocrx_word' id='word_1_130' title='bbox 574 2488 792 2578; x_wconf 81' lang='lat' dir='ltr'>extenderis,</span> <span class='ocrx_word' id='word_1_131' title='bbox 817 2489 915 2563; x_wconf 90' lang='lat' dir='ltr'>omni</span> <span class='ocrx_word' id='word_1_132' title='bbox 932 2518 1049 2565; x_wconf 90' lang='lat' dir='ltr'>errore</span> <span class='ocrx_word' id='word_1_133' title='bbox 1070 2492 1225 2572; x_wconf 83' lang='lat' dir='ltr'>carebis:</span> <span class='ocrx_word' id='word_1_134' title='bbox 1251 2496 1344 2571; x_wconf 91' lang='lat' dir='ltr'>sicut</span> 
     </span>
     <span class='ocr_line' id='line_1_18' title="bbox 336 2606 1342 2711; baseline 0.008 -30"><span class='ocrx_word' id='word_1_135' title='bbox 336 2611 365 2682; x_wconf 86' lang='lat' dir='ltr'>si</span> <span class='ocrx_word' id='word_1_136' title='bbox 385 2609 421 2682; x_wconf 92' lang='lat' dir='ltr'>in</span> <span class='ocrx_word' id='word_1_137' title='bbox 439 2607 617 2709; x_wconf 88' lang='lat' dir='ltr'>praedicto</span> <span class='ocrx_word' id='word_1_138' title='bbox 641 2607 716 2707; x_wconf 87' lang='lat' dir='ltr'>aegi</span> <span class='ocrx_word' id='word_1_139' title='bbox 741 2606 891 2709; x_wconf 87' lang='lat' dir='ltr'>primam</span> <span class='ocrx_word' id='word_1_140' title='bbox 913 2608 1077 2709; x_wconf 81' lang='lat' dir='ltr'>syllabam</span> <span class='ocrx_word' id='word_1_141' title='bbox 1100 2611 1303 2711; x_wconf 81' lang='lat' dir='ltr'>produxeris</span> <span class='ocrx_word' id='word_1_142' title='bbox 1332 2668 1342 2704; x_wconf 87' lang='lat'>‚</span> 
     </span>
     <span class='ocr_line' id='line_1_19' title="bbox 337 2725 1344 2832; baseline 0.004 -30"><span class='ocrx_word' id='word_1_143' title='bbox 337 2729 525 2802; x_wconf 85' lang='lat' dir='ltr'>rectissime</span> <span class='ocrx_word' id='word_1_144' title='bbox 543 2727 629 2802; x_wconf 85' lang='lat' dir='ltr'>iacis</span> <span class='ocrx_word' id='word_1_145' title='bbox 650 2783 661 2818; x_wconf 93' lang='lat'>,</span> <span class='ocrx_word' id='word_1_146' title='bbox 687 2725 887 2827; x_wconf 88' lang='lat' dir='ltr'>praesertim</span> <span class='ocrx_word' id='word_1_147' title='bbox 907 2754 991 2803; x_wconf 89' lang='lat' dir='ltr'>cum</span> <span class='ocrx_word' id='word_1_148' title='bbox 1008 2728 1267 2832; x_wconf 82' lang='lat' dir='ltr'>diphthongum</span> <span class='ocrx_word' id='word_1_149' title='bbox 1284 2734 1344 2812; x_wconf 91' lang='lat' dir='ltr'>ha·</span> 
     </span>
     <span class='ocr_line' id='line_1_20' title="bbox 336 2846 1342 2951; baseline 0.004 -28"><span class='ocrx_word' id='word_1_150' title='bbox 336 2851 424 2925; x_wconf 84' lang='lat' dir='ltr'>beat</span> <span class='ocrx_word' id='word_1_151' title='bbox 445 2847 540 2923; x_wconf 85' lang='lat' dir='ltr'>Cum</span> <span class='ocrx_word' id='word_1_152' title='bbox 557 2848 685 2921; x_wconf 85' lang='lat' dir='ltr'>scribas</span> <span class='ocrx_word' id='word_1_153' title='bbox 704 2846 735 2920; x_wconf 90' lang='lat' dir='ltr'>is</span> <span class='ocrx_word' id='word_1_154' title='bbox 753 2847 920 2937; x_wconf 84' lang='lat' dir='ltr'>verbum,</span> <span class='ocrx_word' id='word_1_155' title='bbox 939 2875 1078 2951; x_wconf 89' lang='lat' dir='ltr'>semper</span> <span class='ocrx_word' id='word_1_156' title='bbox 1096 2851 1288 2951; x_wconf 87' lang='lat' dir='ltr'>produces,</span> <span class='ocrx_word' id='word_1_157' title='bbox 1301 2871 1342 2927; x_wconf 92' lang='lat' dir='ltr'>ut</span> 
     </span>
     <span class='ocr_line' id='line_1_21' title="bbox 337 2965 1342 3073; baseline 0.005 -31"><span class='ocrx_word' id='word_1_158' title='bbox 337 2999 379 3044; x_wconf 87' lang='lat' dir='ltr'>eo</span> <span class='ocrx_word' id='word_1_159' title='bbox 397 2970 424 3043; x_wconf 92' lang='lat' dir='ltr'>is</span> <span class='ocrx_word' id='word_1_160' title='bbox 444 2999 455 3066; x_wconf 84' lang='lat'>3</span> <span class='ocrx_word' id='word_1_161' title='bbox 480 2969 569 3043; x_wconf 89' lang='lat' dir='ltr'>sicut</span> <span class='ocrx_word' id='word_1_162' title='bbox 589 2995 718 3069; x_wconf 77' lang='lat' dir='ltr'>nqueo</span> <span class='ocrx_word' id='word_1_163' title='bbox 736 2966 826 3068; x_wconf 87' lang='lat' dir='ltr'>quis.</span> <span class='ocrx_word' id='word_1_164' title='bbox 844 2965 894 3040; x_wconf 85' lang='lat' dir='ltr'>At</span> <span class='ocrx_word' id='word_1_165' title='bbox 915 2994 996 3043; x_wconf 89' lang='lat' dir='ltr'>cum</span> <span class='ocrx_word' id='word_1_166' title='bbox 1014 2968 1143 3046; x_wconf 85' lang='lat' dir='ltr'>scribas</span> <span class='ocrx_word' id='word_1_167' title='bbox 1168 2972 1342 3073; x_wconf 89' lang='lat' dir='ltr'>pronomi-</span> 
     </span>
     <span class='ocr_line' id='line_1_22' title="bbox 340 3088 1342 3209; baseline 0.005 -45"><span class='ocrx_word' id='word_1_168' title='bbox 340 3120 384 3165; x_wconf 89' lang='lat' dir='ltr'>na</span> <span class='ocrx_word' id='word_1_169' title='bbox 407 3091 581 3165; x_wconf 88' lang='lat' dir='ltr'>littcrisis</span> <span class='ocrx_word' id='word_1_170' title='bbox 606 3091 681 3166; x_wconf 83' lang='lat' dir='ltr'>eiua</span> <span class='ocrx_word' id='word_1_171' title='bbox 703 3090 817 3209; x_wconf 52' lang='lat' dir='ltr'>‚Quis</span> <span class='ocrx_word' id='word_1_172' title='bbox 842 3088 945 3164; x_wconf 89' lang='lat' dir='ltr'>cuius</span> <span class='ocrx_word' id='word_1_173' title='bbox 967 3147 978 3178; x_wconf 89' lang='lat'>,</span> <span class='ocrx_word' id='word_1_174' title='bbox 1003 3089 1064 3165; x_wconf 83' lang='lat' dir='ltr'>bas</span> <span class='ocrx_word' id='word_1_175' title='bbox 1090 3092 1342 3193; x_wconf 82' lang='lat' dir='ltr'>monosyllabas</span> 
     </span>
     <span class='ocr_line' id='line_1_23' title="bbox 339 3209 1343 3315; baseline 0.003 -28"><span class='ocrx_word' id='word_1_176' title='bbox 339 3240 472 3315; x_wconf 87' lang='lat' dir='ltr'>semper</span> <span class='ocrx_word' id='word_1_177' title='bbox 496 3214 683 3314; x_wconf 87' lang='lat' dir='ltr'>corripito.</span> <span class='ocrx_word' id='word_1_178' title='bbox 708 3209 757 3286; x_wconf 82' lang='lat' dir='ltr'>Et</span> <span class='ocrx_word' id='word_1_179' title='bbox 781 3240 864 3287; x_wconf 92' lang='lat' dir='ltr'>cum</span> <span class='ocrx_word' id='word_1_180' title='bbox 887 3211 1009 3286; x_wconf 88' lang='lat' dir='ltr'>scribis</span> <span class='ocrx_word' id='word_1_181' title='bbox 1036 3214 1090 3288; x_wconf 91' lang='lat' dir='ltr'>tui</span> <span class='ocrx_word' id='word_1_182' title='bbox 1116 3241 1343 3314; x_wconf 86' lang='lat' dir='ltr'>pronomen,</span> 
     </span>
     <span class='ocr_line' id='line_1_24' title="bbox 338 3330 1345 3438; baseline 0.002 -29"><span class='ocrx_word' id='word_1_183' title='bbox 338 3335 492 3438; x_wconf 87' lang='lat' dir='ltr'>priorem</span> <span class='ocrx_word' id='word_1_184' title='bbox 509 3334 674 3435; x_wconf 86' lang='lat' dir='ltr'>syllabam</span> <span class='ocrx_word' id='word_1_185' title='bbox 693 3331 884 3435; x_wconf 89' lang='lat' dir='ltr'>producere</span> <span class='ocrx_word' id='word_1_186' title='bbox 903 3330 1025 3408; x_wconf 81' lang='lat' dir='ltr'>debesa</span> <span class='ocrx_word' id='word_1_187' title='bbox 1044 3359 1127 3408; x_wconf 91' lang='lat' dir='ltr'>oum</span> <span class='ocrx_word' id='word_1_188' title='bbox 1144 3351 1263 3410; x_wconf 91' lang='lat' dir='ltr'>autem</span> <span class='ocrx_word' id='word_1_189' title='bbox 1282 3338 1345 3411; x_wconf 91' lang='lat' dir='ltr'>im-</span> 
     </span>
     <span class='ocr_line' id='line_1_25' title="bbox 338 3450 1346 3556; baseline 0.004 -29"><span class='ocrx_word' id='word_1_190' title='bbox 338 3454 492 3556; x_wconf 86' lang='lat' dir='ltr'>perativo</span> <span class='ocrx_word' id='word_1_191' title='bbox 503 3453 607 3527; x_wconf 88' lang='lat' dir='ltr'>modo</span> <span class='ocrx_word' id='word_1_192' title='bbox 618 3451 724 3527; x_wconf 82' lang='lat' dir='ltr'>activi</span> <span class='ocrx_word' id='word_1_193' title='bbox 736 3451 831 3525; x_wconf 83' lang='lat' dir='ltr'>verbi</span> <span class='ocrx_word' id='word_1_194' title='bbox 847 3450 1025 3551; x_wconf 83' lang='lat' dir='ltr'>scripseris</span> <span class='ocrx_word' id='word_1_195' title='bbox 1044 3452 1120 3543; x_wconf 90' lang='lat' dir='ltr'>tui,</span> <span class='ocrx_word' id='word_1_196' title='bbox 1139 3473 1346 3556; x_wconf 87' lang='lat' dir='ltr'>sequentem</span> 
     </span>
     <span class='ocr_line' id='line_1_26' title="bbox 337 3567 1344 3674; baseline 0.002 -27"><span class='ocrx_word' id='word_1_197' title='bbox 337 3573 501 3674; x_wconf 83' lang='lat' dir='ltr'>syllabam</span> <span class='ocrx_word' id='word_1_198' title='bbox 525 3571 708 3674; x_wconf 86' lang='lat' dir='ltr'>produces.</span> <span class='ocrx_word' id='word_1_199' title='bbox 737 3567 802 3643; x_wconf 86' lang='lat' dir='ltr'>Est</span> <span class='ocrx_word' id='word_1_200' title='bbox 831 3586 949 3644; x_wconf 90' lang='lat' dir='ltr'>autem</span> <span class='ocrx_word' id='word_1_201' title='bbox 980 3569 1048 3644; x_wconf 90' lang='lat' dir='ltr'>hoc</span> <span class='ocrx_word' id='word_1_202' title='bbox 1074 3572 1219 3647; x_wconf 80' lang='lat' dir='ltr'>verbum</span> <span class='ocrx_word' id='word_1_203' title='bbox 1249 3591 1344 3667; x_wconf 91' lang='lat' dir='ltr'>tuo,</span> 
     </span>
     <span class='ocr_line' id='line_1_27' title="bbox 339 3688 1345 3794; baseline 0.003 -25"><span class='ocrx_word' id='word_1_204' title='bbox 339 3695 439 3785; x_wconf 88' lang='lat' dir='ltr'>tuis,</span> <span class='ocrx_word' id='word_1_205' title='bbox 466 3694 534 3768; x_wconf 89' lang='lat' dir='ltr'>tuit</span> <span class='ocrx_word' id='word_1_206' title='bbox 554 3724 565 3790; x_wconf 84' lang='lat'><em>3</em></span> <span class='ocrx_word' id='word_1_207' title='bbox 591 3709 628 3766; x_wconf 91' lang='lat' dir='ltr'>et</span> <span class='ocrx_word' id='word_1_208' title='bbox 646 3708 839 3766; x_wconf 72' lang='lat' dir='ltr'>cernemus</span> <span class='ocrx_word' id='word_1_209' title='bbox 861 3747 872 3781; x_wconf 98' lang='lat'>,</span> <span class='ocrx_word' id='word_1_210' title='bbox 897 3688 990 3764; x_wconf 90' lang='lat' dir='ltr'>clare</span> <span class='ocrx_word' id='word_1_211' title='bbox 1013 3692 1151 3794; x_wconf 89' lang='lat' dir='ltr'>aspicio.</span> <span class='ocrx_word' id='word_1_212' title='bbox 1170 3693 1221 3769; x_wconf 86' lang='lat' dir='ltr'>At</span> <span class='ocrx_word' id='word_1_213' title='bbox 1246 3696 1276 3770; x_wconf 90' lang='lat' dir='ltr'>si</span> <span class='ocrx_word' id='word_1_214' title='bbox 1300 3698 1345 3772; x_wconf 89' lang='lat' dir='ltr'>de</span> 
     </span>
     <span class='ocr_line' id='line_1_28' title="bbox 340 3809 1347 3915; baseline -0.01 -27"><span class='ocrx_word' id='word_1_215' title='bbox 340 3813 463 3888; x_wconf 90' lang='lat' dir='ltr'>tutella</span> <span class='ocrx_word' id='word_1_216' title='bbox 483 3813 534 3915; x_wconf 81' lang='lat' dir='ltr'>(b)</span> <span class='ocrx_word' id='word_1_217' title='bbox 556 3810 709 3901; x_wconf 81' lang='lat' dir='ltr'>dixeris,</span> <span class='ocrx_word' id='word_1_218' title='bbox 736 3827 837 3886; x_wconf 85' lang='lat' dir='ltr'>tueor</span> <span class='ocrx_word' id='word_1_219' title='bbox 861 3866 871 3900; x_wconf 98' lang='lat'>,</span> <span class='ocrx_word' id='word_1_220' title='bbox 896 3809 1008 3907; x_wconf 77' lang='lat' dir='ltr'>tueris</span> <span class='ocrx_word' id='word_1_221' title='bbox 1031 3867 1042 3900; x_wconf 93' lang='lat'>,</span> <span class='ocrx_word' id='word_1_222' title='bbox 1068 3811 1243 3890; x_wconf 74' lang='lat' dir='ltr'>secundae</span> <span class='ocrx_word' id='word_1_223' title='bbox 1264 3844 1347 3891; x_wconf 89' lang='lat' dir='ltr'>con·</span> 
     </span>
    </p>
   </div>
   <div class='ocr_carea' id='block_1_5' title="bbox 347 3970 1347 4128">
    <p class='ocr_par' dir='ltr' id='par_1_6' title="bbox 347 3970 1347 4128">
     <span class='ocr_line' id='line_1_29' title="bbox 421 3970 1347 4055; baseline 0.001 -18"><span class='ocrx_word' id='word_1_224' title='bbox 421 3987 461 4055; x_wconf 82' lang='grc' dir='ltr'>(ι)</span> <span class='ocrx_word' id='word_1_225' title='bbox 477 3995 566 4049; x_wconf 67' lang='lat' dir='ltr'>Nempe</span> <span class='ocrx_word' id='word_1_226' title='bbox 576 3970 682 4034; x_wconf 40' lang='lat' dir='ltr'>&#39;scribes</span> <span class='ocrx_word' id='word_1_227' title='bbox 700 3992 792 4050; x_wconf 66' lang='lat' dir='ltr'>temper</span> <span class='ocrx_word' id='word_1_228' title='bbox 806 3995 882 4032; x_wconf 78' lang='lat' dir='ltr'>tamen</span> <span class='ocrx_word' id='word_1_229' title='bbox 898 3995 959 4032; x_wconf 76' lang='lat' dir='ltr'>errat</span> <span class='ocrx_word' id='word_1_230' title='bbox 970 3992 1070 4047; x_wconf 81' lang='lat' dir='ltr'>aspirata</span> <span class='ocrx_word' id='word_1_231' title='bbox 1088 3991 1130 4034; x_wconf 81' lang='lat' dir='ltr'>hoe</span> <span class='ocrx_word' id='word_1_232' title='bbox 1146 3991 1241 4041; x_wconf 73' lang='lat' dir='ltr'>nabun</span> <span class='ocrx_word' id='word_1_233' title='bbox 1254 3993 1277 4038; x_wconf 80' lang='lat' dir='ltr'>ia</span> <span class='ocrx_word' id='word_1_234' title='bbox 1293 4007 1347 4042; x_wconf 77' lang='lat' dir='ltr'>usa·</span> 
     </span>
     <span class='ocr_line' id='line_1_30' title="bbox 347 4062 1173 4128; baseline -0.002 -14"><span class='ocrx_word' id='word_1_235' title='bbox 347 4078 384 4114; x_wconf 84' lang='lat' dir='ltr'>tro</span> <span class='ocrx_word' id='word_1_236' title='bbox 399 4067 486 4117; x_wconf 77' lang='lat' dir='ltr'>rodier.</span> <span class='ocrx_word' id='word_1_237' title='bbox 518 4063 559 4128; x_wconf 82' lang='lat' dir='ltr'>(h)</span> <span class='ocrx_word' id='word_1_238' title='bbox 578 4068 614 4111; x_wconf 84' lang='lat' dir='ltr'>lta</span> <span class='ocrx_word' id='word_1_239' title='bbox 627 4065 676 4111; x_wconf 75' lang='lat' dir='ltr'>cod.</span> <span class='ocrx_word' id='word_1_240' title='bbox 691 4073 716 4109; x_wconf 86' lang='lat' dir='ltr'>ut</span> <span class='ocrx_word' id='word_1_241' title='bbox 732 4067 755 4110; x_wconf 84' lang='lat' dir='ltr'>iu</span> <span class='ocrx_word' id='word_1_242' title='bbox 772 4062 824 4111; x_wconf 81' lang='lat' dir='ltr'>aliis</span> <span class='ocrx_word' id='word_1_243' title='bbox 841 4065 941 4128; x_wconf 74' lang='lat' dir='ltr'>antiquis</span> <span class='ocrx_word' id='word_1_244' title='bbox 956 4067 1017 4111; x_wconf 74' lang='lat' dir='ltr'>uss·</span> <span class='ocrx_word' id='word_1_245' title='bbox 1034 4073 1173 4124; x_wconf 77' lang='lat' dir='ltr'>constrator,</span> 
     </span>
    </p>
   </div>
   <div class='ocr_carea' id='block_1_6' title="bbox 0 0 1705 5206">
    <p class='ocr_par' dir='ltr' id='par_1_7' title="bbox 0 0 1705 5206">
     <span class='ocr_line' id='line_1_31' title="bbox 0 0 1705 5206; baseline 0 0"><span class='ocrx_word' id='word_1_246' title='bbox 0 0 1705 5206; x_wconf 95' lang='lat' dir='ltr'> </span> 
     </span>
    </p>
   </div>
  </div>
 </body>
</html>
