3382 5206
344 642 391 721 ³8
705 664 856 714 cremona
883 666 932 713 nr.

317 779 455 865 rimus,
475 775 603 879 quihus
623 772 729 848 multi
749 791 784 847 et
804 770 1023 851 famosissimi
1042 775 1226 874 praefuere
1239 766 1336 865 siri,

319 897 498 972 lulianum
512 896 594 973 dico
605 952 616 985 ‚
628 911 664 968 et
675 891 908 983 merentium,
923 893 1170 993 Galhungum,
1182 911 1216 968 et
1228 894 1338 970 Glen·

318 1006 425 1116 gum,
438 1014 581 1089 etduos
603 1013 791 1112 Gregorius
803 1070 813 1103 ‚
824 1011 1002 1112 Regulum
1012 1031 1072 1103 ,et
1084 1014 1274 1112 rheginum
1287 1019 1334 1115 (a)

321 1133 620 1235 Corneliumlr),
639 1132 757 1206 virum
775 1132 856 1206 satis
876 1132 1122 1233 eloquentem,
1142 1160 1289 1229 graecae
1303 1150 1339 1207 et

319 1253 505 1327 hebraicae
524 1252 666 1352 linguae
686 1253 986 1353 promptissimum
1004 1253 1259 1354 interpretem3
1280 1282 1341 1328 cu·

320 1375 433 1450 insin
452 1373 560 1448 latino
573 1402 740 1448 sermone
760 1372 875 1473 fulgor
895 1374 1030 1471 ingenii
1049 1391 1166 1449 tantus
1187 1391 1261 1449 erat
1275 1431 1284 1463 ,
1297 1391 1339 1448 ut

322 1493 412 1569 niln’l
431 1494 621 1567 obscurum
640 1493 841 1593 relinquere
860 1492 1112 1593 videaturzqui
1129 1518 1339 1592 mequoque

326 1632 361 1689 et
395 1614 483 1688 duos
516 1612 604 1686 lilios
636 1611 766 1686 Iuliani
788 1668 797 1700 ,
828 1610 1011 1687 Donatum
1041 1613 1308 1709 grammaticum
1331 1669 1341 1697 ,

326 1755 362 1811 et
380 1735 522 1841 Donem
541 1737 639 1836 prius
658 1735 835 1808 rhetorem
858 1734 964 1809 simul
986 1753 1020 1808 et
1040 1734 1310 1832 grammaticum
1333 1792 1343 1822 ,

325 1874 445 1960 postea
463 1856 605 1929 fidelem
624 1837 727 1928 modo
747 1857 991 1955 presbyterum
1011 1912 1020 1943 ‚
1041 1854 1084 1927 ad
1102 1882 1140 1926 se
1158 1855 1342 1927 venientes

323 1977 478 2076 benigne
509 2003 550 2049 ac
581 1975 820 2049 liberalissime
851 1975 1047 2075 suscipiens
1080 1974 1205 2049 docuit
1236 1973 1341 2073 pleno

323 2097 536 2171 rhetoricam
555 2123 675 2170 mense
695 2113 807 2170 artem
828 2153 837 2185 ,
865 2114 900 2169 et
921 2095 987 2168 alio
1007 2097 1211 2195 poeticam,
1239 2111 1275 2166 et
1294 2094 1341 2167 de

322 2216 465 2316 reliquis
485 2215 762 2314 grammaticam:
789 2233 823 2288 et
849 2216 895 2287 ita
921 2213 1078 2287 anno⁸in
1108 2213 1268 2287 convictu
1292 2214 1341 2315 (h)

322 2335 429 2434 ipsius
449 2333 595 2407 scholari
615 2333 685 2411 diei
705 2334 885 2432 noctisque
911 2361 1081 2431 usurpans
1105 2349 1182 2404 acto
1206 2389 1215 2422 ‚
1245 2332 1342 2432 quasi

215 2463 220 2478 '
326 2455 467 2529 culmen
486 2454 661 2555 quoddam
682 2455 778 2527 omni
797 2453 1017 2552 discipulatui
1046 2469 1187 2540 nostro,
1209 2480 1279 2551 quo
1300 2452 1341 2522 ad

272 2672 279 2679 ..
325 2574 560 2675 magisterium
584 2601 759 2649 summum
787 2573 1003 2673 pervenirem
1035 2630 1046 2665 2
1076 2574 1235 2669 exiguam
1263 2572 1344 2645 licet

324 2713 441 2769 nostra
460 2723 522 2795 pro
543 2695 779 2799 mediocritate
791 2693 965 2790 attigimus
977 2710 1118 2792 portem.
1132 2691 1248 2786 Quem
1262 2719 1344 2764 com

327 2843 431 2916 super
451 2814 545 2892 verbi
566 2832 656 2889 statu
676 2816 924 2912 interrogarem
947 2872 957 2902 ,
979 2831 1098 2887 utrurn
1117 2841 1189 2886 uno
1210 2813 1347 2886 codem-

330 2962 398 3034 que
418 2932 521 3008 modo
543 2932 634 3006 idem
653 2949 761 3005 status
781 2932 906 3005 seruari
927 2932 1054 3032 possit,
1075 2932 1143 3003 hoe
1171 2931 1269 3003 nobis
1298 2959 1348 3002 rc·

331 3080 497 3153 sponsum
516 3081 650 3127 summa
662 3081 744 3127 cum
756 3053 965 3126 exultatione
978 3053 1075 3125 dedit
1089 3109 1099 3140 ‚
1111 3051 1192 3152 quia
1203 3052 1349 3125 verbum

330 3173 440 3249 simile
462 3201 533 3247 esse
553 3175 657 3246 debet
675 3173 748 3270 regi
772 3230 782 3261 ‚
804 3173 904 3246 cuius
923 3173 1030 3245 animi
1053 3174 1100 3272 (c)
1123 3189 1229 3245 status
1249 3173 1349 3245 multi

330 3311 365 3366 et
384 3291 507 3366 diversi
528 3309 632 3367 sunt:
652 3320 724 3364 non
745 3291 839 3364 enirn
859 3292 896 3364 iu
917 3291 1036 3364 sedatu
1050 3291 1101 3390 (d)
1116 3308 1149 3363 et
1165 3291 1256 3364 bello
1276 3319 1348 3364 uno

329 3410 432 3490 modo
452 3428 573 3508 regnat
597 3468 606 3499 ,
631 3437 745 3510 neque
766 3411 804 3482 in
825 3410 949 3507 gaudio
970 3427 1004 3482 et
1025 3410 1160 3482 tristitia
1182 3440 1190 3484 :
1219 3409 1348 3510 aliquo

334 3531 397 3605 ties
424 3529 524 3605 enirn
550 3529 707 3628 rigidum
735 3558 838 3622 esse,
865 3529 1058 3631 aliquoties
1078 3529 1220 3618 mitem,
1247 3529 1351 3603 modo

396 3696 435 3762 (ι)
452 3698 508 3742 Cod-
522 3704 638 3753 reginum.
650 3698 747 3744 Videtur
758 3709 835 3744 antam
848 3716 928 3743 consen
946 3703 1019 3759 gentis
1031 3697 1068 3745 ecl
1082 3701 1186 3758 patriae,
1203 3706 1240 3740 sut
1253 3698 1338 3744 adiecti

336 3788 391 3819 rum
409 3777 486 3834 potius
504 3773 631 3826 Cornelii,
655 3792 724 3835 quain
749 3781 866 3837 proprium
890 3779 968 3832 littera
989 3778 1075 3823 intristi
1100 3791 1178 3835 inagna
1196 3775 1348 3821 acritscrnhnn.

334 3850 474 3915 ceteroquin
492 3848 599 3919 Regi-'eges
615 3866 724 3908 agnomen
744 3851 829 3914 legitur
846 3857 867 3898 in
890 3857 989 3919 arutiqrta‘
1007 3856 1155 3914 inscriptione
1176 3854 1235 3911 aqud
1258 3856 1349 3895 Petrum

338 3928 444 3970 &binum
461 3941 502 3970 Μ’
521 3926 573 3974 ι’ῠῙ.
592 3940 638 3974 val.
659 3944 682 3986 p.
701 3939 724 3984 9-
756 3935 795 3990 (h)
812 3933 867 3974 Cn-l·
887 3926 999 3974 convriun·
1031 3931 1067 3991 (e)
1087 3933 1141 3977 Cotl·
1155 3914 1223 3974 ¹atttrtt'.
1256 3927 1295 3990 (tl)
1314 3935 1351 3974 lla

341 4003 393 4055 eod.
412 4008 471 4048 num
486 4017 526 4061 pro
543 3997 648 4050 sertulae?
665 4003 704 4048 vel
720 4007 806 4067 sedatu
826 4024 866 4066 pro
883 4002 985 4069 φηςιν]

418 4127 466 4197 (ι)
487 4125 518 4179 ln
538 4126 654 4193 margine
673 4125 833 4183 adnotatur:
857 4131 1001 4209 serendus
1022 4133 1155 4201 nrugirter·
1175 4128 1291 4182 Donati.
