3382 5206
358 531 405 611 58
734 557 884 605 asisium
904 558 952 605 m.

302 667 309 771 f
329 667 483 769 Propter
498 664 593 768 quod
614 664 718 738 etiam
733 664 961 738 indicativum
975 664 1119 738 modum
1140 664 1177 738 in
1195 664 1346 737 eundem

327 789 563 889 praedictum,
581 786 617 859 id
630 802 681 859 est
695 786 960 859 coniunctivum
978 785 1023 884 (a)
1038 842 1047 873 ‚
1061 784 1290 881 redigendum
1305 814 1345 858 ae

330 907 575 1008 recipiendum
600 905 765 979 nonnulli
789 923 945 979 veterum
977 921 1146 1005 putarunt
1175 935 1185 1000 3
1218 906 1346 1005 quibus

329 1056 398 1102 nee
408 1056 471 1127 ego
482 1056 655 1101 rennuere
668 1054 820 1127 possum
830 1024 978 1120 Quoties
990 1054 1071 1121 ergo
1081 1026 1128 1126 (b)
1139 1026 1348 1099 indicativus

328 1148 454 1221 modus
481 1145 674 1219 sententiae
697 1147 743 1244 (c)
777 1162 883 1244 caput
903 1173 975 1217 non
1002 1145 1084 1216 lacit
1114 1202 1123 1232 ‚
1155 1145 1346 1243 simplicem

329 1265 613 1340 coniunctionem
632 1263 735 1338 saciat
754 1291 896 1336 neeesse
922 1279 982 1338 est.
1005 1261 1211 1362 Simplicem
1229 1281 1347 1337 autem

328 1384 408 1458 ideo
427 1383 599 1471 dicimus,
615 1383 699 1483 quia
719 1410 792 1455 non
812 1398 921 1454 tama
941 1382 1052 1455 doctis
1069 1438 1078 1470 ‚
1098 1410 1207 1481 quam
1228 1412 1247 1455 a
1267 1385 1346 1457 sim-

326 1506 475 1606 plicibus
495 1534 543 1593 ae
570 1504 750 1604 prosaticis
776 1504 959 1575 exordium
978 1503 1127 1603 sumpsit
1151 1504 1238 1576 haec
1259 1507 1343 1577 seri-

327 1626 433 1700 bendi
460 1626 703 1700 consuetudo.
728 1624 896 1699 Ceterum
923 1641 1006 1722 aput
1032 1624 1160 1722 peritos
1186 1652 1344 1724 quosque

327 1745 515 1819 latinorum
541 1772 644 1818 omne
671 1745 815 1817 verbum
841 1742 935 1843 quod
957 1771 1029 1815 non
1049 1743 1091 1814 ad
1113 1743 1270 1816 dicturae
1294 1746 1342 1843 (d)

329 1884 433 1966 caput
460 1867 675 1966 pertineret,
696 1865 923 1938 coniunctivo
950 1890 1086 1962 semper
1112 1864 1214 1936 modo
1241 1892 1346 1963 pone·

326 1985 441 2063 batur.

409 2134 467 2208 27.
495 2105 604 2180 Nunc
625 2105 668 2178 de
689 2104 961 2201 subliguratione
988 2103 1177 2175 breviarius
1203 2103 1345 2202 quidam

326 2254 438 2299 senno
458 2226 628 2299 dicendus
649 2242 710 2303 est.
732 2224 896 2297 Primum
916 2252 996 2321 ergo
1017 2224 1272 2322 requirendum
1293 2241 1343 2296 est

326 2374 433 2447 quare
460 2346 662 2446 compositio
688 2346 792 2418 verbo
820 2344 963 2418 accidat.
986 2342 1044 2416 Ob
1070 2361 1141 2416 tres
1161 2361 1200 2416 ut
1220 2345 1346 2443 opinor

326 2494 473 2556 causas,
495 2492 643 2566 quarum
667 2466 778 2565 prima
804 2481 856 2537 est
875 2481 1017 2563 propter
1036 2491 1206 2536 sensuum
1232 2463 1345 2563 exple·

326 2585 457 2659 tionem
484 2602 517 2658 et
542 2585 821 2658 immutationem
849 2614 858 2658 ε
890 2582 1046 2655 secunda
1071 2567 1212 2684 propter
1229 2587 1341 2660 ,metri

325 2705 639 2806 compositionem:
665 2705 764 2777 tertia
785 2704 1100 2803 propterloquelae
1128 2705 1238 2804 ipsius
1265 2707 1343 2778 elra-

325 2840 493 2897 racterem
515 2824 560 2924 (e)
582 2822 876 2922 componendum.
904 2820 1061 2894 Primam
1090 2850 1229 2895 causam
1256 2824 1343 2897 ‹lixi-

325 2970 403 3016 mus
429 2970 501 3014 esse
532 3000 542 3030 ‚
568 2969 637 3042 qua
663 2969 724 3040 per
756 2942 884 3038 figuras
919 2941 1122 3039 compositas
1154 2970 1274 3015 sensus
1309 2962 1344 3016 et

323 3060 509 3160 explentur
535 3077 569 3132 et
595 3060 849 3132 immutantur.
872 3057 1067 3157 Explentur
1093 3060 1236 3160 quidem
1263 3092 1345 3136 cum

323 3179 496 3280 perhanc
517 3181 711 3276 figurarum
731 3178 1002 3278 assumptionem
1024 3182 1248 3279 perfectiores
1269 3185 1346 3257 red-

324 3301 458 3374 duntur
478 3301 690 3389 sententiae,
712 3316 752 3372 ut
771 3299 800 3372 si
819 3299 976 3373 dicamus
996 3301 1075 3376 dico
1095 3304 1237 3402 perdico
1256 3361 1264 3392 ‚
1286 3307 1346 3380 do·

325 3449 388 3495 ceo
415 3423 587 3523 perdoceo
612 3478 621 3511 ‚
642 3420 732 3493 facio
758 3420 911 3521 perficio.
932 3419 1024 3495 Dico
1052 3424 1147 3496 enim
1174 3443 1208 3496 et
1234 3426 1344 3498 doceo

323 3559 359 3614 et
378 3541 470 3614 facio
491 3541 594 3613 etiam
617 3541 659 3649 ab
679 3539 878 3647 incipiendo
898 3560 1042 3639 possunt
1062 3541 1239 3640 intellegi:
1259 3574 1343 3618 cum

322 3677 441 3734 autem
461 3661 611 3734 docendi
633 3678 693 3734 aut
713 3661 854 3735 dicendi
874 3679 934 3734 aut
956 3663 1066 3761 operis
1088 3664 1240 3736 faciendi
1262 3667 1340 3737 finis

317 3779 492 3852 advenerit
515 3838 523 3869 ‚
552 3798 639 3854 tunc
656 3810 737 3881 per·
755 3781 959 3881 compositio
988 3782 1080 3856 adici
1107 3802 1230 3881 potest.
1251 3785 1338 3857 Mu.

400 3959 440 4028 (a)
458 3964 513 4011 emt,
538 3970 748 4010 connectaris-am.
797 3960 912 4027 (11)le
937 3977 961 4008 et
986 3984 1036 4022 rso.
1085 3967 1120 4025 (c)
1139 3968 1192 4013 cod·
1214 3977 1341 4008 vserite-ntus·

321 4038 360 4098 (d)
378 4043 434 4083 eut·
451 4043 575 4085 adtame-
625 4042 661 4101 (ο)
681 4043 734 4086 (ζυιΙ-
752 4045 768 4084 ι(
777 4060 872 4085 munem.
