3382 5206
744 589 886 637 serron
911 589 953 637 m
1269 589 1340 665 1⁸19
1369 572 1373 583 '

360 826 556 906 INCIPIT
582 827 644 905 IV.
670 827 738 904 DE
761 826 1325 909 COGNOMINATIONIBUS

353 1003 356 1006 -
458 946 717 1024 NOMINUM
744 945 917 1042 ATQUE
945 945 1239 1024 VEIIBORUM.

369 1215 398 1263 ι.
419 1097 626 1265 Memini
644 1215 701 1260 me
720 1215 740 1261 a
759 1185 923 1276 Donato,
943 1215 1021 1261 meo
1040 1185 1226 1278 discente,
1244 1205 1360 1265 vestro

335 1307 515 1408 municipe
549 1308 629 1407 (1),
657 1306 821 1379 hesterno
848 1323 1007 1404 rogatum
1039 1333 1159 1392 anno,
1190 1321 1231 1379 ut
1256 1307 1356 1382 unde

334 1428 470 1503 eaelum
488 1427 626 1501 dictum
646 1426 691 1500 sit
709 1426 897 1528 aperirem:
919 1427 978 1500 cui
999 1426 1246 1528 respondinon
1257 1426 1354 1502 illius

331 1547 498 1648 temporis
518 1547 624 1620 luisse
650 1546 684 1618 ei
716 1547 815 1646 operi
842 1546 1048 1646 impendere
1079 1564 1243 1622 mentem.
1273 1545 1351 1622 Cui

335 1668 388 1740 rei
413 1666 568 1740 festinati
594 1666 631 1738 id
663 1667 831 1766 temporis
855 1695 977 1739 vacare
1002 1694 1075 1741 non
1107 1666 1243 1766 potui,
1272 1693 1353 1747 eam

335 1815 434 1860 nunc
460 1804 595 1859 vestrae
614 1785 795 1858 dilectioni
814 1785 991 1882 largibor,
1018 1785 1084 1857 alia
1113 1785 1357 1886 superadditu-

335 1933 405 1981 rus.
429 1903 578 1979 Caelum
597 1905 640 1977 ab
659 1905 724 1976 hoc
745 1903 815 1976 dici
835 1920 994 2002 putatur,
1014 1904 1096 2003 quia
1116 1905 1288 2003 quaedam
1302 1904 1354 1979 in·

337 2039 390 2094 tra
403 2051 438 2095 se
452 2021 591 2120 grandia
614 2021 706 2094 celat
717 2049 862 2116 areana3
883 2022 1042 2121 etipsum
1064 2039 1182 2095 aerum
1204 2025 1250 2124 (a)
1265 2029 1352 2126 quia
1454 2021 1458 2028 ’

335 2143 454 2241 spatiis
481 2143 700 2242 nubiumque
733 2142 920 2214 obstaculis
955 2143 998 2214 ab
1028 2143 1190 2215 humanis
1218 2142 1354 2219 celatur

333 2261 514 2334 obtutibus
537 2261 586 2361 (b)
608 2259 797 2333 rectissime
818 2287 949 2332 nomen
976 2260 1113 2360 accipit.
1136 2256 1261 2334 Altum
1279 2288 1353 2334 cae·

331 2374 406 2448 lum
441 2377 595 2450 diximus
618 2406 628 2472 3
658 2377 718 2450 sed
739 2376 889 2448 altitudo
911 2394 947 2449 et
973 2375 1247 2476 profunditatem
1266 2407 1353 2453 non·

331 2522 525 2596 numquam
557 2496 740 2593 significat:
768 2496 923 2595 denique
946 2497 1017 2569 sive
1039 2525 1130 2570 mare
1160 2497 1230 2571 sive
1257 2499 1354 2598 quic·

330 2615 416 2714 quid
443 2616 533 2687 inlra
563 2631 689 2687 terram
728 2632 781 2688 est
812 2615 994 2715 positum,
1032 2616 1143 2688 altum
1173 2617 1354 2690 nominan-

330 2733 416 2805 dum
437 2751 497 2808 est.
526 2731 632 2805 Sicut
654 2748 688 2804 et
708 2761 812 2806 senex
840 2732 1062 2808 Donatus:“
1086 2734 1229 2806 obsecro
1254 2763 1313 2809 vos
1332 2764 1354 2809 o
1481 2828 1483 2833 ³

334 2910 359 2941 „
386 2853 444 2924 alti
456 2852 671 2953 quicumque
685 2854 786 2942 estis,
809 2854 953 2926 emittite
968 2853 1010 2926 ad
1024 2881 1078 2925 mc
1092 2853 1217 2943 solem,
1237 2872 1350 2931 terrae

333 3030 358 3062 ‚‚
385 2974 562 3047 lucentem
574 2974 669 3047 diem
680 2976 841 3074 protinus
857 2975 1088 3064 allaturum„
1109 2973 1219 3046 Terra
1228 2976 1272 3049 ob
1284 2977 1351 3051 hoc

325 3093 454 3166 dicitur
472 3094 554 3194 quia
574 3094 759 3167 hominum
780 3094 925 3194 pedibus
948 3094 1081 3168 teritur.
1105 3093 1177 3166 Sed
1211 3111 1264 3168 ter
1285 3096 1347 3194 igi-

224 3204 228 3210 ’
329 3228 388 3283 tur
407 3211 656 3300 ·Rd·dicitur‚
679 3212 791 3311 primo
803 3211 896 3311 quod
912 3241 952 3283 ex
966 3239 1003 3283 oa
1016 3212 1213 3301 nascimur,
1234 3215 1351 3314 proin·

327 3330 370 3402 rle
393 3360 433 3403 ex
451 3330 653 3403 huiusmodi
675 3330 726 3401 ·R·
761 3329 971 3403 Secundum
999 3330 1092 3429 quod
1127 3332 1205 3403 eius
1230 3335 1352 3407 frueti-

327 3450 395 3522 bns
415 3450 541 3523 alimur
562 3479 601 3523 ac
624 3478 829 3525 recreamur.
857 3450 978 3523 Tertio
1004 3449 1096 3548 qnod
1130 3450 1166 3521 in
1195 3480 1272 3525 eam
1297 3481 1350 3526 re·

327 3569 432 3641 soluti
453 3570 561 3643 veluti
583 3571 620 3642 in
640 3571 762 3643 matris
782 3571 920 3644 vulvam
941 3569 1175 3644 recondimur.
1198 3570 1349 3646 Caelum

327 3691 371 3761 ab
399 3688 565 3762 Hebraeis
584 3719 751 3790 aquarum
782 3692 947 3764 collectus
969 3705 1091 3767 *ww
1112 3693 1254 3766 dicitur.
1284 3691 1347 3766 Sol

408 3855 445 3918 (ι)
463 3860 499 3898 tta
518 3855 580 3919 ‘''‘''.
602 3855 639 3915 (li)
655 3856 786 3899 otntrun'e'ne
803 3873 856 3900 sua,

404 3965 445 4032 (ι)
465 3965 491 4013 Si
509 3980 571 4025 erqo
592 3963 639 4014 tut.
661 3961 785 4014 Germani
807 3965 892 4033 putria
924 3966 1067 4018 innotescet
1098 3965 1202 4039 Airita.
1230 3963 1335 4017 Attica-

338 4069 400 4100 uom
419 4063 524 4120 quoque
546 4051 677 4101 Donatum
696 4051 817 4102 solertius.
