3382 5206
359 505 429 602 ηδ

328 635 362 688 le.
385 633 436 687 set
457 632 509 705 lnce
533 651 601 704 quae
621 635 676 688 rint
700 636 824 693 nomina.

331 746 400 800 quac
429 744 465 783 eu
481 738 595 797 utraque
613 724 696 791 torua
712 725 751 780 nic
776 727 824 777 ad-

330 813 421 870 verbio
442 814 560 873 iaciant.
581 815 608 867 in
632 813 704 867 rouir
728 830 826 885 conpe-

327 917 414 961 tenter
433 901 594 965 docebimus.
614 902 650 956 tt
671 920 733 956 vero
746 920 826 972 quoc-

327 1013 440 1067 cunque
458 994 566 1051 nomina
588 992 687 1046 scilioet
708 992 825 1063 rppella·

327 1087 385 1141 tin
404 1084 570 1141 nominativo
586 1099 649 1135 casu
664 1083 763 1136 numeri
778 1082 826 1135 aci-

327 1176 392 1230 licct
407 1174 550 1247 tirtgularie
572 1172 615 1225 lain
634 1171 721 1225 tribua
734 1187 827 1241 cupra-

326 1264 534 1335 tcriptitformit
552 1261 732 1318 definiantur.
747 1260 775 1312 id
786 1273 827 1313 ert

330 1371 397 1407 unt·
417 1370 468 1407 ere·
486 1370 559 1419 eun,
576 1360 604 1403 et
622 1346 746 1403 adverbia
762 1346 828 1398 lace·

328 1460 356 1497 re
373 1452 499 1514 ponunt.
512 1441 576 1495 lrnec
595 1440 688 1494 dativo
699 1455 761 1490 casu
775 1454 826 1488 nu·

328 1529 394 1583 neri
408 1528 552 1597 aingulrric
565 1527 685 1580 ultimam
698 1523 826 1594 syllabam

327 1622 472 1678 arnittunt.
484 1630 512 1674 et
523 1630 584 1671 ·ter·
603 1614 736 1684 npllabam
754 1612 827 1665 aeci-

330 1710 426 1782 piunt,
436 1720 465 1763 et
478 1704 604 1761 adverbia
612 1721 660 1757 sua
667 1702 827 1757 ostendant.

330 1811 362 1853 nt
378 1809 445 1871 puta
462 1812 572 1851 arnano.
592 1791 712 1874 amanti.
734 1807 825 1843 ornan·

329 1899 387 1950 tert
411 1884 536 1956 capient,
555 1880 689 1951 capienti,
718 1877 826 1949 copien—

327 1988 385 2037 ter3
404 1976 490 2029 inere.
522 1969 621 2025 inerti,
654 1967 762 2031 inerter·
783 1964 826 2019 Sin

327 2064 420 2119 etalio
437 2060 543 2115 nonina
563 2056 667 2113 scilicet
682 2052 825 2127 :ppellan-

327 2168 376 2207 va.
393 2165 464 2217 quae
474 2143 638 2200 nominativo
650 2159 712 2194 casu
728 2157 825 2212 supra-

324 2238 432 2309 scriptu
461 2234 548 2289 tribue
571 2230 661 2285 tornis
689 2229 825 2283 definiun-

326 2337 388 2383 tur.
402 2336 430 2379 et
441 2322 567 2377 adverbia
588 2320 672 2373 lacere
693 2327 823 2389 poscunt.

328 2416 393 2471 talia
414 2411 540 2467 adverbia
555 2428 587 2463 ex
609 2408 739 2463 nefacere
761 2425 824 2478 pro-

325 2506 496 2559 nuntiantur.

360 2594 550 2664 Quaecumque
588 2598 675 2641 autern
712 2583 819 2638 nomina

326 2680 501 2752 comparativi
522 2677 618 2745 gradun
639 2671 764 2725 adverbia
787 2688 819 2724 ex

325 2783 355 2821 tc
374 2766 594 2838 lacerepnstunt.
612 2764 676 2820 hacc
694 2780 726 2815 ex
746 2760 820 2812 dati·

324 2873 439 2909 vocatu
463 2853 563 2908 numeri
588 2852 690 2905 scilicet
707 2850 819 2916 elngula·

325 2941 363 2994 ric
388 2943 449 2996 ·ori·
478 2941 579 2994 litteras
607 2939 713 2994 ultirntu
739 2938 819 2991 ornit-

327 3041 403 3088 tunt,
415 3042 444 3085 et
454 3049 503 3089 un·
516 3031 617 3084 litteras
627 3028 777 3099 accipiunt,
791 3038 818 3079 et

325 3122 451 3176 adverbia
472 3140 519 3175 rua
539 3108 702 3176 ostendunt.
724 3130 752 3172 ut
768 3138 820 3191 pu-

322 3220 367 3266 ta.
392 3209 456 3262 huic
487 3209 618 3263 taciliori.
643 3208 757 3260 lucilius·
777 3207 819 3264 Sic

325 3295 419 3351 etalio
438 3297 544 3349 nomina
565 3295 738 3366 comparativi
758 3313 820 3362 gra·

325 3383 390 3441 dus.
416 3402 484 3453 quac
501 3381 625 3436 adverbia
640 3401 672 3436 ex
690 3402 718 3436 sn
738 3382 822 3435 lacere

321 3482 444 3544 possunt.
463 3490 495 3523 ex
519 3470 612 3525 dativo
633 3489 696 3525 canu
716 3472 818 3524 numeri

319 3559 422 3613 scilicet
451 3560 593 3627 singularia
623 3562 819 3632 suprascriptas

321 3647 424 3702 llttcrae
452 3649 599 3705 omittunt.
620 3660 648 3701 et
670 3651 818 3719 suprascri-

321 3746 383 3807 ptus
400 3734 502 3789 litteras
522 3735 672 3806 accipiunt,
686 3748 713 3789 et
724 3737 818 3791 adver-

320 3825 367 3879 bia
382 3844 431 3882 ιιιι
445 3826 598 3880 ostendunt.

484 3910 512 3968 5.
532 3932 566 3968 ιιι
588 3930 647 3967 «ιιι

356 3999 543 4072 Quaecunque
561 4004 666 4056 nomina
695 4007 813 4059 nomina.

602 524 857 579 cnturrantcus
888 530 1086 585 vtntctnus
1154 513 1204 573 ντὶ·

881 637 937 692 tivo
952 657 1015 695 casu
1035 662 1097 697 uun·
1120 646 1215 703 litteris
1243 653 1384 713 deliniun-

880 738 939 785 tur.
957 731 1022 784 haec
1039 734 1143 788 easdam
1165 738 1272 794 litteras
1292 744 1321 797 in
1347 758 1379 803 ·t·

879 828 1055 876 convertunt.
1075 833 1101 874 et
1115 833 1173 876 ·ter·
1186 828 1316 896 syllabam
1336 851 1382 885 ac·

879 902 998 972 cipiunt.
1022 919 1050 961 et
1070 911 1196 966 adverbia
1222 934 1271 970 ann
1285 932 1381 977 oeten-

880 990 965 1050 duna,
985 1006 1016 1049 ιιι
1036 1009 1104 1069 puta
1124 1019 1256 1073 nequam.
1279 1010 1380 1081 nequi·

878 1087 927 1128 tar.
954 1080 1031 1134 Nune
1049 1086 1130 1139 etiam
1144 1088 1194 1142 hoc
1218 1110 1376 1157 monemus.

878 1166 951 1233 quod
969 1166 1019 1221 hoc
1034 1187 1116 1223 unum
1138 1193 1231 1230 nornen
1249 1196 1378 1255 concrep-

879 1252 998 1319 periatur
1011 1292 1017 1312 .
1028 1259 1100 1325 quod
1121 1261 1146 1312 in
1157 1264 1325 1322 nominativo
1337 1288 1378 1324 ca·

879 1355 909 1390 su
932 1357 993 1392 um·
1012 1343 1109 1399 litteris
1126 1349 1277 1405 dotiuintur.

915 1427 982 1481 Sunt
1001 1432 1108 1486 norniua
1134 1454 1223 1506 quae.
1242 1441 1375 1495 eiuarnorli

878 1530 909 1565 ex
928 1515 1070 1573 crinciunt
1091 1522 1236 1582 adverbio.
1257 1538 1287 1581 ot
1305 1544 1374 1600 puta

879 1603 978 1655 caelum
989 1607 1115 1667 caelitus,
1134 1612 1210 1666 radin
1223 1616 1354 1672 radicitus
1366 1657 1374 1677 .

879 1689 977 1745 lundon
990 1692 1128 1756 funditus.
1148 1712 1176 1754 et
1190 1715 1277 1757 cetera
1297 1710 1374 1762 talin.

878 1780 929 1833 Sed
942 1781 1008 1837 haee
1020 1805 1089 1857 quae
1100 1788 1154 1844 sint
1164 1794 1288 1853 nomina.
1302 1815 1374 1868 quae

879 1872 919 1923 cic
941 1890 973 1925 et
991 1891 1019 1928 ce
1040 1877 1165 1932 adverbia
1195 1883 1319 1946 iaciunt.
1344 1889 1374 1944 in

879 1962 950 2014 sonia
979 1976 1150 2035 conpetenter
1175 1973 1353 2030 ostendemus.

914 2049 980 2102 Sunt
999 2051 1105 2128 nomino
1123 2058 1231 2127 propria
1251 2063 1372 2134 appella·

879 2137 1029 2209 tivu.quae
1041 2141 1170 2198 eiusnodi
1184 2164 1216 2201 cx
1236 2167 1265 2204 te
1278 2153 1372 2208 adrer-

875 2222 922 2275 bla
944 2224 1061 2287 laniant,
1080 2242 1112 2285 ιιι
1131 2246 1196 2304 puta
1207 2247 1210 2253 '
1223 2239 1281 2293 dice
1299 2243 1373 2303 (liu.

877 2330 930 2366 nox
955 2330 1054 2378 nocta,
1073 2331 1101 2374 et
1121 2334 1207 2376 cetera
1220 2326 1295 2379 talia.
1318 2330 1369 2383 Sed

876 2399 939 2455 haee
954 2423 1023 2475 quae
1041 2407 1097 2463 rint
1113 2412 1235 2471 nomina.
1248 2433 1320 2484 quae
1331 2420 1370 2472 sic

874 2510 906 2547 ex
921 2511 949 2547 oe
968 2495 1094 2550 adverbia
1119 2499 1220 2556 iaciant
1236 2504 1283 2563 ,in
1298 2511 1370 2561 aonia

873 2593 1041 2653 conpetenter
1059 2587 1243 2645 tractabimus.

908 2674 974 2724 Sunt
1003 2674 1125 2734 nomina.
1150 2696 1219 2748 quoe
1238 2682 1367 2736 eiusmodi

872 2777 905 2812 ex
924 2778 952 2813 sc
970 2761 1096 2816 adverbia
1114 2764 1233 2825 iaciant.
1249 2780 1280 2821 ιιι
1299 2781 1367 2841 puta

871 2867 932 2920 pars
952 2852 1064 2921 partim.
1079 2865 1107 2907 et
1125 2866 1211 2909 cetera
1230 2857 1293 2909 talia
1317 2859 1367 2911 Sed

873 2939 938 2991 lruec
952 2957 1022 3009 quac
1038 2940 1096 2996 sint
1110 2946 1215 2997 numina
1227 2983 1234 3002 .
1246 2964 1318 3016 quae
1329 2949 1369 3000 sic

872 3045 903 3078 ex
916 3046 943 3081 se
957 3029 1082 3082 adverbia
1103 3031 1222 3091 saciant.
1244 3035 1270 3087 in
1291 3037 1366 3091 sonis

872 3128 1043 3186 conpetenter
1062 3121 1243 3175 tractabimus.

908 3212 1101 3271 Suntnominna,
1112 3232 1181 3283 quoe
1195 3218 1313 3273 ablativo
1328 3236 1367 3272 ca·

872 3316 902 3352 su
929 3319 963 3353 ¹o·
992 3301 1084 3355 littnrn
1112 3305 1313 3363 terminantur.
1340 3319 1369 3360 et

872 3389 981 3440 ezrtulom
1003 3410 1037 3442 ·0·
1059 3392 1171 3444 lituram
1196 3393 1222 3445 in
1247 3395 1276 3444 ·i·
1302 3414 1368 3451 con-

872 3489 996 3535 vertunt.
1010 3491 1036 3532 ct
1049 3481 1171 3533 advurbia
1193 3486 1368 3552 pronuntian-

873 3576 934 3622 tur.
958 3578 1070 3636 utputa
1090 3587 1104 3618 a
1122 3569 1198 3620 ‹lotno
1222 3570 1316 3629 dumi,
1339 3586 1368 3625 ct

872 3654 1026 3706 cotnra.Setl
1044 3656 1106 3707 haret
1120 3675 1188 3726 quoe
1206 3658 1259 3709 sint
1283 3662 1368 3714 uomi-

872 3759 905 3792 na
919 3760 1004 3810 ,quun
1021 3743 1060 3794 sic
1079 3761 1111 3795 ea
1131 3762 1159 3796 se
1180 3744 1304 3797 adverbia
1324 3746 1369 3799 la-

869 3829 958 3886 niunt,
978 3829 1005 3882 in
1027 3832 1098 3885 sonis
1120 3843 1289 3904 conpetenter
1311 3845 1369 3887 tra-

870 3917 1010 3976 etabitnun.

903 4010 967 4061 Sunt
982 4009 1096 4067 nomina.
1109 4027 1177 4078 quac
1192 4009 1310 4064 ablativo
1325 4030 1370 4073 ca,
