3382 5206
750 612 895 660 cannen
923 614 973 660 xi·
1278 588 1349 685 449

356 722 404 788 Ut
432 743 508 785 vero
533 716 658 784 stabilis
686 733 816 784 maneat
841 714 1032 783 fundamine
1055 716 1167 801 firmo,

421 821 532 914 Regali
560 820 696 908 σταθμῷ
718 821 817 911 ligere
845 819 992 888 sufficiet.

355 927 565 996 Crediderim
589 924 707 991 multos
733 941 899 1014 tangentes
924 923 1042 1017 dogma
1058 926 1105 1011 (a)
1124 924 1259 1014 sophiae

277 1054 331 1100 ao.
423 1036 499 1102 Non
527 1032 730 1121 despecturos
754 1029 875 1097 donula
896 1048 1006 1098 nostra
1028 1030 1106 1098 sore.

357 1140 560 1231 Sudorisque
578 1141 685 1231 graiis
711 1138 918 1227 temptabunt
938 1162 1074 1227 carpere
1102 1138 1268 1220 fructum,

423 1250 549 1314 Forsan
577 1247 735 1311 virtutem·
754 1241 829 1307 vilia
858 1243 959 1309 rerba
985 1260 1105 1311 tenent.

351 1352 453 1442 Saepe
475 1351 581 1419 solent
598 1351 699 1438 spinis
724 1347 908 1416 redolentes
935 1372 1086 1417 crescere
1107 1349 1228 1431 flores,

418 1454 566 1523 Nodosae
590 1454 662 1518 ritis
685 1454 824 1518 sumitur
852 1477 913 1518 ura
939 1451 1040 1517 ferax·

712 1662 898 1730 clotten
928 1664 1007 1730 Xll.

532 1878 580 1941 De
604 1899 722 1967 magno
741 1875 897 1966 Dionysio
922 1826 1104 1963 areopagita
1127 1876 1140 1963 (
1165 1871 1190 1960 l.

350 2018 516 2151 Lumine
538 2083 664 2152 sidereo
687 2085 860 2176 Dionysius
883 2084 968 2149 auxit
991 2080 1137 2151 Athenas

417 2189 630 2280 Areopagites
650 2190 904 2280 magnificusque
921 2187 1051 2278 sophos.

349 2299 458 2363 Primo
481 2312 658 2363 commotos
681 2295 815 2362 Phoebo
840 2295 1000 2362 subeunte
1027 2290 1141 2359 coho

415 2404 583 2491 Tempore
605 2425 669 2489 quo
695 2401 812 2488 σταυρῷ
837 2400 917 2468 fixus
943 2419 1013 2468 crat
1038 2402 1204 2467 Dominus.

291 2512 321 2574 ὓ.
346 2510 424 2575 Mox
456 2527 490 2575 ut
513 2532 688 2577 conversus
716 2510 800 2572 mira
823 2506 1018 2595 stupefactus
1040 2506 1154 2598 eclipsi

412 2615 630 2704 Consequitur
655 2612 800 2704 gaudens
827 2612 1004 2681 Hierothea
1025 2613 1152 2679 ducem.

343 2722 415 2804 Quo
430 2718 482 2808 (h)
499 2744 570 2786 rnox
585 2718 722 2785 edoctus
750 2718 935 2808 praeclarus
955 2744 1096 2810 namque
1123 2720 1273 2810 magister

407 2826 593 2892 Pneumatis
619 2824 737 2892 excelsi
764 2825 851 2891 sonte
876 2843 1006 2891 renatus
1033 2841 1111 2890 crat.

325 2930 410 2995 'Ncc
432 2953 544 3008 morat
569 2928 776 3019 praefulgens
793 2935 837 3011 (c)
860 2927 1004 2995 caelestis
1028 2926 1104 2994 luce
1128 2927 1261 3018 sophiae

265 3063 313 3104 ro.
405 3029 563 3100 Atthidas
590 3033 720 3100 edocuit
745 3033 784 3099 dc
812 3033 932 3124 quibus
958 3048 1048 3098 ortus
1073 3049 1153 3099 erat.

341 3137 492 3228 Namque
509 3139 619 3204 serunt
643 3138 780 3203 Paulum
804 3139 858 3229 qui
875 3137 1043 3205 Christum
1056 3138 1173 3226 sparsit
1192 3137 1226 3200 in
1242 3136 1359 3204 orbem

409 3245 474 3332 Ipsi
493 3242 603 3310 felices
630 3245 819 3333 imposuisse
846 3266 971 3310 manus.

337 3346 383 3415 At
402 3373 473 3415 tuor
499 3346 659 3437 perfectus
684 3348 824 3414 doctoris
850 3345 1056 3436 symmachus
1084 3344 1152 3434 ipse
1173 3343 1224 3434 (d)

404 3455 497 3521 Rexit
520 3450 718 3540 Cecropidas
737 3451 877 3544 pervigil
895 3449 1092 3518 archiereus.

404 3619 441 3679 (a)
458 3625 677 3673 Unctdangentunr
694 3636 794 3667 aurnuns.
825 3622 1016 3686 (h)Ussar·qni,
1046 3616 1085 3681 (e)
1104 3622 1347 3683 Ursas-perfirlgens,

345 3708 368 3741 et
385 3714 437 3742 rnox
453 3696 557 3742 Auitus·
591 3694 632 3761 (o)
650 3704 725 3744 [issar.
742 3703 840 3743 instans.

301 3875 307 3885 -
411 3837 453 3908 (r)
476 3841 593 3909 Sequens
617 3839 678 3892 itum
700 3838 861 3910 poematium
882 3857 914 3891 ex
941 3839 1071 3892 vaticanis
1094 3837 1231 3892 codicibus
1254 3842 1354 3891 essen-

336 3939 412 3998 ptum
434 3930 487 3987 do,
514 3947 674 4000 quaruqouni
694 3929 796 3982 editum
819 3925 853 3980 ab
883 3927 987 3982 Usserio
1008 3928 1037 3980 in
1058 3928 1179 3998 epistolis
1207 3928 1353 3985 hibernicis

338 4036 367 4088 r·
386 4018 429 4084 n·

1037 4212 1084 4282 ²9
