3382 5206
668 656 671 661 .
744 602 961 654 rout-
1277 578 1364 674 473'

339 712 390 779 lin
417 726 489 779 tune
516 710 764 802 Amphitryon3
787 708 901 777 iubens
922 710 986 777 cito
1015 707 1123 790 clause
1143 707 1295 785 recludi;

383 818 557 884 introitum
575 817 681 905 Getae
700 811 839 886 furcifer
860 818 919 886 iste
945 834 1049 906 negot.

339 921 379 989 A.
401 923 569 1015 Exagiteut
587 919 674 989 mule
692 944 745 990 tue
763 923 899 1011 nuperi,
921 922 947 988 ni
971 938 1067 1013 turpe
1094 919 1176 1013 quid
1202 919 1326 1003 nudes,

380 1030 424 1094 Ni
445 1031 550 1120 rupicc
567 1030 652 1098 Gctn
679 1025 761 1122 quid
786 1047 904 1121 quent,
928 1025 1032 1095 Arent
1057 1020 1116 1097 ait.

236 1142 311 1229 ²9⁵·
334 1136 376 1205 G.
402 1137 502 1202 lenun
527 1132 610 1203 iircte
633 1134 738 1204 cedet.
762 1133 804 1202 A·
826 1136 914 1228 Ergo
939 1132 1035 1202 cedet
1064 1149 1096 1200 et
1122 1152 1176 1201 tua
1202 1133 1340 1200 cervice

380 1240 519 1332 Effuge,
541 1239 685 1307 terribili
704 1239 826 1317 rudere
845 1263 925 1309 voce
945 1239 1024 1310 eine.

335 1346 434 1414 Mene
454 1364 549 1436 puter
570 1363 697 1417 terrere
715 1342 837 1421 minis?
860 1347 980 1415 iniuria
1002 1362 1116 1436 portae

381 1455 481 1521 Facta
499 1451 697 1523 redundabit
719 1456 755 1524 iu
776 1468 874 1545 ceput
896 1476 972 1521 ecce
996 1468 1098 1520 tuum.

329 1558 413 1625 Geta
439 1559 553 1629 timet,
580 1561 741 1650 ponitque
762 1559 891 1627 minuar
912 1581 975 1649 ope
999 1559 1082 1630 Gen
1101 1552 1247 1624 minandi

232 1661 305 1735 300.
374 1661 504 1735 Luem,
525 1662 568 1730 cd
597 1663 745 1734 adsuetas
770 1662 916 1757 confugit
932 1665 1003 1754 ipse
1024 1684 1149 1753 precer.

334 1765 422 1854 Die,
443 1770 515 1851 nit,
536 1793 619 1854 oro,
645 1773 691 1837 tui
714 1772 849 1863 quierit
870 1767 962 1838 color
988 1787 1020 1838 et
1041 1766 1156 1837 modun
1178 1769 1269 1850 oric,

376 1875 418 1943 Et
437 1875 597 1945 membris
617 1877 767 1967 proprius
790 1876 944 1946 omuibus
963 1874 1049 1944 udde
1071 1893 1173 1944 notus.

330 1977 465 2072 Singula
491 2006 669 2072 percurre,
690 1984 767 2077 quie
793 1982 936 2051 muitum
956 1984 1041 2052 coire
1063 1981 1204 2064 laboro,

377 2088 556 2180 Quisquam
575 2107 707 2179 praeter
729 2111 786 2156 me
801 2091 829 2158 ci
850 2086 917 2158 sore
939 2089 1040 2180 pontit
1061 2112 1131 2180 ego.

232 2208 306 2275 305,
330 2191 434 2261 Arcas
457 2193 544 2260 euim
563 2212 700 2267 coutras
722 2193 855 2278 dicam,
879 2191 978 2262 modo
1003 2214 1147 2285 numque
1168 2190 1338 2281 preceris,

376 2296 450 2364 Non
474 2296 607 2368 tumidis
632 2299 743 2369 verbio
763 2298 820 2369 sed
837 2322 936 2388 prece
961 2299 1065 2367 victur
1085 2320 1156 2388 ego.

329 2438 524 2602 principio
549 2527 584 2578 ut
602 2515 729 2603 sepius,
752 2517 870 2584 Getam
892 2532 925 2582 te
949 2513 1085 2582 credere
1107 2511 1200 2596 noli,

374 2615 444 2682 Nec
462 2631 542 2704 puto
562 2615 651 2708 quod
678 2615 818 2703 credun,
840 2615 899 2687 ted
922 2619 987 2686 cito
1015 2617 1115 2685 erede
1141 2615 1232 2683 milti.

329 2720 404 2788 Non
432 2719 535 2788 ulium
558 2723 703 2808 Getam,
726 2725 788 2791 uici
811 2748 890 2810 rue,
911 2747 988 2790 uum
1011 2725 1151 2795 Graecia
1175 2722 1291 2804 novit,

231 2834 305 2900 310.
373 2824 503 2895 Fallere
527 2851 581 2894 me
600 2827 708 2896 credin
729 2831 863 2898 nomine
886 2853 1003 2920 nempe
1028 2852 1111 2898 meo.

329 2932 425 3001 Solus
444 2957 502 3026 ego
518 2937 601 3004 Geta
619 2958 714 3015 suun
733 2960 822 3004 nuuc
836 2938 948 3027 accipe
968 2935 1051 3029 qnid
1064 2935 1203 3030 loquar,
1218 2952 1249 3001 et
1272 2957 1356 3023 quae

372 3043 492 3109 Forma
512 3043 619 3126 mibi,
643 3065 709 3133 quo
729 3045 795 3110 rint
820 3043 945 3135 singule
967 3041 1051 3110 sactu
1075 3041 1182 3110 modo.

328 3150 433 3215 Totus
454 3151 601 3218 inaudite
622 3148 786 3242 foedeque
805 3152 973 3245 nigredine
993 3151 1179 3243 dampnor‚

372 3249 482 3346 Atque
499 3252 590 3322 color
610 3255 768 3322 membris
788 3256 939 3324 omnibus
956 3281 1040 3324 uuus
1059 3260 1151 3325 inest.

228 3381 304 3448 Μ.
321 3358 404 3429 Sum
425 3361 516 3430 velut
533 3361 719 3453 ¹aethiopes,
740 3381 795 3430 eut
813 3363 927 3456 quales
950 3363 1045 3432 ludin
1064 3367 1184 3448 mittit,

367 3462 510 3534 Aeternu
532 3466 642 3535 scabie
666 3466 814 3537 caeditur
837 3488 907 3537 utre
930 3471 1022 3537 cutis.

320 3572 491 3637 Hirsutum
518 3587 617 3661 ceput
639 3589 737 3640 estet
757 3591 923 3664 comptum
950 3576 1042 3642 crine
1067 3575 1232 3664 caprino,

365 3681 471 3746 Frons
496 3678 607 3744 brevic
632 3696 665 3747 et
684 3702 799 3765 naret,
818 3678 915 3772 longe
940 3679 1061 3749 rubent
1087 3678 1185 3749 oculi.

318 3783 373 3853 Sic
397 3802 507 3853 tumeo
526 3804 666 3872 ventre,
685 3787 776 3878 quod
801 3787 894 3856 dicor
916 3787 1117 3881 hydropicus
1140 3809 1231 3870 ecoe,

219 3908 296 3977 320,
366 3889 407 3957 Et
432 3889 617 3957 stomachos
643 3915 780 3982 pervum
805 3893 908 3960 ttcrcit
930 3892 1052 3963 bebere
1076 3891 1224 3961 modum.

318 3993 477 4084 zonaque
500 3992 591 4062 nulla
612 4012 716 4087 potest
738 3997 826 4064 bunc
847 3997 1003 4089 contigere
1028 4014 1191 4065 tumorem
