3382 5206
415 574 466 651 26
794 601 944 656 rrtotou
961 606 997 656 n.

467 709 503 784 6.
528 706 591 784 Est
611 736 805 812 pronomen
823 762 838 804 -,
857 712 903 790 de
921 742 993 815 quo
1011 711 1185 793 dubitatio
1203 740 1327 815 magna
1345 711 1405 787 ha·

386 828 528 918 betur,
554 845 676 905 uuum
701 830 845 906 linitum
871 861 915 906 an
941 833 1123 907 infinitum
1148 833 1225 924 sit,
1256 851 1298 908 ut
1322 832 1403 906 iste.

388 946 568 1022 Nonnulli
592 948 731 1025 etenim
755 950 943 1026 infinitum
961 979 1144 1028 essecum
1163 953 1319 1055 quadam
1343 952 1405 1025 de·

388 1065 564 1143 lensionis
589 1094 673 1143 suae
700 1069 909 1143 auctoritate
929 1069 1141 1161 hortantur,
1166 1086 1209 1145 ut
1231 1097 1294 1169 ego
1314 1070 1403 1155 iste,

390 1199 433 1259 tu
449 1182 544 1274 iste,
572 1183 631 1261 ille
658 1185 750 1283 iste3
767 1185 865 1288 quod
877 1202 994 1261 tamen
1005 1188 1043 1261 in
1054 1188 1184 1263 nostris
1193 1186 1406 1263 lectionibus

389 1330 464 1379 non
475 1321 547 1379 tam
558 1321 717 1408 prompte
728 1334 798 1383 nec
812 1323 929 1407 parate
944 1307 982 1380 in
995 1337 1064 1383 usu
1077 1308 1239 1382 habitum
1250 1308 1406 1410 repperi·

386 1449 497 1502 mus:
527 1450 601 1500 uno
621 1426 754 1500 etenim
774 1429 1016 1503 tantummodo
1035 1429 1072 1502 in
1097 1429 1176 1504 loco
1202 1429 1270 1502 hoc
1296 1427 1369 1527 legi
1391 1482 1402 1516 ,

392 1568 474 1618 cum
491 1539 580 1618 Ceto
594 1546 646 1646 (1)
660 1545 789 1626 dixerit
801 1557 826 1591 ‘⁸
850 1573 914 1644 ego
934 1547 1000 1621 iste
1019 1548 1083 1648 qni
1100 1547 1243 1622 locutus
1257 1573 1357 1624 sum:
1379 1602 1404 1635 ‚,

388 1662 484 1762 quod
502 1681 624 1739 utrum
642 1680 740 1740 recte
760 1693 805 1738 an
827 1693 932 1740 secus
950 1667 1132 1767 posuerit,
1149 1694 1222 1740 non
1243 1683 1297 1741 est
1315 1664 1405 1740 iudi·

388 1783 436 1858 cii
454 1784 527 1859 mei
544 1786 740 1861 decernere
759 1803 822 1860 aut
840 1786 1014 1864 deliniret
1035 1813 1120 1867 cum
1139 1804 1211 1861 tam
1229 1784 1339 1861 multa
1359 1785 1406 1857 sit

390 1920 426 1976 et
444 1903 584 2003 copiosa
602 1903 783 1978 latinitatis
802 1905 914 1979 totius
935 1904 1061 2003 regio,
1089 1921 1124 1977 et
1149 1922 1191 1978 ut
1214 1905 1262 1977 ita
1288 1902 1404 1975 dicem

294 2044 297 2048 ·
386 2023 529 2125 pelagus
548 2025 762 2104 immensum
780 2028 853 2125 (a),
872 2041 913 2100 ut
928 2024 1085 2098 discerni
1100 2025 1246 2098 omnino
1264 2023 1405 2098 dirersi-

389 2159 479 2218 tates
498 2143 610 2246 ipsius
631 2160 667 2241 et
686 2143 817 2223 multoe
839 2145 885 2244 (a)
906 2142 1176 2218 adinventiones
1196 2161 1232 2217 et
1249 2144 1405 2242 incogni-

386 2279 468 2352 tae,
488 2280 530 2338 ut
548 2281 743 2363 putantur,
762 2292 782 2337 a
800 2264 946 2345 nemine
966 2264 1009 2337 ad
1028 2262 1205 2364 liquidum
1224 2260 1370 2364 possint.

460 2408 493 2482 7.
514 2378 611 2455 Sunt
622 2382 684 2484 qui
696 2400 824 2484 putant
832 2409 1029 2484 pronomen
1043 2382 1132 2455 elius
1142 2382 1190 2482 (b)
1201 2382 1406 2480 genetivum

389 2525 512 2573 casnm
528 2500 680 2591 habere,
699 2501 794 2603 quod
814 2502 971 2602 putative
991 2501 1113 2600 potius
1131 2525 1239 2601 quam
1257 2501 1407 2574 rationa-

386 2617 508 2691 biliter
527 2636 738 2721 usurpatum
763 2619 983 2699 credendum
1010 2639 1078 2698 est.
1105 2620 1283 2699 Nonnulli
1310 2621 1407 2695 enirn

264 2787 267 2792 ,
389 2737 437 2811 ita
455 2737 707 2815 declinandum
725 2759 852 2815 rentur
868 2742 938 2817 lroc
959 2769 1154 2843 pronomen
1171 2799 1189 2831 .,
1207 2741 1296 2815 alius
1317 2740 1408 2815 elius

389 2857 445 2933 ali.
464 2857 577 2934 Multi
598 2862 704 2936 etiem
723 2863 772 2935 ita
791 2861 972 2940 declinant
994 2920 1004 2954 ,
1025 2864 1115 2938 alius
1141 2862 1186 2936 ali
1212 2862 1288 2936 alio.
1309 2860 1409 2937 Non·

387 2978 480 3051 nulli
507 2983 834 3057 commentabantur
864 2982 954 3057 alius
979 2982 1043 3060 alis
1070 2984 1142 3056 sive
1172 2982 1306 3056 alionis.
1332 2980 1407 3055 Sed

387 3098 476 3173 haec
496 3102 614 3176 omnio
636 3131 677 3178 ex
696 3102 794 3178 nulla
815 3120 911 3178 certa
930 3104 1136 3181 auctoritate
1156 3120 1329 3203 poterunt
1346 3102 1405 3177 ad·

386 3218 547 3317 probari:
566 3247 685 3322 neque
707 3222 801 3296 enirn
824 3221 1037 3314 Ciceronis,
1060 3222 1202 3313 Donis,
1232 3222 1407 3311 Catonis,

388 3336 536 3439 Vergilii
555 3342 666 3417 asiani
682 3361 744 3419 aut
760 3343 856 3419 illius
871 3345 1022 3436 troiani,
1042 3361 1105 3419 eut
1125 3343 1304 3443 Golbnngi
1318 3400 1330 3434 ,
1346 3344 1405 3418 vel

468 3541 505 3602 (a)
523 3540 578 3586 eod·
594 3541 658 3586 «tutte
675 3559 715 3602 pro
731 3542 835 3587 multae.
867 3539 908 3604 (1»)
924 3525 979 3588 cod·
993 3538 1197 3601 pronomirrallum·

385 3746 388 3753 .
470 3695 510 3767 (r)
530 3696 656 3750 Catonem
676 3697 795 3764 intelligo
815 3697 942 3750 iuniorem
962 3694 1088 3767 aliquem.

469 3785 509 3856 (a)
530 3787 649 3839 Praestat
667 3787 761 3839 erudire
778 3786 868 3854 magni
883 3786 1019 3839 Ciceronis
1031 3785 1064 3838 de
1082 3783 1160 3855 copia
1172 3782 1271 3836 latinae
1292 3781 1400 3846 linguaue

398 3869 567 3925 memorabile
585 3872 780 3944 permirumque
800 3871 929 3925 iudicium
947 3872 980 3924 de
999 3867 1120 3926 on.1.3:
1133 3873 1175 3921 ito
1190 3870 1280 3919 sentio
1293 3878 1321 3915 et
1336 3884 1399 3916 sor-

394 3978 430 4030 pe
448 3959 574 4012 dt'eser·ur'
590 3961 708 4015 latinam
728 3963 854 4034 lingnam
875 3981 931 4014 non
945 3960 1023 4014 modo
1044 3979 1099 4012 non
1115 3961 1245 4028 inopem.
1263 3967 1296 4006 ut
1315 3955 1399 4026 vulgo

391 4059 519 4118 putant.
538 4047 588 4100 red
604 4048 809 4119 locupletiorem
829 4051 911 4103 etr'em
930 4066 987 4102 esse
1006 4065 1089 4121 quam
1109 4061 1247 4118 graecam.
