3382 5206
772 660 815 707 nx
839 658 951 709 nuru.
1293 637 1341 740 37

347 768 540 845 bundantia
553 765 990 870 considerariaquoquam
1007 784 1106 843 recte
1126 788 1243 872 queat.
1254 768 1367 857 Dein-

347 890 392 962 de
411 889 539 963 multas
559 916 634 962 esse
653 887 742 960 sciat
757 913 876 977 causas
891 888 958 977 ,ob
972 916 1058 987 quas
1069 888 1290 987 singulorum
1309 891 1372 964 im·

345 1010 495 1083 mutatio
514 1010 702 1084 verborum
721 1007 800 1080 fieri
819 1009 928 1082 soleat
949 1039 957 1083 :
982 1036 1081 1081 nunc
1103 1009 1199 1082 enim
1218 1011 1388 1084 necessi,

347 1130 510 1221 tatibus,
537 1158 639 1205 nunc
669 1129 945 1203 discretionibus
977 1156 1240 1229 personarum,
1270 1158 1370 1207 nunc

345 1269 540 1324 metrorum
577 1250 877 1350 conpositionibus
910 1306 921 1339 ‚
958 1277 1059 1322 nune
1100 1249 1370 1350 eloquutionum

346 1369 525 1441 ornatibus
548 1424 558 1458 ,
578 1368 693 1441 omnis
712 1368 823 1442 oratio
841 1367 969 1441 serviat
987 1395 1134 1440 neeesse
1156 1385 1218 1442 e'st.
1247 1366 1370 1470 Siquis

345 1515 426 1585 ergo
453 1488 540 1561 haee
569 1486 730 1561 emedio
761 1488 885 1562 tollere
908 1487 1102 1588 potuerit,
1128 1486 1222 1588 quod
1249 1505 1369 1562 tamen

345 1607 424 1678 fieri
443 1607 588 1679 omnino
607 1633 680 1679 non
701 1624 818 1706 potest
840 1664 850 1697 ,
879 1607 940 1680 hic
958 1605 1088 1678 valebit
1107 1605 1144 1676 in
1165 1606 1263 1679 omni
1291 1604 1369 1680 lati·

342 1727 454 1800 nitate
468 1755 577 1800 unam
590 1726 809 1827 eandemque
819 1727 911 1800 viam
924 1725 1223 1800 consuetudinem
1234 1752 1277 1799 ae
1288 1752 1367 1799 sen-

346 1848 496 1921 tentiam
514 1869 662 1950 semper·
672 1861 830 1922 astruer'e
842 1847 1176 1923 servandamSicut
1196 1847 1292 1943 euim
1310 1848 1367 1922 via

342 1967 490 2066 quidem
508 1968 602 2065 regia
622 1980 660 2042 'et
680 1969 821 2069 publica
842 1998 913 2045 una
929 1985 1106 2069 ·est‚quae
1127 1968 1171 2042 ad
1191 1985 1366 2070 metropo-

340 2086 488 2159 litanam
506 2087 614 2162 ‹lueat
633 2088 759 2163 urbem
781 2145 791 2177 ,
811 2088 940 2163 multas
962 2107 1081 2163 tamen
1109 2118 1151 2162 ex
1183 2116 1220 2162 se
1241 2116 1362 2190 proce·

338 2207 463 2280 dentes
482 2208 588 2280 babet
607 2207 806 2299 semitulas,
821 2238 912 2310 quae
931 2211 1078 2311 quidem
1099 2209 1194 2310 ipsae
1215 2209 1263 2282 ad
1280 2236 1361 2283 ean·

336 2325 419 2398 dem
437 2325 648 2425 perveniunt
667 2327 792 2400 urbem
805 2330 815 2428 (
827 2355 910 2400 nam
928 2329 959 2402 si
979 2328 1136 2429 quolibet
1154 2354 1269 2402 unum
1287 2327 1358 2401 iter

338 2448 484 2545 ingressi
503 2448 637 2520 fuerint
660 2504 670 2537 ‚
697 2464 732 2522 et
752 2476 847 2522 unus
868 2476 991 2523 eorum
1018 2476 1082 2551 per
1111 2447 1219 2521 latam
1240 2465 1276 2521 et
1294 2475 1359 2548 pu·

335 2569 466 2642 blicam
483 2570 576 2642 viam
595 2597 740 2669 pergere
760 2569 989 2671 destinaverit
1011 2629 1021 2661 ‚
1046 2570 1136 2644 alter
1153 2597 1236 2643 vero
1256 2569 1358 2644 semi-

338 2689 409 2761 tula
429 2691 530 2790 quasi
556 2688 857 2789 compendiosiore
885 2690 981 2788 gradi
1006 2688 1204 2779 maluerit,
1231 2687 1359 2761 nihilo-

336 2809 454 2881 minus
475 2827 591 2882 tamen
613 2809 648 2881 in
671 2810 820 2883 eandem
841 2813 965 2885 urbem
981 2810 1225 2910 conveniunt)
1241 2809 1290 2881 ita
1308 2825 1358 2882 et·

338 2930 406 3000 iam
423 2928 468 3001 de
488 2958 557 3029 qua
583 2947 774 3004 tractamus
798 2930 953 3005 latinitas
979 2989 989 3020 ,
1015 2959 1085 3004 una
1115 2928 1265 3030 quidem
1291 2927 1358 3001 lin·

335 3076 402 3144 gua
423 3048 459 3120 in
481 3051 693 3149 proprietate
713 3079 773 3124 sua
795 3052 955 3124 consistit
976 3109 986 3140 ‚
1006 3049 1134 3123 multas
1155 3067 1272 3122 tamen
1293 3047 1355 3120 im-

333 3195 391 3240 mo
411 3196 523 3268 paene
543 3169 817 3249 innumerabiles
836 3171 1028 3244 sententias
1050 3186 1084 3242 et
1103 3169 1278 3243 orationes
1297 3168 1355 3241 ha·

331 3288 392 3358 bet
407 3345 416 3375 ‚
429 3288 558 3387 quibus
576 3288 713 3362 diverso
725 3290 870 3390 quidem
881 3291 1049 3364 sermonis
1063 3290 1204 3363 tramite
1220 3347 1230 3378 ‚
1244 3289 1352 3362 unius

334 3423 451 3477 tamen
470 3405 611 3503 linguae
630 3408 758 3481 veritas
777 3409 1001 3509 adprobatur.

411 3527 444 3631 β.
464 3524 563 3599 Haec
585 3544 703 3601 autem
722 3528 802 3602 ideo
822 3529 994 3618 diximus,
1014 3527 1099 3628 quia
1121 3553 1203 3600 cum
1230 3553 1352 3600 omnes

329 3644 495 3716 orationis
515 3648 847 3744 partes‚nonnullas
866 3666 953 3749 aput
971 3648 1155 3747 plerosque
1172 3645 1351 3719 dissonan-

330 3762 393 3834 tias
411 3763 584 3850 habeant,
604 3764 716 3838 multo
737 3783 855 3839 tamen
877 3783 929 3838 est
948 3765 1059 3838 maior
1079 3765 1116 3836 in
1135 3764 1242 3837 verbo
1261 3763 1350 3837 disfi-

327 3881 539 3955 cillimarum
562 3886 814 3982 quaestionum
844 3886 957 3975 silva,
986 3915 1027 3960 ac
1055 3884 1352 3959 dissonantiamm

325 3999 425 4071 deria
444 4000 685 4077 inveniuntur.
698 4002 807 4078 Unde
826 4023 860 4077 et
877 4005 989 4078 multa
1003 4032 1109 4105 super
1120 4003 1219 4075 verbi
1238 4001 1350 4102 expla-

326 4113 471 4188 natione
493 4115 644 4194 concilia
663 4137 748 4220 aput
774 4118 950 4194 Romanos
968 4120 1086 4194 habita
1108 4146 1181 4191 esse
1211 4141 1349 4213 compe·
