3382 5206
707 583 750 630 ur
769 580 970 637 rnononm.
1270 558 1320 634 31⁴

325 697 433 771 tentia
454 709 507 768 est
527 723 537 770 t
560 690 706 768 tradunt
734 690 830 765 enim
847 689 993 792 quidam
1012 689 1057 765 ob
1077 688 1112 763 id
1131 690 1279 767 articula
1296 691 1350 768 iu·

326 815 434 891 dicari
457 871 468 903 ‚
492 813 577 915 quia
599 839 684 888 cum
703 812 787 915 ipsis
805 810 1009 891 nominibus
1029 837 1100 885 una
1119 810 1316 886 flectuntur
1337 867 1348 902 ,

330 953 370 1010 ut
386 934 445 1008 hic
464 934 600 1024 homo,
624 933 736 1008 huius
752 930 918 1006 hominis.
946 928 1053 1026 Quod
1071 929 1101 1004 si
1119 929 1168 1004 ita
1189 947 1240 1004 est
1260 987 1270 1021 ,
1290 929 1349 1005 elia

330 1071 412 1154 gant
428 1071 553 1128 utrum
571 1054 690 1127 omnia
708 1052 917 1154 pronomina
936 1051 1085 1127 articula
1102 1067 1251 1140 vocent,
1264 1050 1348 1152 quia

330 1177 369 1249 in
394 1163 789 1249 declinatione'euneta
807 1172 1014 1247 nominibus
1047 1172 1130 1274 ipsis
1159 1171 1349 1246 adhaerere

330 1309 476 1395 possunt
489 1321 500 1388 3
512 1320 558 1366 an
576 1320 659 1366 vero
677 1291 818 1367 nullum
836 1290 1081 1382 anticulis,
1103 1307 1250 1392 excepto
1267 1291 1349 1381 his,
1403 1353 1407 1369 .

330 1416 369 1487 in
385 1411 579 1487 articulum
595 1411 813 1513 recipiatur,
832 1411 916 1513 quis
935 1426 1052 1485 uetera
1073 1427 1219 1513 possunt
1239 1438 1349 1487 semo-

330 1535 396 1608 tim
411 1531 603 1609 declinari:
621 1530 828 1632 praesertim
846 1530 1051 1605 eumathio
1070 1531 1260 1631 separatim
1279 1557 1351 1604 sas·
1375 1565 1392 1599 ·.

332 1651 652 1755 petuscultemus,
671 1651 828 1753 itemque
843 1651 890 1752 (a)
903 1651 965 1725 hie
976 1705 987 1740 ‚
1000 1649 1051 1740 is,
1069 1650 1350 1751 quis,que‚tu‚

331 1799 393 1867 se3
411 1770 496 1845 licet
512 1798 551 1844 se
570 1769 825 1844 nominativum
844 1795 968 1843 ossum
979 1769 1028 1869 (b)
1043 1786 1180 1846 cuent:
1197 1767 1295 1843 unde
1316 1784 1351 1842 et

331 1888 717 1979 mihirsriusvidetnr‚
730 1888 825 1991 quod
836 1888 948 1963 nostri
958 1888 1145 1978 adserunt,
1156 1914 1263 1963 omne
1275 1915 1352 1989 pro·

331 2036 464 2086 nomen
483 2009 785 2112 monosyllabum,
804 2009 997 2085 articulum
1013 2009 1111 2099 dici,
1130 2007 1225 2110 quod
1245 2009 1352 2083 maxi-

287 2129 292 2140 ’
332 2155 391 2203 me
405 2126 535 2203 Cicero
546 2128 753 2202 adsentitur.
766 2126 969 2203 Articulum
980 2113 1354 2203 manifeste‘diminutt·

333 2272 420 2321 vum
432 2264 484 2321 est
493 2244 539 2320 de
550 2263 633 2321 ante
645 2245 763 2322 unde:
784 2244 951 2320 etmultis
965 2243 1207 2321 videturtunc
1225 2247 1354 2323 articu-

333 2366 412 2441 lum
428 2367 527 2457 diei,
547 2364 688 2469 quando
708 2365 985 2466 monosyllabum
1003 2364 1130 2455 fuerit,
1151 2383 1192 2439 ut
1201 2365 1262 2441 hio
1272 2366 1354 2467 quis

334 2485 385 2583 is3
405 2487 516 2561 ethos
528 2488 661 2585 figurae
673 2485 859 2588 simplicis:
880 2511 963 2560 cum
981 2500 1102 2559 autem
1123 2485 1355 2585 compositum

335 2606 460 2696 suerit,
475 2632 703 2709 pronouoen,
720 2623 761 2682 ut
778 2606 930 2708 quisque
948 2661 959 2693 ,
979 2602 1095 2694 idem,
1112 2603 1228 2679 hicce.
1255 2602 1353 2682 Haec

336 2725 382 2797 de
401 2724 570 2801 articulis.

414 2845 469 2919 13.
490 2842 561 2918 Pro
580 2844 694 2921 dolor!
715 2842 810 2918 Sane
833 2860 868 2917 et
883 2841 1191 2918 'commiseratione
1206 2842 1355 2942 dignum

341 2979 392 3037 est
414 3020 424 3053 ,
450 2963 545 3068 quod
565 2963 674 3039 ¹multi
699 2964 787 3039 haee
805 2963 955 3039 articula
975 2961 1176 3038 seeundum
1194 2962 1356 3038 ordinem

341 3111 554 3185 corrupere:
572 3111 655 3159 nam
672 3113 764 3187 quae
785 3083 1008 3160 subiunctiva
1028 3110 1102 3157 esse
1120 3082 1324 3166 debuerunt
1345 3141 1355 3176 ‚

340 3206 568 3306 praepositiva
593 3207 735 3282 lesere:
761 3221 796 3279 et
823 3233 843 3279 s
869 3203 1044 3279 contrario
1070 3233 1161 3308 quae
1187 3206 1357 3307 praeponi

341 3342 570 3425 oportuerat,
605 3325 800 3425 inlegitime
835 3341 1127 3426 postponuntur3
1159 3325 1359 3401 secundum

342 3445 547 3520 Gallienum
577 3446 615 3518 in
641 3446 793 3546 quadam
820 3444 963 3548 epistola
988 3447 1203 3520 scribentem
1222 3459 1247 3493 “
1272 3447 1361 3524 sciat

247 3544 255 3563 '
341 3566 403 3640 hie
433 3566 471 3639 in
501 3593 578 3639 περ
609 3565 830 3641 vindicatum
929 3565 1070 3641 neuun
1099 3566 1219 3640 dicere
1246 3579 1270 3613 u
1299 3567 1359 3641 ns

343 3683 429 3759 sciat
450 3739 486 3774 ‚,.
505 3682 654 3757 Rectius
675 3686 728 3787 (r)
749 3712 893 3786 quoque
913 3683 1114 3786 pravissime
1132 3684 1293 3759 scribens
1312 3686 1360 3759 ita

408 3828 449 3897 (a)
466 3827 654 3881 cod-neamus?
717 3827 758 3896 (Ιι)
774 3833 870 3881 cam·
887 3848 939 3880 euru
957 3836 1088 3880 turmatim
1105 3831 1194 3893 legisse
1210 3837 1280 3878 stiam
1298 3836 1360 3894 apud

350 3915 488 3958 frontose·
504 3908 541 3955 sd.
554 3925 611 3954 rom·
620 3906 706 3970 ploi-

424 4018 468 4090 (ι)
487 4018 557 4071 Num
575 4013 736 4070 stertens!
754 4035 833 4088 quem
845 4016 998 4089 scriptorem
1018 4026 1202 4071 commemorat
1221 4015 1352 4086 Hierony·

354 4110 413 4147 mus
432 4092 501 4146 inter
519 4089 710 4146 ecclesiasticos
728 4091 871 4182 gallienum
889 4107 947 4162 sap·
965 4087 1009 4145 82.

869 4343 876 4383 l
