3382 5206
589 576 821 631 onmntrrct
843 579 890 628 rr
913 576 1077 627 uermes.
1127 631 1130 636 ,
1263 562 1326 654 537

329 678 434 747 tribua
447 675 592 748 locorum
605 677 767 748 limitibus
779 676 1002 764 claudantur,
1022 678 1058 746 id
1072 699 1121 751 est
1136 680 1250 753 ultimo
1264 707 1347 776 pen·

326 781 442 850 ultimo
469 781 749 875 antepenultimo.
780 785 867 849 Nam
901 782 1157 872 antepenultima
1187 788 1350 870 acuitur,

325 915 409 981 quae
432 914 613 983 numquam
640 891 919 960 circumflectitur.
949 892 989 958 ln
1018 893 1081 957 arsi
1104 892 1200 982 plura
1224 904 1348 985 snppu·
1452 928 1455 939 ·

325 1011 438 1064 tantun·
463 1014 635 1089 tempora,
655 996 791 1090 quodsi
813 994 994 1086 penultima
1017 1014 1120 1064 acuto·
1134 1016 1190 1065 aut
1213 1000 1349 1067 circum·

325 1103 409 1170 ssexo
436 1119 574 1171 accentu
593 1103 844 1193 pronuntiatur,
872 1101 973 1169 thesis
1001 1101 1188 1172 uberiorem
1218 1123 1350 1195 tempo·

327 1232 401 1275 rum
420 1207 672 1279 calculationem
694 1231 937 1299 praeoccupans
962 1208 1146 1298 usurpabit.

371 1330 407 1386 Δ.
424 1319 496 1386 Iam
516 1341 607 1385 nune
635 1313 860 1407 exemplorum
891 1312 1047 1384 formulas
1074 1313 1116 1383 ad
1142 1315 1350 1410 pyrrichium
1461 1360 1467 1369 ·

328 1421 445 1511 pedem
463 1424 659 1514 pertinentes
681 1422 849 1490 inhianter
861 1438 972 1515 satago
987 1421 1119 1506 audire,
1145 1440 1177 1490 et
1200 1446 1348 1513 praeser-

329 1529 387 1595 tim
411 1554 449 1597 ex
470 1529 709 1621 principalibus
721 1528 905 1596 orationum
929 1529 1099 1619 partibus,
1125 1528 1161 1596 id
1180 1533 1349 1599 estnomi·

328 1636 377 1701 nis
397 1655 429 1703 et
459 1636 552 1703 verbi
579 1634 691 1726 regula
720 1651 900 1726 congestas.
930 1635 977 1701 Μ
1002 1635 1091 1702 Haec
1116 1651 1191 1701 tunt
1215 1637 1348 1702 nomina

329 1764 412 1828 quie
441 1737 635 1808 multiformi
660 1741 810 1831 quinque
837 1738 1091 1808 declinationum
1117 1737 1228 1806 radice
1254 1737 1351 1830 vulgo

328 1843 502 1932 pullulasse
529 1862 732 1930 noscuntur,
754 1863 790 1912 ut
822 1845 933 1927 Dens,
961 1843 1084 1928 decus,
1105 1844 1202 1933 pius,
1226 1865 1348 1936 gennas

330 1971 456 2037 pecus,
480 1951 612 2032 bonus,
636 1947 772 2033 modus,
799 1949 913 2017 domus
928 1996 945 2037 ,1
963 1948 1080 2038 lupus,
1106 1946 1217 2039 lepus,
1242 1945 1351 2031 latin,

328 2053 472 2141 chorus,
497 2079 636 2139 crocus,
662 2073 776 2139 torus,
801 2054 964 2137 thronus,
991 2052 1110 2138 dolus,
1137 2077 1270 2136 nemus,
1291 2076 1353 2121 no·

327 2180 410 2241 vus,
434 2157 562 2245 scelus,
591 2181 696 2250 opus,
722 2157 840 2242 locus,
865 2181 994 2248 equus,
1022 2156 1141 2243 cibus,
1164 2181 1267 2242 rcus,
1295 2179 1352 2223 co-

330 2286 423 2348 mes,
446 2265 571 2350 Ceres,
596 2287 704 2355 seges,
729 2289 827 2348 acus,
854 2286 979 2330 manus.
1005 2261 1131 2331 Malus,
1157 2262 1184 2329 si
1207 2285 1350 2352 nequam

327 2370 510 2460 significare
533 2368 726 2438 videbitur,
754 2395 792 2437 ex
814 2367 939 2437 duobus
966 2368 1122 2436 brevibus
1142 2383 1291 2451 constat,
1317 2385 1350 2433 et

331 2475 396 2538 erit
415 2473 632 2564 pyrrhichius.
653 2475 700 2542 Ut
718 2492 768 2542 est
788 2474 885 2542 etiarn
910 2508 949 2524 -
976 2470 1034 2540 ille
1047 2469 1151 2538 malus
1164 2469 1305 2541 calabria
1321 2473 1356 2538 in

329 2576 466 2646 saltibus
487 2581 608 2669 anguis.
637 2580 681 2646 Et
707 2581 743 2645 in
773 2576 955 2664 bucolicis,
980 2614 1016 2629 ·-
1038 2594 1074 2644 ut
1097 2601 1149 2645 me
1175 2575 1281 2645 malus
1298 2578 1355 2645 ab·

330 2680 422 2747 stulit
443 2705 546 2750 error.
568 2680 682 2750 -Ast
707 2683 830 2751 verosi
858 2681 962 2751 malus
984 2685 1075 2750 navis
1088 2679 1210 2768 suerit,
1226 2684 1277 2747 cui
1295 2706 1353 2749 an·

333 2802 515 2853 temnarnm
541 2787 675 2855 carbasa
702 2804 734 2855 et
761 2786 915 2855 rudentes
942 2785 1186 2872 adnectuntur,
1212 2785 1255 2852 ad
1284 2803 1353 2854 tro·

330 2889 422 2960 clraei
448 2890 595 2983 regulam
618 2894 800 2987 redigitur,
827 2917 865 2960 ex
893 2892 991 2984 longa
1017 2910 1049 2960 ct
1075 2893 1196 2972 bresit
1217 2909 1254 2958 ut
1271 2892 1352 2959 Ver·

265 2991 273 3008 ’
328 2995 424 3086 gilius
451 2996 539 3066 libro
567 3001 619 3067 ·V·
645 2999 851 3068 aeneidos-
876 3002 972 3090 quis,
998 3000 1130 3090 inquit,
1152 2999 1267 3065 innexa
1292 3022 1352 3088 pe·

330 3101 406 3167 dem
433 3099 521 3168 malo
554 3101 720 3192 pendebat
745 3103 789 3169 ab
815 3101 892 3170 alto.
918 3102 1046 3170 --Nec
1071 3125 1138 3170 non
1160 3103 1259 3170 etiam
1280 3125 1353 3168 ma-

329 3206 405 3291 lus,
430 3209 457 3273 si
490 3208 591 3275 arbor
619 3207 789 3277 fructifera
815 3206 938 3293 fuerit,
966 3230 1051 3297 qnae
1076 3205 1230 3275 melarius
1256 3229 1354 3274 voca·

329 3330 406 3397 tur,
440 3337 559 3405 genere
586 3312 765 3397 feminino,
791 3313 834 3379 ad
862 3312 1057 3381 trochaeum
1082 3311 1288 3402 pertinebit3
1319 3327 1355 3377 nt

328 3419 360 3483 in
387 3419 545 3509 georgicis
573 3455 607 3468 -
634 3438 666 3488 et
687 3417 814 3487 steriles
836 3417 961 3510 platani
985 3416 1085 3484 malos
1100 3439 1224 3509 gessere
1245 3415 1354 3483 valen·

330 3541 388 3590 tes.
411 3557 451 3574 ··
470 3522 577 3614 Apis,
603 3523 712 3616 lapis,
739 3527 831 3610 avis,
857 3526 970 3609 natis,
998 3524 1105 3608 canis,
1133 3522 1225 3590 famis
1240 3570 1251 3607 ,
1269 3521 1355 3607 sitis,

329 3627 454 3712 chelis,
481 3628 618 3697 chlamis
635 3679 645 3714 ,
673 3629 781 3696 cutia,
811 3627 930 3718 polus,
958 3627 1101 3720 globus,
1128 3627 1251 3710 homo,
1277 3623 1355 3709 leo,

235 3810 238 3815 Ι
328 3757 430 3818 caro,
455 3736 574 3818 Maro,
600 3735 689 3816 ovis,
718 3736 855 3804 scrobis.
886 3734 1045 3803 Similiter
1073 3749 1106 3803 et
1138 3735 1172 3798 in
1201 3755 1239 3796 ·r·
1266 3729 1356 3798 litte-

331 3862 401 3905 ram
430 3837 613 3927 praedictus
642 3862 699 3928 pes
727 3839 945 3921 terminatur,
971 3837 1118 3905 sednon
1141 3859 1205 3903 una
1224 3834 1357 3904 eadem·

335 3968 401 4033 que
429 3941 643 4011 declinatione
669 3961 866 4035 generatus,
896 3961 932 4010 nt
965 3958 1083 4032 pater,
1110 3964 1213 4032 puer,
1238 3941 1360 4031 piper,

325 4049 453 4138 niger,
481 4045 584 4132 siler,
609 4071 726 4134 socer,
741 4069 871 4140 gener,
896 4045 996 4138 aper,
1022 4070 1150 4137 caper,
1173 4063 1285 4130 tener,
1299 4047 1359 4112 mi·
