3382 5206
725 611 771 659 nn
796 594 985 663 mvrntro.

1276 551 1359 691 ¹277

334 707 453 764 minibus
485 710 666 767 inveniuntur.
702 712 838 768 Aduerbio
893 714 1021 769 adverbis
1037 713 1157 776 iaciant.
1177 725 1209 771 nt
1234 726 1300 789 puta
1324 717 1388 770 huie

331 817 402 870 quse
414 799 449 853 eb
459 801 519 855 aliis
536 801 664 859 veniunt.
676 818 710 855 ex
729 802 772 856 his
783 803 831 857 tri·

885 800 953 858 duro
964 802 1075 856 duriter·
1088 804 1155 858 Item
1168 801 1219 858 huc
1231 821 1381 861 monemus·

332 886 383 942 bus
413 889 536 960 pertibus
564 889 694 945 orationis
725 901 831 945 tantum
884 891 956 961 quod
987 892 1015 945 in
1040 891 1091 945 hec
1111 893 1267 965 supradicta
1298 893 1381 948 surina

333 975 464 1044 originem
481 977 585 1031 trahem
595 975 789 1050 repperiuntur,
804 979 832 1032 id
884 980 1040 1051 sint-aliqua
1048 989 1179 1051 quattuor
1187 981 1387 1053 uomiuanquao

887 1086 920 1122 tx
940 1068 1096 1140 supradicto
1114 1086 1176 1123 casu
1200 1069 1380 1142 supradictum

886 1156 1005 1209 litterum
1023 1165 1051 1209 et
1073 1156 1100 1210 in
1123 1156 1154 1208 οἱ·
1175 1167 1332 1212 convertant
1357 1172 1385 1209 et

887 1255 951 1297 tus·
968 1242 1097 1313 syllabam
1122 1243 1272 1316 accipient.
1294 1253 1322 1296 et
1344 1244 1383 1295 sia

890 1331 1015 1387 edocabit
1028 1333 1152 1391 iaciant.
1173 1344 1204 1388 ut
1224 1345 1290 1406 puta
1317 1333 1387 1389 hric-

887 1419 1136 1475 normannnis.
1158 1421 1209 1474 sea
1229 1421 1296 1474 um
1314 1406 1386 1492 qais

333 1075 373 1118 est
401 1065 526 1126 nomine.
545 1066 721 1138 pronomine.
741 1066 831 1123 verbo.

253 1158 256 1163 ’
336 1152 413 1205 Nunc
428 1154 533 1209 eosdem
564 1166 652 1228 partes
675 1156 830 1225 singillatim

336 1241 521 1298 tractabimus·

475 1437 502 1475 2·
523 1437 558 1474 Μ
579 1437 694 1476 mulii!-

341 1537 561 1693 Quaecumque
577 1593 683 1649 nomina
702 1595 835 1666 appeliati-

339 1700 372 1736 ιι
387 1681 512 1735 adverbia
519 1699 552 1736 es
561 1699 590 1736 se
603 1680 691 1736 tacere
707 1691 833 1754 possum.

338 1770 403 1822 haec
421 1770 514 1823 dativo
537 1787 600 1823 cusu
618 1787 721 1824 numeri
743 1771 834 1838 nnga-

340 1855 404 1912 ieris
427 1857 513 1912 tribus
531 1858 574 1912 his
595 1857 686 1913 iorm'u
707 1859 835 1912 defininn·

342 1959 446 2002 tantun
462 1968 499 2004 σο·
517 1950 549 2002 ·i·
563 1967 625 2002 mm·
641 1950 718 2003 Nunc
735 1967 835 2003 eurum-

340 2035 450 2089 ruudem
469 2036 632 2104 singularum
642 2036 783 2091 formarum
796 2055 835 2090 re·

342 2123 441 2177 tionem
451 2123 612 2185 subicimus.
626 2142 680 2197 qua
701 2126 837 2182 dinoscun-

343 2223 387 2265 tur
398 2249 405 2270 .
418 2210 680 2284 quemadmodumen
698 2230 726 2268 se
747 2213 836 2270 advet-

340 2299 387 2354 biu
405 2300 491 2356 iacere
513 2312 637 2374 possuntt

512 2385 541 2444 ὅ.
561 2404 597 2442 nn
619 2388 662 2441 ·0·

376 2475 565 2547 Quaecumque
596 2476 703 2539 nomina
736 2477 838 2531 scilieet

344 2563 505 2633 appellativa
522 2563 665 2619 cuiuslibet
681 2565 777 2633 gradus
795 2566 839 2618 da·

350 2653 406 2705 tivo
434 2670 497 2705 cusu
521 2672 557 2706 ιο·
583 2651 674 2706 littera
698 2653 839 2706 terminon·

350 2750 406 2796 tur.
425 2738 491 2792 haee
499 2741 521 2793 si
534 2739 661 2794 adverbia
680 2758 713 2793 ex
728 2759 756 2794 se
775 2740 840 2794 iace·

345 2844 372 2879 re
392 2839 519 2898 possunt.
539 2829 649 2882 eandem
666 2850 700 2883 ·o·
722 2830 839 2882 litteram

346 2917 373 2968 in
388 2934 422 2969 ·e·
437 2928 595 2971 convertunt
607 2929 635 2972 et
656 2917 780 2971 adverbia
794 2936 842 2972 sun

343 3005 487 3058 ostendunt
497 3042 504 3063 .
514 3016 545 3058 ut
552 3017 617 3078 puta
628 3007 692 3060 huie
707 3008 786 3062 docto
800 3008 842 3060 do·

345 3102 407 3149 cte.
425 3091 487 3144 huic
508 3093 660 3149 doctissimo
671 3094 823 3149 doctissime
835 3133 842 3151 .

345 3181 408 3232 huic
431 3192 521 3235 tenero
540 3193 637 3236 tenere·
665 3183 708 3235 Sic
737 3193 765 3236 ct
789 3183 841 3235 alia

347 3272 453 3326 nomina
467 3273 570 3326 scilicet
580 3273 739 3344 appellativa
752 3309 758 3329 ‚
771 3290 840 3343 quae

344 3358 436 3413 dativo
456 3378 517 3413 casu
537 3379 572 3412 ·0·
592 3360 681 3412 iittcru
701 3360 842 3414 terminun-

346 3460 405 3506 tur,
416 3461 444 3504 et
464 3448 591 3501 adverbia
614 3448 698 3501 facere
715 3461 842 3521 possunt,

348 3538 414 3590 taiia
440 3535 566 3590 adverbia
585 3553 617 3590 ex
635 3553 663 3588 se
681 3536 764 3588 iacere
784 3553 841 3607 pro·

347 3627 521 3679 nuntiantur.
540 3626 605 3678 Sane
623 3624 672 3678 iroc
695 3644 839 3681 monemus,

347 3714 419 3783 quod
438 3714 464 3766 in
488 3715 539 3766 hac
557 3715 735 3785 suprascripta
761 3713 841 3767 forma

326 3826 338 3860 3
353 3802 392 3854 int
405 3803 494 3873 aliqua
505 3803 626 3855 undecim
638 3805 759 3857 nomina.
773 3823 841 3872 qnae

347 3907 378 3942 er
399 3893 551 3962 supradicto
578 3909 639 3944 casu
663 3892 841 3962 supradictam

348 3981 462 4034 litteram
487 3993 514 4034 et
534 3982 560 4034 in
578 3983 607 4034 ·i·
626 3994 794 4038 convertant.
816 3994 838 4032 ιι

357 4080 413 4123 ·ter›
440 4070 567 4140 syllabam
587 4070 738 4142 accipiant.
762 4071 844 4124 etsie

888 1507 944 1561 s'nt
963 1509 1088 1564 nomint.
1105 1525 1177 1579 quet
1205 1526 1239 1563 ex
1264 1509 1387 1580 utrisque

888 1594 978 1650 formis
986 1595 1025 1649 sic
1034 1594 1160 1652 educabis
1173 1595 1290 1655 iaciunt.
1304 1595 1331 1652 in
1344 1614 1385 1652 sn-

888 1683 930 1738 nis
949 1694 1118 1755 conpetenter
1134 1684 1301 1740 docebimus.

1068 1769 1095 1837 i·
1114 1783 1151 1826 ott
1173 1791 1205 1827 o·

923 1861 1111 1931 Quaecumque
1146 1862 1252 1916 nomina
1282 1860 1384 1915 scilicet

890 1948 1050 2020 appellative
1068 1949 1178 2022 positivi
1198 1950 1296 2018 medus
1316 1948 1385 2004 dati·

890 2051 924 2088 ιο
946 2051 1010 2087 casu
1029 2035 1060 2088 ·i·
1080 2034 1170 2089 littera
1191 2037 1385 2092 terminentur.

889 2131 917 2175 et
929 2120 1056 2177 adverbia
1069 2138 1101 2175 er
1115 2139 1144 2176 se
1156 2121 1243 2178 iacere
1260 2133 1387 2196 possum.

889 2211 954 2264 haee
972 2211 996 2265 si
1015 2211 1180 2266 nominativo
1198 2229 1260 2266 casu
1281 2211 1387 2266 numeri

891 2299 993 2353 scilicet
1009 2297 1152 2367 singularis
1166 2316 1220 2354 non
1236 2298 1280 2352 his
1299 2296 1389 2352 tribus

892 2389 991 2447 tornis.
1003 2388 1030 2441 id
1043 2398 1084 2441 est
1101 2404 1168 2441 uns·
1186 2404 1242 2442 ens·
1255 2383 1388 2445 ert·.sed

893 2479 951 2532 eliis
969 2473 1133 2547 quibuslibet
1151 2473 1335 2532 definiuntur.
1355 2471 1384 2524 in

893 2568 982 2623 eodem
998 2566 1089 2633 dativo
1107 2583 1167 2619 casu
1187 2556 1289 2616 numeri
1313 2559 1391 2615 scili-

894 2655 1034 2724 singularis
1043 2646 1390 2722 ·ter·tyilubutnaccipiunt,

894 2756 921 2798 et
932 2741 1057 2796 adverbia
1070 2758 1118 2794 sua
1128 2738 1284 2793 ostendunt.
1295 2746 1328 2789 ut
1340 2754 1390 2807 pu·

899 2830 1008 2885 tabuit
1027 2828 1118 2895 gracili
1132 2824 1276 2894 graciliter·
1297 2823 1340 2875 Sic
1359 2832 1388 2877 et

896 2919 948 2973 alia
978 2916 1082 2971 nomina
1108 2908 1208 2966 scilicet
1228 2910 1389 2983 appellativa

897 3005 1005 3079 positivi
1020 3003 1136 3071 gratius.
1154 3018 1224 3072 quae
1237 2998 1329 3051 dativo
1345 3014 1393 3049 cu-

896 3113 927 3148 su
946 3096 973 3147 ·i·
996 3095 1086 3148 littera
1106 3092 1281 3144 terminantur
1293 3099 1321 3141 ct
1339 3105 1392 3140 no·

897 3183 1026 3238 minativo
1042 3200 1103 3236 casn
1114 3178 1216 3233 numeri
1226 3177 1328 3232 scilicet
1340 3174 1395 3232 sin·

896 3270 995 3340 galatis
1015 3286 1067 3323 non
1100 3268 1181 3321 isdem
1200 3264 1389 3337 suprascriptis

897 3360 984 3415 tribus
1003 3355 1092 3410 formis
1110 3353 1281 3410 definiuntur,
1296 3363 1323 3405 et
1338 3349 1390 3403 ad-

895 3446 985 3503 verbii
1003 3445 1087 3497 iacere
1106 3440 1316 3514 possuntrtalia
1335 3438 1388 3489 ad-

896 3537 988 3593 verbia
1006 3553 1039 3587 ex
1058 3550 1087 3585 se
1109 3531 1193 3583 iacere
1211 3527 1408 3600 pronuntiam-

897 3627 1007 3680 tiantur.
1021 3625 1087 3674 Sane
1097 3621 1146 3674 hnc
1160 3633 1303 3672 monemus.
1318 3614 1392 3685 quod

898 3716 925 3768 in
947 3712 997 3764 irae
1024 3708 1203 3781 suprascripta
1229 3704 1310 3757 forms
1338 3701 1394 3756 tint

897 3801 986 3869 aliqua
1005 3797 1112 3850 nomina
1124 3830 1131 3852 .
1144 3809 1213 3862 quae
1224 3808 1257 3843 ex
1274 3789 1396 3859 supradi-

897 3903 940 3943 cto
955 3906 1017 3941 cusu
1036 3883 1215 3955 supradictam
1236 3880 1353 3941 litteram
1368 3888 1397 3930 et

898 3981 925 4033 in
935 3997 968 4032 ·e·
980 3984 1155 4032 convertant,
1172 3981 1200 4023 et
1215 3969 1253 4022 ric
1268 3965 1395 4026 adverbia

899 4070 1012 4124 iaciant,
1035 4078 1064 4119 nt
1081 4073 1147 4136 puta
1162 4057 1224 4113 huic
1243 4057 1316 4110 facili
1336 4057 1398 4110 isci-
