3382 5206
367 743 489 803 mum,
511 732 597 788 tunc
618 712 785 810 gentilem
807 766 816 798 ‚
841 738 940 784 nuno
960 727 1077 784 autem
1096 711 1234 784 lidelem
1253 713 1382 811 baptis-

368 850 457 905 mate
487 832 742 931 purificatum,
774 828 896 900 eodem
928 828 1104 904 scribendi
1131 854 1226 900 more
1255 830 1381 904 secisse

371 951 527 1025 memini.

449 1069 482 1145 5.
504 1066 611 1163 Quod
631 1074 662 1142 si
680 1068 825 1141 forsitan
845 1067 971 1166 aliquis
991 1069 1161 1156 miretur,
1180 1067 1273 1169 quod
1292 1071 1385 1139 inso-

368 1191 432 1263 lito
459 1216 554 1262 more
581 1189 837 1288 epistolarum,
864 1214 1059 1261 sermonem
1085 1189 1191 1261 unius
1217 1185 1382 1287 epistolae

370 1315 474 1390 modo
495 1314 637 1386 insimul
657 1315 836 1387 dumtaxat
857 1314 999 1402 missae,
1018 1315 1083 1386 sub
1101 1314 1208 1386 unius
1221 1311 1324 1386 titulo
1341 1309 1383 1381 li·

251 1464 254 1468 ·
369 1435 452 1512 belli
465 1436 713 1535 conposuerim
726 1465 736 1530 3
749 1434 907 1534 quisquis
925 1435 993 1507 lroe
1013 1436 1104 1507 lacto
1119 1451 1298 1521 moretur,
1312 1458 1384 1506 me·
1478 1445 1481 1449 '

371 1557 515 1632 mineris
534 1554 651 1656 Lapsii
669 1559 714 1655 (a)
728 1555 906 1655 purissimi
925 1556 1089 1644 oratoris,
1107 1560 1172 1658 quei
1189 1551 1317 1628 ·XVll·
1332 1553 1385 1625 in-

371 1675 661 1776 terpretationum
681 1673 865 1775 epistolas,
890 1674 956 1746 suh
985 1700 1056 1749 uno
1084 1691 1269 1773 tempore,
1299 1700 1387 1747 uno-

373 1824 443 1897 que
464 1797 544 1869 stilo
568 1853 577 1883 ,
596 1794 640 1869 ad
661 1820 774 1868 unum
795 1795 844 1894 (b)
867 1793 1086 1894 eundemque
1104 1795 1293 1893 petitorem
1311 1793 1387 1871 des·

374 1914 552 1988 tinaverit:
565 1940 636 1985 non
655 1939 727 2012 quo
748 1911 804 1984 ille
825 1911 1066 2011 petitor'illam
1081 1912 1303 2012 epistolarum
1319 1938 1386 1986 nu·

371 2035 605 2108 morositatem
631 2032 887 2137 postulaverit,
914 2033 973 2106 sed
1000 2061 1069 2133 quo
1096 2050 1130 2106 et
1148 2033 1304 2106 levamen
1329 2033 1385 2107 sui

372 2155 486 2255 operis
510 2213 519 2243 ‚
547 2170 580 2227 et
600 2154 816 2228 lecturorum
835 2152 1117 2226 commoditatem
1138 2210 1148 2242 ‚
1178 2152 1324 2251 depulso
1344 2170 1386 2226 ut

374 2273 452 2347 fieri
472 2273 557 2346 solet
580 2271 788 2345 inmutabilis
804 2273 851 2371 (e)
865 2271 1023 2344 lectionis
1040 2270 1198 2360 fastidio,
1217 2270 1389 2371 adquisie-

375 2394 422 2467 rit
443 2393 505 2493 (d).
529 2392 633 2466 Siout
654 2419 803 2492 namque
824 2392 904 2479 hii,
924 2393 988 2492 qui
1006 2392 1106 2489 longa
1126 2391 1260 2467 viarum
1279 2393 1389 2492 spatia

376 2512 529 2586 mensuri
553 2569 562 2599 ‚
590 2512 653 2584 iter
674 2538 780 2584 suum
799 2509 1009 2609 quibusdam
1026 2511 1248 2585 mansionum
1270 2510 1389 2585 limiti-

376 2635 442 2705 bus
462 2660 501 2705 ao
522 2632 679 2704 terminis
699 2631 812 2704 levant
828 2687 838 2718 ‚
854 2630 1094 2704 lassitudinem
1111 2632 1206 2729 longi
1224 2630 1390 2734 quodam·

378 2754 482 2828 modo
502 2754 637 2827 itineris
652 2770 900 2852 temperantes3
916 2771 949 2826 et
964 2756 1087 2828 urbem
1100 2755 1154 2829 vel
1166 2755 1304 2844 locum,
1318 2783 1390 2855 quo

379 2875 537 2949 eundum
556 2877 600 2946 sit
621 2930 631 2960 ‚
660 2873 794 2947 minore
814 2892 855 2947 ut
874 2875 920 2947 ita
939 2874 1087 2948 dixerim
1106 2875 1223 2949 labore
1244 2902 1389 2975 perpen-

380 2993 471 3067 dunt
492 3023 503 3087 3
531 2992 615 3064 certi
633 2992 728 3091 quod
749 3020 818 3065 una
837 2992 894 3066 die
923 2995 1009 3067 tanti
1029 2993 1192 3093 temporis
1216 2995 1281 3066 iter
1307 3020 1389 3066 oon·

325 3154 328 3161 ¹
381 3115 486 3188 ficere
497 3139 569 3216 non
581 3113 744 3187 valebunt
756 3171 765 3202 ‚
777 3115 846 3188 nisi
865 3143 926 3215 per
942 3115 1220 3204 calliumlineas‚
1234 3131 1271 3188 et
1289 3144 1411 3216 quos·

334 3296 343 3307 .
383 3234 463 3306 (lam
482 3232 740 3331 requietionum
752 3234 870 3307 modos
889 3234 1048 3309 laboriosi
1061 3234 1194 3308 itineris
1205 3236 1322 3309 honus
1334 3236 1392 3309 do

383 3351 564 3450 posuerint
586 3383 594 3424 :
621 3349 668 3421 ita
688 3349 790 3423 etiam
810 3350 859 3422 hii
884 3407 893 3437 ‚
918 3352 978 3449 qui
999 3352 1197 3425 inmensum
1216 3351 1393 3424 scribendi

384 3501 470 3572 opus
489 3472 689 3571 arripientes
713 3530 722 3562 ,
748 3489 782 3545 et
801 3474 843 3547 de
863 3474 1021 3573 pluribus
1041 3477 1143 3548 rebus
1162 3476 1202 3549 ao
1221 3477 1390 3575 quaestio-

384 3597 488 3668 nibus
507 3622 609 3668 suum
635 3598 848 3696 conposituri
870 3625 1065 3671 sermonem
1085 3628 1095 3694 3
1122 3605 1272 3674 sciemus
1297 3602 1392 3701 quod

386 3717 455 3790 nisi
472 3719 517 3816 (e)
530 3715 699 3792 librorum
717 3719 956 3820 frequentibus
976 3719 1217 3819 explicitorurn
1237 3721 1393 3812 finibus,

385 3836 676 3940 sequentiumque
703 3838 810 3913 initiis
841 3896 850 3928 ‚
880 3839 1031 3915 laborem
1057 3868 1160 3917 suum
1185 3860 1395 3944 temperave-

468 3999 508 4070 (ι)
525 4013 583 4052 rtem
601 4022 641 4066 pro
659 4002 763 4054 Cassii?
795 4003 836 4071 (b)
854 4009 910 4056 cod,
926 4018 950 4052 ot
966 4024 1016 4053 11111.
1048 4006 1084 4072 (c)
1102 4014 1140 4057 lta
1157 4011 1210 4061 sads
1222 4012 1272 4058 heic
1288 4020 1312 4056 et
1327 4010 1394 4060 alibi.

393 4077 434 4145 (d)
449 4088 487 4130 tn
508 4084 556 4130 cod.
575 4101 614 4145 pro
633 4085 786 4146 adquireret·
819 4075 855 4148 (r)
874 4086 930 4138 eod.
948 4094 1045 4135 mutuat.
