3382 5206
348 560 395 608 20
728 558 878 606 luston
905 561 926 604 Ι.

318 678 407 756 test,
425 667 521 767 quod
540 664 610 740 sola
630 656 772 738 tantum
788 666 1046 739 consuetudine
1058 668 1244 742 obtentum
1264 687 1338 747 est:

316 788 378 862 sed
396 787 455 861 hic
474 815 551 861 snos
570 786 674 860 modo
687 787 725 859 in
739 803 811 860 toto
824 815 934 886 paene
948 804 1122 861 terrarum
1132 789 1215 862 orbe
1227 790 1338 881 valet,

315 926 357 983 ut
384 908 517 982 relictis
545 907 743 981 rationibus
775 908 931 980 veritatis
958 964 968 997 ‚
1007 908 1077 981 sola
1114 911 1342 984 consuetudo

314 1056 379 1129 pro
405 1056 487 1102 vero
509 1013 680 1103 teneatur.
709 1025 781 1101 Sed
809 1053 855 1100 ne
879 1029 1026 1125 longum
1049 1029 1177 1102 faciam
1198 1032 1244 1129 (a)
1268 1057 1338 1104 ser-

315 1147 431 1221 monis
463 1146 734 1221 fundamentum
760 1203 769 1234 ‚
801 1145 937 1219 caelum
968 1163 1055 1246 aput
1089 1164 1222 1221 veteres
1253 1176 1340 1221 neu·

318 1267 455 1341 traliter
481 1267 637 1340 nubium
660 1266 804 1363 globum
831 1267 1035 1364 significat,
1059 1268 1124 1366 qui
1152 1267 1260 1342 solem
1287 1269 1342 1342 lu-

317 1408 402 1461 nam
430 1386 614 1489 stellasque
648 1384 778 1458 caelare
807 1385 926 1474 solet,
954 1375 996 1459 et
1016 1386 1120 1460 habet
1147 1381 1191 1460 in⁴
1210 1387 1341 1487 plurali

316 1532 466 1579 numero
496 1504 610 1592 caela,
632 1502 831 1602 Sulphonia
850 1503 998 1577 hebraeo
1020 1505 1221 1582 scribente:
1242 1519 1267 1551 ‘⁶
1292 1524 1340 1579 te·

317 1624 464 1697 nebrosa
494 1621 629 1697 caelant
656 1622 748 1716 caela
772 1679 781 1710 ,
812 1621 899 1693 caeli
928 1623 1341 1722 claraque'consurgunt

319 1743 432 1817 sidera
467 1799 502 1832 ,,.
543 1738 642 1814 Caeli
672 1758 789 1814 autem
820 1743 950 1817 summi
987 1744 1167 1819 habebunt
1198 1743 1236 1815 in
1272 1745 1341 1816 sin·

318 1862 433 1960 gulari
466 1863 681 1937 nominativo
717 1862 834 1935 caelus
868 1862 1064 1936 masculino
1101 1890 1262 1959 genere3
1297 1864 1341 1935 si-

317 1984 382 2053 'cut
406 1996 443 2055 et
472 1998 593 2054 noster
621 1979 751 2054 Cicero
774 1983 826 2079 (r)
850 1981 970 2056 canit:
997 1993 1021 2025 “
1054 1980 1171 2053 caelus
1193 1979 1251 2052 ille
1274 1980 1342 2054 ele-

314 2114 416 2174 vatus
446 2100 524 2171 visu
555 2098 749 2173 carnalium
778 2115 875 2174 caret
903 2155 938 2187 ‚‚.
966 2095 1042 2193 Qui
1068 2098 1222 2188 caelus,
1256 2103 1339 2199 quia

315 2248 336 2293 a
362 2218 574 2293 celsitudine
604 2219 808 2306 derivatur,
839 2219 1048 2317 aspiratione
1075 2219 1203 2317 dignus
1236 2221 1340 2296 erit:

319 2355 354 2414 at
374 2339 511 2414 caelum
533 2340 629 2440 quod
653 2340 696 2412 de
720 2339 885 2412 caelando
915 2338 1089 2430 ducitur,
1118 2341 1340 2440 diphthongi-

320 2487 396 2533 cam
406 2460 533 2533 babere
544 2488 616 2533 non
625 2459 973 2560 poteritdignitatem
984 2461 1045 2559 (b)
1059 2458 1176 2533 Omne
1187 2489 1268 2558 ergo
1278 2490 1340 2534 no·

316 2607 398 2653 men
418 2609 490 2653 uno
511 2607 646 2679 semper
666 2608 792 2677 genere
813 2579 968 2678 patietur
989 2636 997 2667 ,
1030 2595 1066 2652 et
1085 2607 1281 2680 numquam
1302 2581 1339 2655 in

315 2700 412 2773 aliud
433 2727 475 2773 ex
494 2700 562 2772 alio
583 2699 744 2772 transibit
764 2760 772 2775 .
799 2697 965 2798 Denique
986 2716 1022 2771 et
1042 2699 1079 2770 in
1099 2700 1165 2772 lroc
1186 2719 1306 2774 errant
1330 2760 1339 2791 ,

315 2818 410 2918 quod
431 2818 555 2892 sibilus
583 2818 713 2908 sibila,
743 2837 892 2892 tartarus
921 2834 1046 2891 tartara
1076 2818 1150 2893 dici
1177 2820 1337 2920 duplici,

316 2954 351 3011 et
371 2955 413 3012 ut
433 2939 482 3010 ita
501 2938 618 3012 dicam
636 2938 746 3012 dubio
762 2997 771 3028 ,
787 2967 886 3039 posse
904 2967 1031 3036 genere
1045 2955 1250 3011 nostrorum
1263 2940 1340 3038 plu·

317 3054 402 3130 rimi
420 3058 644 3132 arbitrantur.
663 3057 757 3132 Nam
777 3057 900 3131 sibilus
920 3058 1009 3131 aeris
1038 3059 1086 3158 (c)
1109 3059 1174 3131 erit
1196 3056 1249 3130 vel
1269 3087 1340 3131 ser-

317 3175 433 3275 pentis
453 3174 507 3248 vel
526 3175 692 3252 loliorum
713 3234 723 3265 ‚
743 3195 778 3249 et
797 3177 902 3248 habet
922 3176 960 3247 in
978 3175 1108 3275 plurali
1127 3203 1274 3249 numero
1296 3177 1340 3249 si-

315 3295 379 3368 bili
397 3295 602 3382 sibilorum,
623 3313 658 3368 et
676 3295 831 3396 reliquos
850 3322 972 3368 omnes
993 3322 1104 3369 casus.
1125 3295 1174 3368 At
1195 3295 1340 3370 sibilum

314 3413 521 3487 neutraliter
540 3413 692 3488 hominis
711 3413 905 3503 (licendum
923 3430 976 3487 est
989 3469 1000 3502 ,
1012 3413 1107 3512 quod
1126 3413 1263 3486 trifario
1284 3442 1335 3487 so-

316 3531 495 3605 lummodo
518 3559 601 3606 casu
623 3549 832 3607 contentum
853 3549 930 3620 est,
954 3550 993 3606 ut
1013 3532 1155 3606 sibilum
1175 3533 1274 3606 sibila
1295 3535 1339 3606 si·

314 3652 383 3725 bila
408 3710 418 3740 ‚
439 3652 583 3753 reliquis
603 3679 798 3754 numquam
817 3654 854 3725 iu
876 3683 944 3728 usu
972 3654 1109 3728 habitis.
1139 3652 1203 3728 Sic
1230 3657 1335 3730 etiarn

396 3819 434 3878 (a)
460 3821 516 3868 cod.
539 3825 631 3877 stirias.
694 3820 735 3885 (1.)
764 3827 851 3882 Ergone
880 3824 1026 3872 scribendum
1055 3812 1132 3869 celum
1159 3834 1183 3867 tt
1207 3821 1333 3877 celanda?

319 3892 359 3957 (a)
374 3897 430 3940 eud.
449 3902 511 3940 roris
528 3900 569 3954 pio
585 3902 660 3942 siris.

401 4022 442 4095 (r)
462 4023 560 4095 Nempe
579 4025 686 4078 sinicii
708 4027 785 4083 tutus.
