3382 5206
543 600 586 648 ns
604 600 804 650 suanorum.
1101 604 1150 680 29

167 734 288 791 natos:
308 712 465 787 sicutiin
478 707 703 807 Quintiliano
717 714 764 812 (a)
778 710 868 809 legi,
887 711 948 812 qui
960 712 1185 815 erateompu·

166 837 278 909 tarius
296 833 440 907 dierum
460 848 497 904 et
515 830 692 905 mensium
704 831 754 933 (b)
772 847 806 904 et
824 831 931 905 lunae
952 848 986 906 et
1001 831 1082 906 solis
1094 845 1122 904 “.
1133 849 1183 906 to·

167 973 286 1028 torum
307 1010 317 1043 ‚
336 951 454 1053 inquit
472 951 649 1025 mensium
671 1007 681 1040 ,
701 950 830 1051 quibus
849 951 888 1024 in
908 979 993 1040 sese·
1003 951 1185 1051 reciproca

166 1077 392 1151 successione
411 1073 603 1148 revolvitur
620 1100 737 1147 annus
753 1074 976 1173 ,supputatio
991 1061 1186 1176 perdiffici-

164 1198 211 1271 lis
231 1215 307 1287 est,
328 1213 365 1270 et
383 1195 569 1268 intellectu
589 1221 697 1292 egens
719 1196 766 1295 (c)
787 1195 949 1293 diligenti
967 1251 1003 1285 ,,.
1022 1194 1069 1270 Et
1092 1197 1187 1297 inira

166 1330 192 1362 ‘⁸
223 1315 409 1404 solorum,
438 1314 586 1415 inquit,
621 1312 878 1389 industriorum
911 1315 1067 1390 virorum
1093 1315 1186 1390 bella

167 1435 251 1534 quis
276 1433 459 1508 narrabit?
487 1489 513 1523 „
885 1479 903 1519 χ

252 1579 309 1627 10.
329 1549 426 1625 Sunt
446 1551 550 1624 etiam
568 1551 665 1651 qui“
678 1549 797 1651 ¹plures
810 1607 835 1641 ,,
849 1551 1033 1626 aestimant
1052 1551 1090 1625 in
1109 1579 1185 1653 pro-

167 1671 370 1749 nominibus
392 1668 622 1769 acoipiendos
644 1668 695 1770 (d)
718 1727 728 1761 ‚
755 1697 910 1771 quorum
936 1672 1093 1773 opinioni
1115 1682 1183 1746 nee

156 1790 318 1866 'muitum
336 1788 624 1878 defidimua,nec
643 1790 797 1864 nimium
815 1791 979 1867 faverem.
998 1790 1072 1867 Sed
1091 1819 1181 1893 quae

168 1909 601 2012 inciditie)quaestionem
610 1926 715 2011 prout
728 1911 905 2010 potuerim
914 1912 1090 2013 explicare
1099 1928 1186 1986 tem·

166 2016 354 2135 ptabimus.
373 2029 486 2104 Multi
505 2043 530 2081 ‘⁶
544 2029 739 2130 pluribus„
760 2031 974 2128 singularem
992 2059 1184 2109 numerum

167 2167 301 2249 negant
319 2148 471 2223 inveniri
489 2176 590 2249 posse
605 2148 688 2238 ‚sed
708 2149 759 2222 sic
779 2149 950 2223 declinari
970 2152 1090 2251 plures
1109 2154 1185 2253 plu·

167 2270 263 2344 rium
289 2270 474 2372 pluribust
501 2269 757 2371 requirendum
782 2270 963 2370 siquidem
984 2273 1022 2371 (tt
1046 2290 1126 2363 est,
1152 2275 1183 2347 si

167 2392 257 2464 haec
276 2391 483 2491 pronomina
502 2391 595 2480 sint,
614 2417 722 2491 quare
736 2389 1008 2489 comparationis
1019 2391 1144 2489 gradus
1163 2421 1185 2466 a

167 2510 288 2584 multis
307 2512 466 2612 recipere
486 2510 676 2599 dicuntur,
699 2536 781 2583 cum
798 2535 992 2609 pronomen
1010 2537 1185 2612 compara·

172 2629 306 2702 tionem
324 2629 454 2702 habere
473 2652 547 2702 non
566 2628 674 2728 possit
695 2628 769 2726 (gii
788 2626 936 2699 maxime
957 2653 1042 2700 cum
1060 2627 1186 2727 plurio-

169 2777 226 2820 res
244 2777 265 2820 a
283 2748 495 2847 quibusdam
514 2749 714 2823 scribantur
736 2747 785 2845 (h)
804 2804 813 2835 ,
832 2746 926 2846 quod
953 2748 1186 2847 comparativo

170 2867 282 2963 gradu
300 2867 495 2941 dicendum
510 2884 570 2943 est.
589 2866 699 2942 Unde
715 2866 941 2944 manifestum
958 2883 1009 2939 est
1023 2869 1111 2941 haee
1126 2895 1187 2942 no

170 2987 265 3060 mina
277 2989 386 3086 magis
396 2989 567 3061 adiectiva
580 3015 654 3062 esse
666 3013 773 3087 quam
790 2988 1015 3087 pronomina:
1034 3016 1187 3089 praeser-

170 3105 235 3178 tim
245 3104 856 3206 cumetiamsupsrlativumgradum
866 3106 1186 3197 haberedicantur,

174 3239 213 3294 ut
235 3223 385 3323 plurimi.
406 3222 481 3296 Sed
499 3250 674 3297 numerus
694 3223 877 3319 singularis
896 3223 934 3295 in
953 3223 1009 3296 his
1036 3226 1186 3299 nomini·

167 3345 236 3416 hus
255 3372 327 3416 non
347 3342 449 3417 facile
470 3343 648 3416 invenitur
670 3399 681 3431 ‚
708 3342 776 3415 nisi
796 3343 833 3415 in
854 3343 1006 3417 neutrali
1026 3373 1154 3441 genere
1176 3377 1185 3422 ε

168 3463 417 3536 diciturenim
444 3462 523 3562 plus
544 3493 553 3538 ε
578 3479 715 3563 praeter
740 3461 834 3561 quod
861 3463 1075 3536 nominativo
1104 3493 1186 3538 casu

168 3583 310 3719 dictum
333 3641 342 3673 ,
362 3582 548 3681 singularis
577 3583 722 3656 numeri
749 3581 854 3655 flexio
881 3583 1011 3659 deficit.
1032 3582 1189 3679 Quidam

251 3805 289 3872 (a)
309 3809 364 3854 cod.
391 3806 555 3869 Qur‘nttrrs'ano.
578 3806 621 3851 Sed
641 3809 792 3870 corrigitusa
809 3807 940 3854 Gainsredo.
988 3808 1027 3874 (t)
1045 3811 1100 3856 cod·
1118 3827 1185 3856 men-

173 3907 250 3935 suum·
271 3890 314 3935 sut
333 3904 386 3933 moi
405 3892 528 3930 mensium·
549 3888 671 3946 Ceteroqui
686 3900 807 3929 mensuum
826 3887 885 3930 haud
906 3903 956 3932 raro
979 3888 1026 3934 ridi
1043 3891 1065 3932 in
1083 3894 1184 3950 antiquis

174 3987 228 4013 rur-s·
262 3967 301 4030 (r)
317 3967 375 4014 cod·
391 3980 475 4022 agens·
507 3963 547 4027 (d)
565 3969 599 4008 lta
617 3964 680 4014 eud,
696 3979 738 4008 non
755 3964 925 4022 accipiendum.
957 3963 998 4026 (o)
1013 3967 1068 4010 Cod.
1084 3970 1184 4015 secedit.

171 4041 208 4114 (i)
227 4045 282 4092 Cod·
300 4053 322 4090 ια’
340 4058 414 4106 quae.
448 4039 489 4103 (3)
507 4042 562 4088 Cod·
576 4051 661 4101 potsse·
695 4039 735 4105 (h)
753 4046 791 4096 lte
807 4041 875 4095 eod,
892 4045 1079 4096 macerabatur·

391 4164 395 4201 ι

393 4204 413 4251 t,
