3382 5206
716 553 757 600 ur
777 554 977 602 mortomar.
1277 529 1325 602 33

328 660 469 737 tandem
487 660 680 733 inveniant.
700 658 910 734 Rectissime
932 659 1064 753 etenim
1085 660 1217 758 pedum
1237 663 1349 735 nomi·

326 807 374 851 ne
391 779 580 854 hominum
598 778 709 852 animi
726 793 897 852 vocantur
919 834 928 866 ,
948 777 1012 878 qui
1032 806 1096 879 per
1117 805 1256 877 campos
1275 805 1347 852 me·
1415 795 1418 804 '

325 899 541 973 ditationum
558 897 881 999 sapientiae‚silvas
899 925 1042 998 qnoque
1060 896 1349 978 difficillimarum

325 1000 577 1119 quaestionum
596 1020 663 1092 iter
681 1035 823 1117 agentes
846 1076 856 1107 ‚
882 1018 1104 1092 festinatione
1124 1045 1264 1118 semper
1286 1018 1350 1091 im·

325 1139 502 1213 moderata
514 1139 701 1221 intantum
713 1138 947 1212 utlucescant
965 1138 1025 1211 die
1044 1154 1227 1239 noctuque
1243 1153 1350 1214 utun·

329 1275 389 1332 tur
414 1288 426 1354 ;
455 1274 552 1334 tanto
581 1257 756 1331 desiderio
785 1260 930 1332 accensi
959 1280 1142 1346 sensum,
1174 1259 1238 1357 qui
1266 1259 1354 1332 latet
1407 1291 1411 1295 ¹

327 1379 384 1452 rel
402 1381 466 1480 qui
484 1380 673 1470 dissertur,
695 1381 764 1454 cito
784 1382 944 1455 invenire
964 1380 1175 1456 desiderant.
1364 1368 1371 1384 ³

405 1499 460 1576 15.
482 1497 580 1575 Sunt
591 1501 694 1575 etiam
709 1501 937 1602 pronomina,
956 1528 1047 1601 quae
1060 1497 1243 1575 nonnullis
1258 1498 1354 1590 adis,

330 1635 385 1692 eta
405 1647 479 1693 esse
507 1621 730 1711 creduntur,
759 1639 799 1695 ut
825 1621 903 1695 talis
928 1620 1066 1718 legatur
1085 1637 1121 1694 et
1140 1618 1252 1720 qualis
1273 1618 1349 1719 (a);

327 1765 417 1838 quae
428 1738 560 1838 primae
572 1740 753 1841 positionis
766 1740 911 1813 nomina
930 1738 1194 1840 pronominibus
1210 1764 1283 1812 non
1294 1763 1351 1810 ao·

330 1858 478 1947 eidunt,
499 1887 542 1932 ex
558 1859 707 1960 eoquod
723 1859 943 1935 adiectornm
961 1859 1149 1933 nominum
1167 1857 1272 1931 modo
1290 1854 1352 1930 de·

330 1976 527 2068 elinantur‚
548 1994 588 2054 ut
603 1979 680 2053 talis
692 1980 922 2081 talis‚¹qualis
938 1980 1072 2081 qualis3
1091 2007 1183 2079 quae
1203 2003 1352 2052 eonsue-
1428 2037 1433 2044 .

327 2097 415 2172 tudo
423 2101 689 2198 pronominibus
701 2101 944 2175 acciderenon
954 2097 1271 2175 solettdeolinandi
1281 2113 1351 2170 ete·

327 2216 404 2288 nim
423 2217 604 2314 genetivus
624 2246 726 2293 oasus
745 2221 995 2321 pronominum
1012 2217 1206 2291 multorum
1222 2215 1261 2289 in
1273 2214 1350 2288 ius·

328 2334 492 2434 syllabam
509 2339 718 2412 terminatur
741 2396 751 2428 ,
772 2356 805 2413 et
824 2339 958 2413 nullius
979 2339 1016 2410 in
1034 2338 1082 2410 ·is·
1096 2335 1265 2436 Denique
1284 2335 1350 2435 qui

331 2456 581 2555 pronominum
599 2475 709 2531 artem
728 2461 889 2534 scribunt
912 2517 921 2549 ,
948 2458 1015 2531 hac
1040 2456 1259 2529 dubitatione
1280 2481 1348 2526 ser·

330 2574 442 2648 monis
471 2574 637 2650 fiduciam
661 2578 910 2677 praepediente
944 2635 954 2666 ‚
988 2603 1118 2673 genera
1147 2572 1348 2674 inquientes

332 2696 584 2794 pronominum
602 2714 688 2798 quot
706 2700 814 2774 sunt?
836 2698 957 2771 eadem
976 2700 1049 2770 sero
1072 2698 1166 2769 sieut
1187 2710 1221 2767 et
1239 2693 1349 2766 nomi·

334 2817 452 2890 num?
471 2844 544 2889 non
563 2818 696 2891 audent
715 2818 865 2892 fidenter
884 2818 1004 2892 dicere
1028 2875 1038 2906 ‚
1070 2844 1197 2916 genera
1223 2841 1347 2914 prono·

335 2937 473 3010 minum
495 2937 616 3010 eadem
638 2967 712 3011 esse
732 2941 806 3012 lere
826 2968 865 3012 ac
890 2939 1075 3013 nominum
1098 2995 1108 3027 ‚
1137 2964 1220 3010 eum
1238 2965 1257 3008 a
1278 2935 1349 3036 ple·

333 3056 451 3155 risque
469 3056 671 3131 doctoribus
691 3061 835 3133 audiant
856 3087 1044 3133 commune
1064 3058 1203 3132 duobus
1225 3084 1349 3157 prono·

332 3201 414 3246 men
434 3175 621 3271 generibus
640 3177 793 3274 legitime
813 3206 885 3250 non
906 3178 1053 3254 habere:
1073 3179 1139 3250 hac
1159 3205 1264 3250 causa
1285 3177 1349 3249 eis·

332 3295 416 3368 dem
434 3295 668 3396 adstipulante
679 3299 791 3399 ‚quod
805 3329 846 3373 ex
859 3300 900 3372 iis
914 3300 1103 3399 praedietis
1124 3300 1346 3385 nominihus,

332 3443 423 3515 quae
444 3432 526 3489 sunt
545 3416 622 3489 talis
642 3418 780 3518 qualis,
800 3420 960 3492 adverbia
979 3420 1076 3492 nasei
1098 3419 1278 3492 evidenter
1297 3447 1349 3490 so·

329 3534 448 3624 leant,
461 3551 501 3608 ut
521 3536 635 3610 taliter
653 3538 812 3638 qualiter.
832 3537 935 3612 Licet
956 3539 1053 3611 enim
1073 3567 1115 3611 ex
1134 3538 1348 3638 pronomini-

332 3656 399 3727 bus
420 3653 579 3728 adverbia
598 3658 717 3730 venire
736 3659 973 3748 dicantur‚ut
986 3658 1128 3732 meatim
1138 3658 1262 3732 tuatim
1272 3686 1349 3731 sua·

332 3773 397 3846 tim
415 3775 596 3848 nostratim
614 3779 791 3851 vestratim
814 3837 823 3869 ‚
847 3797 965 3854 tamen
985 3781 1053 3853 nisi
1073 3779 1218 3854 adiectis
1238 3781 1349 3853 nomi·

332 3897 438 3972 nibus
456 3896 616 3970 adverbia
636 3899 727 3972 inter
746 3900 908 4010 syllabam
933 3901 1040 3975 latine
1069 3902 1163 3978 exire
1183 3901 1249 3974 rite
1272 3924 1358 4001 poso

415 4039 454 4106 (a)
471 4045 526 4091 cod.
543 4048 635 4092 tautae.

1043 4134 1064 4203 3
