3382 5206
354 523 426 599 336
632 544 779 601 tasonts
804 543 1054 595 rtonmcrusts

413 683 443 750 7.
466 661 591 743 Euro,
605 656 743 744 denoto,
761 656 955 749 pentuu'mas
973 659 1174 750 corripiunt,
1190 660 1354 751 utVirgi-

327 769 389 837 lius
402 771 437 835 iu
451 773 559 861 primo
577 770 753 861 georgicon
764 772 788 808 ‘⁶
797 766 900 835 nudus
914 792 970 835 ara
983 791 1056 837 sere
1069 765 1174 835 nudus
1183 804 1221 852 „.
1230 770 1273 836 Et
1284 772 1353 839 Ho-

329 882 429 951 ratius
437 885 600 972 “paterna
613 904 690 947 rura
702 877 809 947 bobus
821 894 930 948 exurat
942 881 1037 963 suis„
1047 880 1224 970 quiveram
1240 881 1350 949 trime

330 1008 381 1057 ter
394 1008 440 1058 est
459 991 619 1057 iambicus
638 1006 724 1058 totus
740 987 816 1057 colis
833 988 951 1055 iambis
971 988 1174 1078 compositus·
1189 991 1352 1076 Demeto‚

330 1097 500 1185 demoror,
508 1099 695 1189 penultimis
710 1099 880 1188 correptis.
891 1097 1044 1165 Horatius
1057 1099 1079 1134 “
1090 1096 1208 1164 accidit
1221 1084 1257 1163 ut
1271 1102 1353 1193 quiss

328 1209 406 1275 dum
414 1226 509 1277 testes
519 1210 723 1303 caudamque
733 1208 872 1277 salacem
885 1206 1159 1277 demeteretderro
1166 1208 1354 1300 „Virgilius

326 1319 361 1384 iu
368 1317 415 1385 X.
430 1320 575 1386 “Turne
587 1318 645 1386 sed
656 1317 766 1387 infelix
781 1323 927 1387 Teucros
942 1315 1024 1408 quid
1037 1316 1187 1386 demoror
1201 1322 1350 1404 armis„.

325 1429 376 1495 Da
388 1451 426 1496 eo
440 1427 530 1519 quod
543 1446 592 1496 est
605 1426 720 1497 exhalo
734 1428 885 1498 Lucanus
895 1430 931 1497 iu
944 1442 1063 1519 quarto
1071 1426 1230 1498 “exhalat
1244 1431 1353 1497 nebu-

329 1533 376 1603 las
399 1535 560 1629 quicquid
582 1560 790 1605 concrescere
815 1537 950 1627 primus·
965 1583 987 1623 ‚‚
1009 1540 1052 1605 Et
1074 1535 1114 1604 de
1134 1562 1172 1605 eo
1197 1538 1286 1629 quod
1303 1556 1354 1609 est

327 1671 423 1715 mano
440 1646 599 1741 Virgilius
620 1650 656 1715 iu
668 1649 739 1713 ·lll·
751 1651 852 1714 “tum
866 1647 992 1740 gelidus
1012 1665 1078 1715 toto
1098 1648 1252 1713 manabat
1274 1672 1355 1715 cor·

323 1781 404 1848 pore
423 1756 563 1843 eudon„
577 1761 628 1826 De
643 1783 681 1826 eo
703 1758 913 1849 etiaquuod
935 1775 983 1825 est
1010 1755 1128 1825 infidus
1147 1774 1178 1826 et
1198 1757 1351 1849 getulus:

323 1871 475 1938 Lucanus
499 1872 534 1936 iu
548 1871 624 1936 llll.
639 1890 661 1921 ί*
677 1869 861 1961 infidusque
885 1869 977 1937 novis
1001 1866 1140 1935 ducibus
1166 1867 1351 1962 dubiusque

323 1981 426 2070 priori
442 2027 464 2062 „
477 1980 519 2047 Et
534 1982 555 2018 ‘⁶
570 1979 693 2047 inculto
718 1978 844 2070 getulus
865 2002 978 2069 equus.
989 2027 1012 2062 „
1029 1977 1180 2063 Diffidit,
1203 1977 1353 2063 discidit,

324 2091 352 2156 si
365 2116 383 2155 a
397 2089 485 2155 liudo
507 2089 557 2157 vel
576 2088 690 2156 scindo
710 2090 885 2178 compositu
901 2106 975 2155 sunt
986 2139 997 2174 ‚
1009 2087 1224 2178 penultimam
1243 2092 1351 2158 corri-

324 2195 428 2283 piunt.
441 2191 593 2261 Horatius
605 2189 755 2257 “diffidit
776 2193 908 2260 urbium
931 2211 1040 2283 portas
1062 2195 1114 2258 vir
1134 2192 1295 2276 macedo,
1318 2212 1351 2261 et

323 2301 486 2393 subripuit
507 2300 649 2370 aemulos
657 2304 761 2386 ,‚.Est
785 2304 872 2369 enim
895 2301 1012 2368 diffidit
1029 2304 1163 2369 urbium
1181 2303 1350 2371 chorium-

322 2413 384 2481 bus
412 2437 488 2479 cum
511 2412 706 2502 pyrrichio;
734 2412 851 2482 deinde
879 2412 1027 2501 sequitur
1052 2435 1163 2481 versus
1191 2413 1350 2502 asclepia-

324 2522 408 2591 deus.
424 2521 516 2589 Idem
535 2522 684 2588 Horatius
699 2520 868 2613 glyconico
883 2546 978 2589 versu
992 2524 1248 2613 “nequicquam
1262 2526 1352 2591 Deus

325 2631 473 2699 abscidit.
489 2678 511 2712 ‚‚

418 2746 447 2806 8.
478 2740 547 2806 Nec
573 2764 627 2807 vos
650 2738 729 2805 latet
743 2788 753 2822 ‚
769 2738 859 2830 quod
886 2741 993 2805 omnia
1018 2741 1191 2827 praeterita
1212 2741 1354 2830 partici-

325 2853 369 2939 pii
396 2849 575 2916 desinentia
593 2851 628 2915 iu
639 2872 714 2914 ·sus·
727 2845 942 2936 penultimam
962 2847 1168 2937 producunt,
1182 2872 1220 2914 ec
1244 2875 1352 2916 aver-

326 2956 377 3019 bis
402 2951 619 3021 secundaret
644 2954 760 3019 tertiae
781 2955 1016 3044 coniugationis
1034 2955 1191 3028 veniunt;
1213 2980 1249 3020 ex
1271 2980 1353 3044 qno-

325 3082 399 3123 rum
421 3056 564 3124 secunda
583 3079 719 3145 persone
737 3059 916 3144 praesentis
947 3057 1101 3144 temporis
1132 3059 1259 3145 agnosci
1288 3084 1351 3147 po-

324 3168 401 3232 terit
422 3165 568 3233 eiusdem
592 3166 755 3254 participii
780 3163 957 3255 penultima
985 3184 1100 3231 natura
1121 3191 1163 3229 au
1192 3170 1354 3255 positione

323 3280 362 3342 sit
391 3274 486 3363 longa
500 3323 511 3358 ,
527 3272 758 3366 quoniamlnisi
781 3277 816 3341 iu
835 3273 922 3341 illius
941 3275 1100 3341 secundae
1119 3299 1274 3363 personae
1297 3303 1351 3366 pe-

328 3381 464 3447 nultima
493 3381 608 3470 positio
635 3383 709 3465 sit,
735 3383 769 3446 in
794 3379 939 3470 praelato
967 3382 1140 3471 participio
1169 3406 1353 3473 numquam

324 3490 410 3553 erit:
437 3487 578 3574 exceptis
610 3486 708 3552 sedeo
731 3537 740 3570 ‚
761 3484 877 3571 lodic,
901 3490 1041 3578 quatio,
1075 3487 1180 3576 [satior
1200 3536 1210 3569 ‚
1231 3507 1356 3577 peteo,

321 3620 415 3663 careo
432 3618 591 3678 ‚maue0‚
606 3611 638 3661 et
658 3594 763 3677 cedo,
784 3596 874 3685 quod
900 3616 945 3663 est
972 3598 1079 3666 locum
1110 3599 1178 3682 do,
1203 3616 1234 3664 et
1265 3622 1353 3688 quae

325 3734 362 3774 ea
384 3706 435 3771 his
456 3722 709 3793 componuntur.
725 3704 769 3771 Et
788 3708 945 3794 positione
963 3708 1188 3797 producuntur
1209 3710 1349 3780 mordeo

321 3840 448 3883 morsus
464 3868 474 3902 ‚
493 3815 583 3884 [indo
605 3814 719 3883 fissus:
743 3834 858 3885 natura
887 3842 964 3884 vcro
981 3868 991 3901 ‚
1008 3818 1109 3886 caedo
1144 3845 1283 3905 caesus,
1305 3823 1344 3888 li-

318 3930 360 3994 do
378 3925 452 3995 fisus
467 3976 477 4012 ,
492 3944 529 3994 et·
544 3924 606 3990 alia
621 3926 762 4016 plurima
780 3977 791 4012 ,
814 3952 898 4019 quaa
917 3927 1043 3998 ideireo
1058 3933 1210 4021 proposui
1227 3948 1264 3998 ut
1282 3956 1352 4014 uon
