3382 5206
471 555 520 630 66
839 582 989 629 ιιιςιοιιι
1011 584 1061 630 ιιι.

441 708 584 792 tempus
599 692 728 764 habere
751 707 980 787 cernuntur3
1000 692 1071 765 nisi
1088 691 1171 791 quia
1191 696 1367 792 perlectae
1390 695 1459 764 lor-

440 840 518 887 mae
535 813 642 887 verba
663 811 853 912 probibent
874 811 913 884 in
938 838 1063 885 corum
1097 813 1289 886 convenire
1315 830 1459 886 sentcn-

440 931 553 1022 tiam,
574 960 666 1033 quae
687 929 922 1030 praeteritum
938 946 1077 1029 tempus
1099 929 1168 1003 sibi
1192 930 1325 1004 rectius
1345 930 1458 1004 vindi-

442 1067 545 1125 cent.
567 1047 641 1123 Sed
668 1075 753 1122 cum
780 1049 848 1121 hoc
875 1047 945 1121 illis
968 1047 1239 1138 obiecerimus,
1267 1048 1459 1149 responde-

440 1186 532 1244 runt
543 1167 780 1269 praeteritum
793 1184 934 1267 tempus
951 1168 1113 1266 geminae
1128 1168 1365 1266 ordinationis
1383 1196 1459 1240 vcr-

439 1289 496 1362 bis
519 1306 709 1364 commune
734 1316 806 1363 esse
830 1288 968 1377 solere,
991 1288 1101 1362 floreo
1119 1289 1296 1378 floresco,
1318 1305 1352 1362 et
1371 1288 1459 1361 utri-

441 1437 514 1511 que
531 1410 726 1485 convenire
745 1409 862 1487 florui.
881 1406 956 1482 Sed
974 1411 1042 1483 hoc
1058 1410 1143 1510 quia
1160 1410 1362 1484 scholarum
1381 1437 1460 1482 nos·

442 1546 583 1604 trarum
612 1546 778 1604 auctores
808 1556 1007 1629 numquam
1031 1530 1070 1602 in
1105 1559 1173 1604 usu
1204 1531 1363 1603 habuere
1385 1588 1394 1619 ,
1418 1531 1457 1602 in

442 1647 609 1745 ambiguo
631 1646 908 1748 relinquentes,
938 1648 1127 1723 doctorum
1150 1667 1356 1723 nostrorum
1382 1677 1460 1722 sen·

441 1769 595 1844 tentiam
616 1769 866 1868 proferemus,
889 1769 987 1870 quod
1006 1771 1112 1843 verba
1139 1771 1339 1844 inchoativa
1363 1801 1461 1871 prae·

443 1888 551 1962 terito
571 1915 709 1987 semper
730 1903 903 1976 careant,
926 1887 1082 1987 exceptis
1102 1888 1172 1961 hiis
1198 1917 1289 1988 quae
1318 1891 1460 1964 inchoa·

443 2009 525 2084 tivis
548 2009 677 2083 similia
695 2065 705 2098 ,
724 2009 809 2109 quia
832 2009 937 2081 verba
968 2037 1010 2084 ex
1031 2009 1164 2108 quibus
1187 2011 1288 2083 nasei
1307 2013 1460 2085 debeant

443 2158 518 2205 non
539 2129 763 2233 pertendunt
784 2159 821 2203 se
842 2130 1000 2207 habere:
1025 2127 1107 2203 ideo
1124 2132 1361 2230 praeteritum
1376 2151 1462 2206 tem·
1494 2162 1496 2166 “

443 2279 511 2353 pus
529 2252 741 2342 habebunt,
765 2270 807 2326 ut
830 2251 1009 2352 compisco
1032 2253 1258 2352 compiscui,
1288 2282 1460 2352 cognosco

444 2371 620 2469 cognovi,
648 2372 819 2446 crubesco
843 2372 983 2447 erubui.

527 2490 587 2565 36.
614 2491 727 2565 Nunc
754 2492 924 2592 praelatio
953 2520 1017 2564 suo
1045 2492 1174 2567 ordine
1205 2494 1372 2593 ponenda
1400 2514 1460 2570 est.

444 2610 545 2707 Quid
568 2627 620 2684 est
640 2629 758 2684 autem
782 2612 949 2711 praelatio
974 2669 984 2701 ,
1013 2629 1048 2685 ct
1070 2614 1247 2711 quomodo
1271 2615 1349 2686 sino
1372 2633 1463 2713 post-

443 2731 577 2806 latione
603 2731 747 2805 dicetur
765 2733 811 2833 (a)
831 2733 849 2806 l
872 2730 1051 2806 Praelatio
1076 2761 1158 2832 ergo
1183 2733 1224 2805 in
1248 2734 1330 2806 solis
1349 2735 1464 2807 modis

445 2866 617 2937 constat,
644 2849 774 2949 quibus
800 2848 930 2923 modus
956 2849 1176 2925 indicativus
1207 2852 1375 2925 omnibus
1407 2882 1463 2927 su·

445 2969 647 3069 pereminet
669 2987 705 3042 et
730 2970 860 3044 ordine
876 2986 912 3042 et
929 2971 1075 3044 virtute.

526 3088 585 3187 37.
612 3086 693 3161 Hiis
717 3116 819 3162 nunc
839 3090 1017 3188 peractis,
1034 3088 1150 3163 solum
1162 3089 1259 3189 quod
1279 3108 1389 3163 restat
1409 3119 1465 3163 ex-

445 3206 621 3308 plicemus
653 3265 662 3297 ,
700 3208 979 3283 declinationem
1010 3210 1147 3284 scilicet
1176 3240 1268 3309 quae
1298 3211 1464 3284 omnibus

444 3322 662 3398 scholaribus
687 3325 795 3399 etiarn
823 3326 944 3426 pueris
967 3344 1192 3428 praesumpta
1223 3344 1273 3399 est
1301 3356 1341 3400 ac
1370 3327 1463 3401 trita.

443 3437 583 3515 Verum
598 3442 803 3517 secundum
821 3461 938 3545 poetas
958 3473 1021 3544 per
1040 3461 1174 3533 metra,
1191 3463 1226 3517 et
1243 3474 1316 3518 non
1338 3475 1466 3518 seeun-

445 3560 536 3635 dum
559 3565 806 3660 grammaticos
827 3593 891 3664 per
913 3591 1082 3665 prosam,
1111 3565 1374 3639 declinandum
1401 3583 1463 3637 est.

444 3679 494 3754 Et
520 3699 561 3755 ut
586 3684 733 3782 syllabas
757 3713 921 3759 crescere
949 3685 1143 3774 videatur,
1165 3686 1315 3759 verbum
1346 3713 1466 3758 mono-

444 3800 644 3901 syllabum,
669 3804 874 3879 secundum
900 3806 1115 3906 promissum
1140 3804 1180 3878 in
1202 3804 1464 3902 indagatione,

443 3919 633 3996 dilatatum
654 3922 890 4000 declinemus.
905 3923 1067 4001 Verbum
1086 3925 1275 4016 neutrale,
1296 3927 1468 4026 monosyl-

508 4069 547 4136 (ι)
564 4071 620 4119 cod.
629 4072 754 4137 (lligetur.
