3382 5206
652 558 657 595 ¹
700 592 907 643 misrrtsss.
1223 595 1287 644 xcv

284 711 425 812 scripsit.
441 707 662 810 Ceteroquin
683 711 774 786 banc
792 710 968 784 medicam
986 709 1272 788 lucubrationem
1294 772 1304 804 ,

284 862 393 934 neque
414 859 433 904 a
451 831 656 906 Muratorio
675 860 797 935 neque
816 834 859 907 ab
878 830 1049 928 Asgelato
1067 861 1189 936 neque
1210 834 1305 911 aSa·

280 957 357 1047 xio,
376 956 441 1058 qui
460 955 640 1029 triumviri
659 957 704 1030 sle
724 954 921 1030 Benedicto
940 957 1144 1032 accuratius
1159 960 1303 1061 scripse·

282 1099 385 1170 runt,
399 1096 630 1154 memoratam
638 1081 733 1177 vidi3
749 1081 834 1182 quia
846 1107 968 1181 reapse
987 1081 1025 1152 in
1044 1082 1217 1156 vaticanis
1229 1100 1302 1157 tan·

280 1204 464 1303 tummodo
488 1205 675 1280 codicibus
701 1206 916 1308 superfuisse
938 1206 1091 1282 videtur.

377 1336 413 1426 4.
440 1355 583 1404 cunutus
602 1347 805 1430 sequuntur
823 1331 890 1403 sub
910 1330 1060 1431 imperio
1085 1329 1207 1406 Caroli
1229 1360 1299 1409 ma·

277 1451 333 1549 gni
356 1452 486 1552 scripta
509 1482 519 1547 3
550 1469 586 1525 et
608 1455 768 1553 primum
791 1452 969 1527 hibernici
995 1453 1126 1526 exsulis
1153 1511 1162 1543 ‚
1192 1456 1295 1532 cuius

278 1579 428 1653 bominis
449 1579 504 1653 rel
534 1578 696 1652 notitiam
719 1579 774 1652 rel
800 1605 935 1656 nomen
968 1579 1134 1653 nondum
1167 1580 1293 1680 reperi.

277 1702 346 1777 Sed
373 1722 492 1778 tamen
526 1718 697 1794 constat,
727 1702 936 1779 Hiberniam
959 1731 1023 1803 per
1046 1702 1105 1776 illa
1135 1720 1293 1804 tempora

276 1827 505 1926 plurimorum
526 1826 747 1902 eruditorum
764 1845 952 1928 parentem
970 1828 1101 1916 luisse,
1122 1826 1218 1928 quod
1241 1855 1293 1901 ar·

276 1969 487 2047 gumentum
506 1936 684 2051 praeclare
704 1967 851 2025 exornat
873 1950 912 2023 in
939 1952 1152 2052 praefatione
1175 1949 1219 2023 ad
1241 1952 1292 2024 hi·

187 2078 191 2088 '
275 2075 439 2148 bernicas
469 2075 629 2174 epistolas
665 2101 812 2172 magnus
834 2073 1011 2151 Usserius.
1044 2072 1174 2149 Cetera
1199 2104 1289 2177 quae

276 2197 433 2270 subtexui
464 2196 609 2269 carolini
635 2197 711 2270 aevi
735 2197 871 2270 minora
901 2195 1062 2271 carmina
1085 2253 1095 2285 ‚
1122 2197 1188 2271 etsi
1214 2225 1282 2270 nec

276 2318 375 2390 metri
404 2318 593 2392 severitate
614 2345 683 2390 nec
710 2316 829 2416 lepore
851 2315 988 2416 poetico
1007 2344 1083 2389 sese
1104 2343 1283 2391 commen·

274 2439 353 2512 dant
381 2439 487 2538 (quis
512 2435 609 2510 enim
634 2436 671 2509 id
700 2436 775 2508 iure
805 2436 1019 2536 expecteti)
1048 2435 1141 2510 haud
1166 2453 1286 2513 tamen

274 2563 528 2638 contemnenda
546 2578 630 2635 sunt
649 2577 789 2660 propter
807 2586 928 2632 rerum
944 2560 1203 2663 hominumque
1223 2591 1284 2637 no·

272 2687 389 2760 titiam.
408 2686 518 2761 Certe
538 2714 601 2783 ego
622 2684 823 2784 exemplum
846 2701 989 2757 secutus
1018 2713 1099 2759 sum
1125 2686 1281 2783 gravissi·

1326 1324 1430 1370 carmina
1447 1341 1484 1374 ιο-

1323 1389 1347 1428 vi
1362 1386 1466 1435 carolini·

269 2840 403 2886 morum
422 2813 640 2888 eruditorum
665 2870 674 2902 ,
703 2829 787 2911 puta
812 2808 983 2900 cointii,
1014 2809 1222 2902 Sirmondi,
1241 2842 1282 2887 ac

270 2936 497 3026 Mabillonii‚
519 2938 582 3037 qui
604 2953 655 3009 tot
677 2934 833 3009 carmina
854 2934 1061 3008 eorumdem
1081 2952 1282 3037 temporum

269 3061 300 3131 iu
318 3058 436 3132 lucem
458 3060 675 3134 extulerunt.
695 3057 817 3159 Atque
837 3059 924 3131 haec
951 3060 1071 3133 omnia
1098 3088 1196 3137 unus
1222 3063 1286 3137 mi-

267 3182 300 3254 bi
322 3181 479 3281 Reginae
510 3184 595 3257 olim
623 3212 777 3270 scaone,
805 3210 905 3257 nunc
925 3183 1141 3276 vaticanus,
1176 3187 1286 3263 codex

269 3304 717 3406 suppeditavitAliavero
747 3307 814 3378 sub
848 3306 1051 3406 carolingiis
1083 3307 1201 3384 adhuc
1233 3340 1286 3384 re·

265 3432 359 3528 gibus
384 3449 466 3505 ante
498 3431 679 3505 decimum
707 3430 890 3503 sacculum
913 3431 1041 3532 scripta
1062 3435 1218 3509 carmina
1243 3465 1284 3510 ex

263 3556 404 3630 diversis
422 3556 608 3630 codicibus
627 3556 726 3629 valcle
747 3556 903 3656 antiquis
924 3559 1070 3659 sumpsi.
1084 3557 1171 3633 Fuit
1188 3561 1284 3635 enirn

261 3708 379 3753 aevum
403 3679 692 3777 carolingiorum
721 3681 817 3781 poesi
842 3708 1052 3783 magnopere
1077 3684 1283 3760 addictum:

260 3784 334 3878 nam
366 3805 530 3909 episcopi
562 3805 666 3878 etiarn
697 3833 737 3878 ac
766 3806 931 3879 monachi
954 3807 1066 3880 musis
1091 3809 1219 3908 passim
1244 3810 1283 3882 li-

259 3930 393 4029 tabaut3
406 3960 500 4034 quos
520 3930 616 4003 inter
637 3928 723 4003 satis
743 3945 794 4003 est
814 3930 988 4029 appellare
1003 3930 1279 4032 Tbeodulphurn

209 4048 213 4056 ’
256 4057 561 4145 aurclranensem‚
586 4053 822 4129 lliucmarum
843 4081 1067 4146 remensem,
1094 4055 1281 4130 Rabanum
