3382 5206
722 610 768 658 ott
793 607 945 658 nomme.

326 711 387 764 diis·
411 710 455 764 Sic
484 722 512 764 et
534 722 621 764 cetera
642 711 706 765 talio
734 728 812 780 gene-

327 801 363 853 ris
377 799 522 853 communis
532 799 637 850 nomino
647 835 654 855 ,
664 816 734 870 quoe
743 797 815 850 oblu-

325 886 382 939 tivo
407 903 469 938 casu
492 886 594 938 numeri
613 886 754 954 singularis
777 903 813 936 ·a·

326 973 416 1026 littero
435 973 630 1030 terminantur.
649 984 677 1025 et
693 971 816 1025 nomina·

327 1061 383 1113 tivo
408 1078 469 1113 cusu
490 1060 591 1112 numeri
607 1060 747 1126 singularis
768 1060 815 1109 ·iu·

328 1148 443 1205 litteris.
471 1166 524 1200 nou
552 1147 604 1197 ·ia·¹
623 1146 725 1214 syllaba
749 1147 816 1198 defi-

327 1236 451 1293 niuntur.
471 1236 505 1287 ud
517 1236 663 1307 exemplum
680 1235 817 1287 custodiae

325 1339 370 1391 per
388 1340 476 1376 omues
491 1340 567 1376 casus
582 1324 757 1376 declinantur.

299 1452 310 1473 x
361 1411 439 1463 Nunc
450 1411 478 1463 in
498 1412 547 1464 hac
564 1412 719 1483 supradicta
731 1410 815 1463 lormn

329 1497 377 1549 hoc
389 1516 540 1557 monemus,
553 1499 626 1569 quod
635 1514 817 1567 quaecumque

327 1586 435 1639 nomina
451 1588 551 1654 generis
562 1586 664 1640 scilicet
673 1587 818 1639 communis

325 1675 553 1745 unumquemlibet
564 1692 653 1728 casum
664 1675 698 1726 ud
709 1674 817 1728 formam

327 1762 464 1816 custodiae
495 1761 580 1814 secere
612 1762 813 1817 inveniuntur,

328 1848 393 1900 hoec
414 1846 505 1900 dativo
517 1858 544 1900 et
561 1847 678 1900 ablativo
692 1865 753 1899 casu
765 1865 816 1897 nu·

327 1934 391 1985 meri
408 1934 519 2004 pluralis
538 1945 600 1986 onte
619 1935 740 1986 ultimum
756 1949 818 1985 con-

327 2034 465 2075 sonantem
493 2040 540 2094 per
564 2024 630 2075 duas
659 2021 691 2072 ·i·
713 2022 816 2074 litteras

327 2113 490 2166 scribuntur.
512 2113 579 2165 ltem
598 2115 625 2164 in
646 2111 697 2164 hac
720 2129 816 2182 supra-

328 2201 401 2252 dicta
422 2201 504 2253 forma
529 2199 684 2269 quaeritur,
705 2215 760 2267 qua
783 2198 816 2250 de

328 2304 409 2339 causa
423 2288 530 2341 nomino
544 2287 570 2337 in
581 2285 673 2337 dativo
686 2283 727 2356 vel
741 2282 814 2334 ablo-

329 2376 385 2427 tiro
405 2392 468 2427 casu
494 2373 597 2443 ¹numeri
623 2372 732 2443 plurali!
754 2383 816 2424 aute

329 2463 449 2515 ultimum
474 2473 660 2517 consonantem
684 2478 729 2531 per
751 2458 817 2510 duas

331 2567 361 2600 ·1·
382 2550 484 2603 litteras
511 2544 684 2601 scribantur?
709 2548 760 2599 hnc
782 2547 816 2600 de

328 2656 406 2692 consa
415 2676 423 2697 ,
432 2640 558 2708 quoniam
568 2654 750 2708 quaecumque
767 2656 817 2689 no-

330 2731 400 2783 minu
421 2730 539 2782 ablativo
555 2747 615 2781 casu
639 2729 740 2781 numeri
760 2728 817 2779 sin-

331 2818 429 2882 gularis
450 2835 485 2868 ϊ
514 2817 605 2868 littero
625 2816 817 2870 terminantur.

330 2904 394 2956 haee
428 2903 519 2955 dativo
544 2902 585 2954 vel
612 2901 730 2954 ablativo
754 2917 817 2952 casu

329 2994 428 3046 numeri
440 2992 549 3063 pluralis
566 3009 624 3043 cum
644 2991 734 3044 eodem
749 2989 818 3041 oblo-

331 3080 386 3132 tivo
400 3097 464 3132 cusu
481 3079 584 3130 numeri
604 3078 748 3146 singularis
768 3095 816 3147 pu-

330 3167 352 3218 ri
384 3183 493 3218 numero
522 3163 681 3233 syllabarum
712 3174 818 3234 oportet

328 3254 504 3323 pronuntiari.
518 3253 594 3304 Nunc
609 3253 658 3305 hoc
671 3269 817 3309 monemus,

332 3345 358 3394 in
385 3344 435 3395 hac
457 3341 539 3395 forma
559 3340 819 3405 reneriscommunis

330 3450 383 3500 quo
407 3431 523 3483 diximus
544 3429 661 3482 ablativo
685 3447 748 3481 casu
767 3448 818 3481 nu-

329 3520 391 3571 meri
408 3517 548 3584 singularis
570 3517 676 3569 nomino
698 3535 731 3568 ια.
743 3517 817 3570 litte·

330 3628 357 3660 ra
373 3607 497 3662 definiri.
524 3617 551 3658 et
572 3607 737 3658 nominativo
756 3623 817 3658 casu

329 3713 428 3747 numeri
441 3693 583 3759 singularis
599 3695 645 3744 ·iu·
660 3693 757 3746 litteris
766 3713 817 3745 uon

331 3785 376 3835 ·in·
393 3783 495 3853 syllaba
511 3782 633 3838 definiri,
651 3782 722 3852 quod
738 3801 769 3834 ex
785 3801 816 3835 eu

328 3876 467 3945 plusquam
492 3873 601 3935 triginta
618 3872 671 3924 duo
680 3872 755 3926 soni.
768 3872 817 3925 hoc

327 3973 369 4014 cst
393 3978 472 4030 quum
500 3959 609 4025 triginta
631 3960 684 4012 duo
712 3960 818 4012 uomina

328 4060 440 4120 possunt
461 4048 590 4105 exhiberi.

1266 604 1333 680 ¹oe

904 711 971 763 Sane
995 723 1022 762 in
1042 707 1085 763 his
1098 727 1179 782 rupro
1195 708 1304 783 scriptio
1317 707 1366 764 lor·

869 800 924 854 mid
934 799 1036 868 generis
1059 800 1205 854 communis
1226 800 1277 854 hoe
1302 818 1365 853 rno-

867 908 957 943 nemus
980 926 987 947 .
1016 889 1089 959 quod
1114 889 1138 944 si
1161 889 1279 943 eiusdem
1315 887 1364 941 lor·

869 997 926 1030 mae
940 979 1046 1032 nomino
1064 977 1165 1047 generis
1178 976 1280 1031 scilieet
1290 992 1363 1029 com·

870 1067 956 1120 munis
974 1086 1007 1120 ex
1019 1085 1068 1119 sua
1084 1066 1171 1137 specie
1181 1076 1209 1118 et
1222 1066 1256 1117 od
1268 1082 1363 1134 genere

870 1168 965 1210 neutro
988 1166 1142 1215 transeunt,
1163 1156 1230 1209 haec
1249 1174 1301 1210 nou
1322 1173 1365 1210 se·
1388 1200 1390 1208 ,

870 1245 984 1297 cundum
1011 1262 1092 1311 genus
1128 1255 1252 1298 neutrum
1277 1279 1285 1302 ,
1319 1243 1366 1297 sed

869 1350 916 1401 pro
943 1331 1078 1385 locutione
1101 1331 1158 1383 sint
1183 1328 1365 1401 poeipienda.

871 1429 902 1471 ut
921 1427 987 1488 puta
1014 1417 1194 1488 mancipium,
1223 1415 1365 1474 choreule.

871 1508 966 1576 utique
991 1526 1044 1559 oon
1067 1507 1117 1559 hoe
1135 1505 1261 1560 choraula
1287 1523 1365 1559 mau-

869 1593 986 1664 cipium,
1001 1594 1047 1646 sed
1063 1592 1113 1647 hoc
1127 1592 1288 1664 mancipium
1299 1592 1365 1648 cho·

871 1676 946 1728 roulu
964 1687 1004 1730 est
1015 1713 1022 1733 ‚
1033 1677 1118 1748 accipi
1135 1677 1230 1731 debent
1238 1697 1260 1743 p
1269 1677 1298 1729 id
1306 1687 1364 1736 eut·

869 1773 901 1818 ut
923 1764 961 1817 sit
986 1762 1037 1816 lroc
1068 1764 1231 1836 mancipium
1261 1764 1363 1834 generis

872 1853 961 1906 neutri
972 1873 980 1916 3
991 1862 1018 1906 et
1032 1851 1175 1910 choraula.
1194 1852 1267 1907 salvo
1285 1869 1368 1921 geue

871 1962 898 1997 re
919 1963 984 2001 suo,
999 1961 1069 1996 nune
1088 1943 1198 1997 locutio.
1217 1943 1261 1996 stc
1278 1953 1366 2004 cetere

870 2031 923 2083 alia
938 2031 1054 2083 eiusdem
1067 2029 1165 2084 formae
1183 2031 1284 2099 generis
1300 2047 1367 2085 com·

868 2118 955 2171 munis
970 2117 1094 2174 nomine.
1112 2117 1136 2170 ri
1159 2134 1192 2170 ex
1211 2134 1259 2169 run
1278 2117 1366 2190 speeie

868 2206 901 2257 ad
917 2222 1012 2273 genera
1025 2215 1119 2257 neutra
1132 2213 1289 2262 transeant.
1302 2212 1367 2257 runt

868 2291 1075 2363 pronuntianda·

903 2382 969 2434 Item
992 2379 1089 2434 etalio
1116 2375 1206 2436 ratio,
1222 2395 1282 2449 quq
1304 2394 1380 2448 pru,

868 2467 967 2523 buntur
983 2468 1049 2522 haec
1066 2467 1156 2520 eadem
1176 2464 1277 2534 generis
1297 2482 1366 2519 com-

868 2557 955 2610 munis
979 2554 1086 2609 nomina
1108 2589 1116 2610 ,
1144 2570 1214 2623 quae
1247 2550 1365 2604 diximus

869 2643 1034 2696 nominativo
1062 2658 1124 2693 casu
1148 2638 1251 2692 numeri
1275 2638 1365 2707 siugu-
1457 2705 1459 2708 ⁴

869 2729 932 2783 laris
955 2746 991 2780 ϊ
1022 2729 1112 2781 littero
1136 2723 1275 2781 terminari
1305 2743 1365 2777 cum

869 2833 962 2884 genere
973 2826 1066 2869 neutro
1078 2851 1085 2872 .
1101 2833 1154 2869 uon
1167 2813 1310 2868 secundum
1324 2830 1366 2882 ge·

869 2922 919 2956 nus
940 2915 1063 2956 neutrum
1091 2900 1219 2955 declinari
1238 2919 1245 2950 ι
1262 2899 1366 2953 scilicet

870 2992 996 3061 quonium
1007 3008 1191 3061 quoecumque
1200 2988 1309 3041 nomina
1323 3005 1364 3056 ge·

871 3080 940 3133 neris
951 3079 1040 3132 neutri
1055 3077 1220 3130 nominativo
1230 3093 1292 3128 cusu
1311 3094 1365 3127 nu·

870 3169 934 3221 mori
954 3167 1096 3234 singularis
1111 3184 1148 3217 ψ
1162 3166 1252 3218 littera
1272 3154 1380 3218 termi-¹

870 3266 984 3311 nentur,
1001 3254 1068 3305 haec
1091 3252 1126 3305 nb
1145 3251 1237 3306 eodem
1248 3252 1366 3305 nomine·

870 3342 925 3394 tivo
940 3358 1002 3393 casu
1017 3339 1119 3391 numeri
1137 3338 1299 3405 singularis.
1319 3356 1364 3391 ex-

869 3443 945 3502 cepto
967 3430 1121 3482 accusativo
1142 3440 1169 3482 et
1180 3428 1304 3482 vocativo
1317 3445 1364 3480 ca-

869 3536 900 3570 su
916 3517 1018 3570 numeri
1029 3514 1184 3582 singularis,
1201 3531 1269 3584 quos
1287 3513 1365 3567 ocili-

870 3616 911 3658 cet
930 3603 1037 3657 uomina
1056 3602 1158 3669 generis
1179 3599 1266 3655 neutri
1288 3599 1365 3653 rimi-

869 3693 906 3744 les
921 3709 980 3742 cum
1000 3689 1163 3743 nominativo
1183 3686 1282 3740 habere
1301 3704 1364 3759 rep-

869 3790 1024 3853 permutor,
1046 3779 1074 3830 in
1096 3787 1197 3830 ceteros
1212 3786 1300 3829 antem
1317 3793 1365 3827 er·

869 3889 914 3924 sus
935 3888 980 3941 per
988 3866 1102 3937 syllabus
1114 3877 1236 3919 crescunt
1247 3902 1254 3924 ‚
1266 3875 1298 3918 ut
1312 3883 1364 3935 pu·

871 3970 899 4012 to
918 3958 968 4010 hoc
992 3957 1135 4024 glossema,
1163 3954 1243 4008 huius
1265 3953 1364 4022 glotte-
1442 4018 1445 4025 Ι

870 4047 963 4100 matis:
977 4045 1016 4099 oie
1033 4054 1060 4097 et
1077 4061 1123 4115 per
1148 4052 1248 4097 eeteros
1266 4052 1297 4097 ut
1317 4042 1362 4096 di-
