3382 5206
725 578 770 624 nt
798 576 965 626 sirmis

337 687 425 745 tibus,
443 700 525 755 quare
547 682 575 735 io
592 679 659 733 duas
677 689 766 750 partes
786 678 832 730 di·
852 691 854 695 ⁴

1274 558 1343 659 '157

884 678 934 732 bac
945 680 979 734 de
987 699 1080 740 causa.
1090 683 1215 753 qnoniam
1226 701 1377 754 graecarum

340 780 481 835 videntur.
500 774 550 827 boc
564 783 605 826 est
627 773 655 823 in
669 768 835 847 semivocaley
887 767 1035 822 litterarum
1058 771 1185 825 vocabula
1208 774 1236 827 in
1262 776 1376 832 dimidia

337 879 365 922 et
392 860 499 918 mutas?
515 864 565 914 bac
587 861 620 912 de
644 875 745 914 eausa,
763 876 832 927 qno·

337 955 409 1008 niam
430 951 597 1006 semivocales
614 948 739 1000 maiorem
758 958 833 1017 pote·

336 1054 433 1096 statem
447 1040 550 1094 habent
562 1055 642 1107 quam
657 1046 759 1099 mutac3
771 1052 832 1087 nam

337 1147 396 1181 cum
416 1145 504 1182 omnes
524 1124 588 1178 artis
603 1125 714 1179 latores.
729 1120 829 1192 praeci,

335 1235 440 1290 poaque
468 1217 584 1272 Caesar,
610 1222 717 1283 propter
745 1210 831 1263 ratio·

335 1326 395 1360 nem
426 1304 561 1358 metricam
584 1312 611 1354 et
637 1311 831 1353 structurarum

335 1395 480 1466 qualitates
490 1431 497 1450 ‚
510 1391 672 1459 singularum
680 1388 829 1442 litterarum

336 1500 412 1537 sonos
432 1480 624 1552 ponderarent,
651 1476 702 1527 hac
725 1473 829 1528 ratione

335 1568 502 1625 semivocales
533 1564 613 1617 mutis
643 1560 828 1633 praeferendas

335 1657 536 1710 indicaverunt,
565 1651 638 1723 quod
661 1649 828 1727 semivocales

335 1742 482 1811 geminam
506 1738 540 1791 ad
570 1754 663 1791 sonum
691 1733 827 1793 vocalibus

333 1842 488 1887 occurrunt.
507 1829 624 1885 bocest.
647 1837 678 1880 nt
698 1824 825 1895 syllabam

335 1924 420 1977 lacere
433 1921 555 1994 possint,
572 1932 602 1973 ut
613 1930 692 1990 puta,
705 1917 757 1969 lla.
774 1933 824 1968 ars·

335 2027 428 2064 mons.
447 2009 526 2061 iners·
547 2016 575 2059 et
594 2017 679 2060 cetera
702 2003 775 2057 talia.
788 2003 826 2058 At

332 2117 395 2154 rere
408 2108 497 2151 mutae
514 2095 664 2163 geminatae
680 2092 703 2146 si
724 2091 824 2145 uocali-

332 2184 383 2238 bus
393 2192 532 2239 occurrant
542 2218 549 2239 ‚
562 2198 610 2233 uec
625 2178 765 2249 syllabam,
775 2194 824 2231 nec

333 2289 426 2326 sonum
456 2268 559 2324 scilicet
585 2267 671 2320 lacere
698 2274 822 2338 possunt.

333 2361 399 2431 Quis
419 2359 489 2413 euim
509 2355 537 2409 b.
553 2374 576 2409 c·
587 2356 616 2408 d.
632 2354 663 2407 k.
680 2373 706 2425 p·
720 2372 748 2424 q·
764 2364 783 2407 t·
797 2369 822 2421 g.

332 2447 477 2517 geminatas
495 2442 631 2500 vocalibus
648 2441 774 2497 misceat.
794 2449 823 2493 et

333 2555 424 2591 sonum
435 2533 551 2605 syllabae
563 2541 651 2604 potest
661 2525 773 2582 audire?
785 2531 821 2583 Et

334 2625 394 2679 ideo
410 2625 460 2677 bac
473 2621 635 2694 praelatione
653 2617 820 2672 semivocales

324 2715 412 2768 ‚mutis
439 2714 490 2764 rite
510 2709 636 2763 videntur
655 2708 818 2761 antecedere.

368 2801 445 2854 Nunc
462 2798 513 2851 boc
531 2813 679 2850 monemus,
697 2793 819 2863 qnod-b.

334 2886 424 2942 iuncta
441 2903 499 2936 cum
510 2884 570 2937 aliis
580 2884 660 2934 mutis
674 2881 757 2952 possit
777 2899 818 2934 vo

331 2974 380 3027 cali
389 2990 553 3028 concurrere,
562 2983 590 3023 et
600 2987 691 3022 sonum
702 2966 818 3036 syllabae

330 3058 475 3117 suscitare,
494 3069 524 3111 ut
543 3068 623 3128 puta,
642 3054 771 3125 pulcher:
790 3065 817 3106 et

333 3150 393 3202 ideo
408 3148 452 3199 bic
473 3144 661 3218 adspirationis
682 3154 761 3198 nota,
789 3141 817 3193 id

331 3247 372 3289 est
390 3252 469 3289 sonus
480 3270 487 3290 ,
500 3251 553 3287 nou
566 3231 657 3283 littera
674 3229 760 3299 accipi
774 3227 819 3280 de·

330 3325 376 3379 bet
385 3345 391 3375 ε
400 3323 498 3377 scilicet
515 3321 640 3390 quoniam
659 3329 747 3371 mutae
757 3335 817 3372 con·

331 3415 436 3467 iunctae
454 3411 477 3462 si
499 3410 635 3463 vocalibus
656 3419 817 3465 occurrant,

327 3500 501 3573 prohibentur
516 3517 606 3551 sonum
628 3494 744 3564 syllabae
768 3513 816 3547 su-

330 3591 435 3644 scitare·
460 3587 501 3638 .Y.
520 3596 606 3638 autem
620 3596 647 3636 et
661 3585 698 3636 ·Z.
710 3594 816 3652 propter

329 3694 421 3745 graece
440 3675 547 3728 nomina
563 3672 652 3726 Latini
671 3672 815 3743 accipiunt.

328 3766 406 3818 Nunc
419 3763 500 3817 etiam
520 3761 570 3816 boc
587 3761 741 3830 quaeritur.
762 3778 816 3828 qus

326 3851 456 3903 decanea
476 3849 546 3902 ratio
568 3849 645 3901 metri
662 3885 669 3904 ‚
690 3846 731 3899 vel
758 3864 819 3899 mn·

328 3939 397 3992 sicae
410 3937 565 4010 ‚proclivior
582 3937 619 3991 sit
635 3937 668 3989 ad
688 3935 817 3989 rationem

326 4041 445 4094 graecam
472 4041 552 4097 quam
575 4018 707 4078 latinam?
725 4025 817 4095 utique

882 868 959 925 parte
974 868 1037 910 sunt
1057 858 1201 927 disyllaba,
1219 871 1247 914 et
1270 862 1299 913 in
1322 863 1376 917 alia

882 944 1080 1014 monosyllaba,
1104 947 1131 999 id
1151 961 1205 1006 est,
1221 961 1253 1004 ut
1274 950 1372 1012 XXX.

882 1042 918 1086 et
930 1033 977 1083 vt.
988 1051 1065 1087 sonos
1079 1036 1241 1091 contineant
1255 1037 1293 1092 At
1309 1058 1373 1098 vero

881 1118 1030 1172 litterarum
1040 1120 1183 1176 latinarum
1197 1125 1372 1181 nominatum
1392 1163 1408 1180 ,-
1487 1151 1493 1188 5

879 1207 935 1262 sint
951 1210 1039 1263 omnia
1054 1213 1250 1282 monosyllaba.
1265 1217 1294 1269 id
1315 1227 1371 1277 eet.

880 1304 921 1347 nt.
944 1313 988 1348 xx·
1010 1307 1038 1351 et
1064 1315 1146 1351 unum
1167 1318 1259 1355 sonum
1280 1308 1368 1359 conti·

880 1392 975 1439 ocant.
993 1400 1097 1438 necesse
1113 1397 1171 1444 est.
1186 1398 1217 1440 ut
1234 1400 1262 1443 et
1281 1391 1309 1444 in
1328 1409 1370 1444 ra-

878 1470 950 1524 tione
966 1476 1043 1527 metri
1058 1476 1099 1528 vel
1118 1477 1234 1532 musicae
1253 1481 1313 1551 plus
1331 1481 1371 1535 ia-

878 1558 986 1613 eultatis
1000 1562 1074 1616 satio
1085 1579 1175 1629 graeca
1190 1583 1271 1635 quam
1284 1567 1369 1622 latina

877 1646 1007 1715 optineat.
1030 1648 1081 1701 Sed
1101 1650 1167 1703 baec
1185 1652 1212 1705 in
1222 1655 1312 1708 metris
1327 1657 1369 1711 rel

876 1732 984 1786 musicis
999 1746 1169 1806 conpetenter
1183 1741 1366 1797 tractabimus·

877 1821 944 1874 llam
954 1834 980 1876 et
989 1824 1039 1880 hoc
1051 1844 1200 1886 monemus,
1215 1830 1288 1900 quod
1303 1848 1368 1903 pau·

876 1911 902 1964 ci
920 1911 1028 1970 sciunt,
1052 1914 1075 1968 si
1093 1916 1200 1985 quidem
1227 1935 1280 1969 nou
1304 1934 1369 1971 sem·

875 2018 922 2071 per
933 2021 957 2055 x.
978 2004 1068 2058 littera
1079 2003 1179 2074 duplex
1189 2004 1227 2058 sit
1240 2005 1368 2079 aecipien·
1415 2045 1418 2052 -

874 2093 910 2147 da
923 2092 1057 2151 ‚sedtunc
1076 2093 1174 2165 duplex
1192 2094 1364 2167 accipienda.
1419 2087 1425 2098 ⁴

873 2179 981 2250 qnando
1003 2179 1124 2235 subiecta
1146 2180 1275 2252 syllabam
1300 2201 1366 2239 eon·

871 2270 977 2328 firmat.
1001 2282 1033 2324 ut
1052 2281 1135 2342 puta.
1153 2290 1206 2326 nox
1225 2284 1254 2328 et
1278 2290 1365 2333 noce·

871 2354 913 2410 lex
938 2367 966 2410 et
994 2355 1076 2426 legs.
1107 2356 1170 2412 lelix
1200 2368 1227 2412 et
1255 2358 1329 2415 lelics
1353 2395 1362 2418 t

870 2453 899 2496 et
920 2454 1006 2496 cetera
1031 2443 1117 2508 talia3
1143 2446 1276 2517 siqnidem
1301 2457 1365 2501 tune

870 2542 897 2583 et
910 2549 1002 2584 sonum
1014 2531 1125 2586 duarum
1141 2534 1291 2588 litterarum
1305 2553 1364 2590 con·

871 2619 976 2672 lineat:
1003 2630 1108 2674 atvero
1125 2623 1234 2691 quando
1254 2641 1364 2695 praepo-

869 2704 920 2756 sita
935 2704 1051 2773 syllabae
1060 2706 1177 2764 existat.
1192 2726 1245 2762 non
1265 2710 1363 2780 duplex

867 2793 913 2846 sed
925 2795 1036 2865 simplex
1051 2805 1091 2848 est
1103 2796 1257 2868 accipienda
1273 2809 1304 2851 ut
1315 2818 1362 2870 pn·

869 2889 909 2937 ta,
929 2880 1077 2940 maximus.
1091 2883 1194 2936 anxius.
1213 2884 1362 2955 Numquid·

868 2985 930 3019 nam
955 2970 1109 3028 macelinus,
1131 2981 1178 3023 ant
1204 2972 1308 3026 anesius
1329 2985 1356 3028 et

868 3066 954 3110 cetera
975 3054 1060 3110 talial
1083 3060 1118 3112 Et
1140 3059 1217 3117 ideo.
1234 3072 1265 3115 ut
1290 3061 1360 3116 dixi-

867 3161 944 3201 mus.
961 3144 1084 3215 quotiens
1107 3166 1142 3199 α.
1163 3147 1254 3201 littera
1275 3149 1359 3218 sylla-

867 3228 917 3297 bae
934 3232 1052 3291 existat,
1072 3233 1180 3306 simplex
1199 3245 1240 3289 est
1260 3253 1358 3307 suppu-

867 3320 963 3373 tanda:
972 3321 1073 3375 scilicet
1083 3323 1209 3391 qnoniam
1220 3340 1264 3377 cs·
1273 3335 1300 3377 et
1311 3343 1359 3393 ys.

867 3408 973 3462 litterae
995 3411 1156 3479 geminatae,
1174 3413 1198 3465 si
1221 3412 1356 3468 vocalibus

867 3508 1082 3567 praeponantur.
1102 3516 1244 3568 numquam
1264 3517 1357 3553 sonum

865 3585 982 3652 syllabae
998 3585 1174 3641 suscitabunt.
1189 3588 1228 3638 Dc
1242 3568 1357 3645 litteris]

867 3686 997 3745 quantum
1010 3674 1079 3728 ratio
1093 3674 1235 3746 poscebat.
1255 3686 1356 3730 tracta-

868 3780 966 3816 vimus.
