3382 5206
616 572 681 640 566
920 594 945 640 s.
972 590 1149 639 aroucam
1177 595 1219 639 ou
1245 594 1287 640 as

586 693 763 782 penultima
785 698 943 785 positione
963 695 1185 783 producitur,
1205 714 1298 760 acuto
1315 709 1454 760 accentu
1478 719 1634 784 praeuo-

588 800 734 869 tabitur,
758 817 791 866 ut
815 801 1066 894 adgregandus,
1092 801 1312 890 digerendus,
1336 802 1543 867 bassiandus.
1569 803 1629 867 Ast

589 928 666 970 vero
692 907 719 968 si
746 905 936 974 naturaliter
962 904 1141 994 penultima
1170 904 1266 994 longa
1296 903 1420 970 luerit,
1445 908 1520 971 sine
1556 931 1633 968 am-

588 1013 690 1104 biguo
718 1017 1006 1083 circumflectitur,
1036 1034 1069 1079 ut
1096 1016 1300 1102 passerinus,
1327 1014 1545 1096 vulturinus,
1569 1040 1631 1080 au-

584 1121 733 1187 scrinus,
763 1139 792 1187 et
813 1141 920 1187 cetera
944 1121 1147 1189 derivativa,
1170 1145 1256 1209 quae
1277 1124 1420 1209 superius
1441 1118 1484 1184 de
1508 1122 1630 1209 primi·

582 1225 656 1292 tivis
684 1230 911 1317 congessimus.

972 1441 1020 1505 De
1043 1455 1232 1528 aratespasto.

657 1663 690 1718 A.
715 1649 900 1740 Antespasti
923 1675 1042 1740 quaeso
1064 1648 1273 1739 proferantur
1290 1646 1448 1737 erempla.
1479 1649 1523 1713 Μ.
1554 1651 1620 1714 lla·

587 1777 745 1840 reuosus,
768 1756 967 1840 lacertosus,
991 1755 1217 1847 querellasus,
1242 1753 1436 1844 lapillosus,
1461 1753 1619 1822 latebro-

588 1874 660 1947 sus,
684 1887 896 1946 cavernosus,
916 1864 1127 1928 tenebrosus,
1149 1879 1342 1930 coronatus,
1367 1860 1540 1950 capillatus
1565 1863 1619 1928 vel

588 1966 782 2055 capillosus-3
805 1971 850 2032 sic
873 1992 1071 2033 venenosus,
1095 1965 1296 2054 papillatus,
1318 1964 1490 2053 paludatus
1513 1967 1550 2029 id
1572 1987 1619 2032 est

585 2071 818 2161 paludamento
841 2090 990 2161 togatus,
1012 2089 1200 2138 catenatus,
1225 2071 1457 2160 pharetratus,
1482 2072 1619 2159 palum·

585 2178 701 2245 binus,
726 2176 941 2244 columbinus.
968 2192 1001 2242 A.
1029 2179 1117 2244 llaec
1137 2182 1269 2244 uomina
1289 2203 1346 2244 scu
1366 2179 1537 2265 participia
1561 2182 1615 2243 cui

591 2285 715 2354 formae
737 2284 856 2352 casuali
880 2284 1110 2374 aptabuntur?
1137 2289 1181 2353 M.
1204 2287 1324 2354 Omnia
1346 2306 1534 2376 pentaptota
1562 2315 1615 2354 es-

590 2417 622 2460 se
649 2409 798 2459 veterum
822 2393 974 2456 uctoritas
997 2390 1150 2456 declarat.
1177 2406 1209 2455 A.
1235 2393 1283 2457 Da
1307 2391 1452 2480 exempla
1474 2390 1515 2458 de
1535 2418 1617 2481 per-

585 2502 671 2567 sonis
696 2499 874 2568 verborum
898 2517 1079 2588 antespasto
1105 2502 1335 2589 congruentia.
1368 2500 1413 2564 M.
1443 2498 1612 2567 Amabam

583 2604 760 2670 amabatis,
777 2627 957 2671 amaremus
973 2605 1142 2670 amaretis,
1156 2603 1330 2669 litabamus
1348 2602 1512 2669 litabatis,
1531 2604 1613 2670 lita-

585 2731 654 2772 rem
671 2709 825 2776 litaretis,
847 2710 1044 2775 necabamus
1063 2711 1248 2776 necabatis,
1264 2733 1453 2774 necaremus
1476 2733 1619 2776 necare-

583 2815 639 2889 tis;
655 2816 700 2880 sic
716 2815 912 2904 negabamus
930 2815 1116 2903 negabatis,
1132 2812 1319 2879 favebamus
1332 2811 1512 2882 favebatis,
1529 2841 1618 2882 eure

520 2940 523 2952 ·
584 2918 699 2986 bamus
715 2920 889 3001 emebatis,
904 2921 1091 2985 serebamus
1109 2920 1284 3003 serebatis,
1303 2918 1478 3008 agebamus
1496 2922 1618 3010 ageba-

585 3027 634 3092 tis.
649 3027 696 3089 lta
710 3026 742 3090 in
758 3029 872 3092 ceteris
888 3025 1059 3091 modorum
1073 3027 1274 3114 temporibus
1288 3043 1318 3088 et
1332 3050 1543 3112 personarum
1562 3028 1618 3094 de·

584 3129 814 3196 clinatiouibus
833 3129 977 3195 eiusdem
993 3129 1083 3218 pedis
1100 3128 1236 3195 formula
1254 3130 1372 3195 crebro
1386 3131 1553 3216 reperitur
1569 3133 1619 3195 iu·

584 3251 690 3301 serta,
713 3259 812 3323 quam
832 3234 1021 3325 singillatim
1045 3236 1195 3302 evolvere
1218 3253 1250 3302 et
1277 3233 1505 3302 universaliter
1528 3263 1618 3302 euva-

586 3338 665 3406 dare
686 3339 804 3407 toedet.
830 3341 916 3405 Nam
937 3340 1032 3409 aliter
1055 3343 1089 3407 in
1109 3341 1357 3430 participiorum
1384 3338 1616 3406 declinationi-

585 3447 647 3512 bus
668 3463 867 3535 autespastus
894 3447 1092 3537 indagatur,
1118 3466 1261 3534 tempure
1285 3446 1418 3535 uiridem
1445 3453 1614 3534 praesenti

584 3573 603 3614 o
624 3547 732 3614 forma
755 3547 943 3612 inchoativa
966 3572 1025 3634 per
1047 3550 1230 3636 genetivum
1255 3546 1477 3635 singularem,
1504 3569 1536 3613 ut
1564 3556 1621 3615 ui-

549 3728 552 3732 ,
585 3669 709 3721 tescons
727 3654 934 3734 nitescentis,
949 3655 1124 3718 rubescens
1148 3655 1365 3736 rubescentiS,
1385 3656 1547 3722 virescens
1563 3662 1632 3720 s·i-·

584 3760 763 3825 sescentis,
787 3754 974 3822 madescens
1002 3757 1236 3823 madescentis,
1260 3758 1420 3846 rigescens
1443 3763 1618 3848 rigescen-

587 3864 637 3930 tis.
653 3861 709 3930 Sic
722 3879 872 3950 tempore
886 3863 1064 3950 praeterito
1078 3883 1109 3930 et
1126 3861 1233 3929 sutoro
1249 3888 1308 3952 per
1321 3866 1511 3954 genetivum
1533 3867 1616 3955 plu-

579 3963 686 4033 ralem
709 3969 809 4033 amati
830 3982 1036 4050 amatorum,
1059 3968 1166 4033 necati
1188 3984 1400 4036 necatorum,
1422 3967 1508 4036 litati
1536 3970 1617 4036 lita-

582 4085 709 4140 torum,
732 4068 865 4140 amandi
884 4069 1123 4155 amandorum,
1143 4070 1281 4140 necandi
1302 4071 1551 4160 necandorum,
1571 4075 1617 4143 li·
