3382 5206
331 481 437 574 ⁴104
744 504 888 551 neiron:
915 505 950 551 n.

290 650 298 663 ι
329 608 387 681 bia
405 635 545 709 quoque
566 607 763 683 secundum
781 607 1010 687 Hilariumz“
1032 609 1175 687 locutus
1195 641 1275 688 sum
1290 642 1346 689 vo·

329 727 385 799 bis
405 726 506 816 rhei,
527 755 589 828 pro
608 727 693 802 heri.
706 783 730 816 ‚‚
756 725 946 828 Participia
971 754 1113 829 quoque
1138 731 1346 805 scindebant

329 847 539 920 necessitate
555 863 721 943 cogente,
742 845 834 919 sicut
845 846 933 920 dicit
947 848 1119 924 Cicero:“
1144 849 1344 949 sapientiam
1379 879 1381 884 ¹

330 967 475 1041 mansin
487 984 588 1041 actus
603 967 711 1040 exerit
722 1024 746 1057 ‚,
755 994 818 1067 pro
831 994 928 1040 aman
934 995 958 1042 s.
974 966 1250 1066 Coniugationes
1263 998 1346 1069 quo·

329 1117 400 1189 que
420 1088 650 1177 scinduntur,
676 1087 876 1160 secundum
896 1086 983 1161 illud
1006 1085 1239 1164 Ciceronis:“
1261 1119 1344 1190 qua·

330 1267 355 1300 ‚,
382 1207 480 1282 siunt
491 1208 605 1280 vivere
625 1207 692 1280 vita
712 1207 867 1298 odibili„
880 1206 1047 1307 quasiunt
1065 1236 1128 1309 pro
1144 1210 1342 1308 quatinunt.

329 1326 555 1402 Scinduntur
575 1326 681 1399 etiam
693 1327 983 1425 praepositiones,
1002 1324 1172 1400 Terentio
1184 1327 1342 1403 dicente:

327 1460 352 1494 “
380 1446 538 1549 quidque
558 1446 727 1518 faciemus
746 1447 806 1517 abs
827 1462 895 1535 te„
914 1445 982 1518 hoc
995 1461 1045 1549 est
1055 1446 1192 1522 dicere:
1212 1447 1341 1547 absque

327 1581 361 1639 te
380 1564 467 1666 quid
485 1564 666 1637 faciemus.
686 1562 777 1636 Item
790 1575 831 1638 :“
853 1592 898 1636 ne
918 1564 949 1635 si
967 1564 1108 1637 domino
1129 1566 1166 1637 in
1181 1567 1342 1640 bacvivi·

327 1703 388 1760 tur
402 1683 572 1772 colonia„
591 1683 658 1756 hoc
671 1683 816 1756 estsine.
831 1681 1054 1757 Scinduntur
1067 1686 1171 1758 etiam
1183 1687 1343 1760 interiec-

327 1808 461 1894 tiones,
480 1820 549 1877 tata
569 1830 631 1904 pro
651 1819 730 1877 atat.

405 1922 439 2002 5.
466 1921 563 1998 Sciat
588 1923 830 2024 unusquisque
861 1925 1103 1998 scindentium
1126 1926 1339 2024 peritorum,

325 2046 394 2117 hoc
420 2043 457 2115 in
482 2042 602 2143 primis
627 2071 749 2116 curare
776 2072 812 2116 se
843 2044 998 2132 debere,
1031 2062 1071 2116 ut
1096 2071 1340 2144 quaecumque

328 2165 378 2238 sic
399 2163 559 2252 scindat,
589 2163 715 2237 solutio
734 2166 855 2263 probet
881 2165 1055 2264 quomodo
1083 2164 1237 2241 scindat:
1266 2193 1339 2239 non

327 2285 424 2358 enim
444 2299 537 2355 recte
561 2282 704 2355 solvitur
722 2312 742 2354 a
761 2311 938 2384 quoquam
958 2302 1034 2384 post
1046 2285 1141 2384 quod
1153 2313 1223 2356 non
1240 2303 1337 2357 recte

223 2403 225 2406 ’
324 2400 564 2504 praeponitur.
592 2398 689 2474 Tum
719 2429 763 2473 an
792 2430 914 2499 graeca
943 2402 996 2474 vel
1020 2403 1169 2476 hebraea
1196 2405 1338 2483 nomina

324 2523 470 2597 verbane
491 2519 652 2593 scindere
672 2521 818 2610 debeat,
844 2550 891 2594 ne
915 2541 1135 2621 praesumat3
1161 2526 1244 2622 quia
1270 2527 1338 2597 hoc

322 2643 360 2715 in
379 2658 508 2714 neutra
525 2640 646 2736 lingua
664 2640 823 2713 habetur.
852 2639 979 2713 Cicero
1009 2641 1138 2714 solebat
1166 2643 1216 2714 sic
1246 2644 1336 2715 scin·

323 2760 407 2834 dere
427 2759 562 2858 phona,
591 2773 631 2830 ut
656 2758 766 2856 phoni
791 2758 948 2830 medium
974 2758 1010 2830 in
1039 2759 1175 2859 primo,
1206 2778 1242 2833 et
1268 2790 1338 2835 me·

322 2880 423 2953 dium
441 2878 537 2952 aliud
557 2877 595 2949 in
616 2878 772 2950 secundo
792 2896 937 2976 poncrct
955 2907 1084 2976 vcrsu3
1112 2881 1207 2954 iuxta
1227 2881 1336 2957 illud:

320 3009 346 3044 ‘⁴
376 2997 502 3097 inqua
529 2994 652 3067 cuncti
671 2997 857 3068 manebant
880 2994 983 3068 simul
1012 2997 1153 3070 collecti
1184 2998 1228 3070 do
1259 2998 1336 3072 iura

325 3174 351 3208 ,‚
377 3116 542 3190 ineuntes
562 3113 701 3187 foedera
719 3115 919 3187 munientes
940 3143 996 3187 mo
1011 3172 1035 3204 ‚,
1059 3117 1127 3190 lroc
1152 3117 1257 3191 estin
1278 3119 1336 3192 do·

319 3263 387 3309 mo.
406 3233 574 3309 Mutabat
585 3232 771 3332 aliquando
785 3261 845 3305 sua
858 3235 1135 3323 consuetudine,
1157 3254 1197 3310 ut
1213 3237 1333 3310 nonin

320 3354 484 3429 clausulis
499 3369 679 3441 tantum,
711 3353 830 3425 sedin
861 3353 986 3426 modiis
1012 3354 1065 3426 vel
1089 3356 1209 3454 primis
1234 3385 1335 3456 saepe

239 3508 241 3513 ·
319 3476 479 3550 versibus
503 3473 610 3546 scissa
639 3473 809 3544 insereret
829 3473 973 3571 pliona,
999 3475 1196 3547 secundum
1223 3476 1336 3553 illud:

321 3608 345 3644 “
373 3596 490 3668 hostes
510 3609 735 3693 proponunt,
757 3619 777 3665 ο
799 3593 888 3664 cives
902 3593 944 3665 da
964 3594 1120 3682 dextras,
1140 3613 1336 3670 vestrover-

322 3771 347 3805 „
374 3737 410 3785 sa
428 3711 498 3784 iuri
518 3739 554 3782 re
574 3740 681 3799 voce,
703 3711 911 3807 gubernanti
937 3713 1042 3800 lato„
1069 3712 1135 3784 hoc
1165 3731 1217 3786 est
1243 3715 1357 3791 dare·

318 3830 594 3928 Rursumquc:“
620 3857 679 3900 sur
699 3829 749 3900 sol
769 3857 976 3901 succurrere
998 3829 1085 3901 clara
1106 3830 1241 3928 fulgens
1254 3832 1333 3907 luce

321 4009 346 4044 „
373 3979 413 4050 ge
434 3947 601 4048 gaudium
624 3950 715 4022 civili
744 3968 883 4049 portans
905 3951 1012 4024 salute
1029 4008 1052 4040 „
1074 3953 1139 4026 hoc
1161 3970 1209 4024 cst
1229 3981 1332 4050 surge
