3382 5206
442 685 499 797 S.
520 680 936 800 BENEDICTI
963 679 1212 807 CRISPI
1248 537 1313 633 39¹

403 889 793 966 ARCHIEPISCOPI
838 888 1254 966 MEDlOLANENSlS

572 1073 848 1143 rosnnrron
880 1043 1096 1143 nauicula

501 1273 542 1328 nr
574 1270 816 1328 oracouaro
847 1269 927 1329 sco
957 1270 1176 1329 scararum.
1285 1236 1299 1261 ⁹

533 1581 640 1670 Crispi
665 1545 914 1647 mediolanensis
939 1578 1066 1648 diaconi
1091 1586 1139 1664 (ι)

437 1700 477 1765 ad
507 1703 659 1767 Maurum
684 1717 908 1766 mantuensem
938 1702 1161 1789 praepositum
1186 1707 1233 1783 (a)

523 1824 558 1891 in
586 1820 766 1889 medicinae
793 1821 945 1888 libellum
974 1818 1142 1911 praelatio.

330 2057 443 2238 Quia
462 2146 513 2211 te,
535 2125 582 2194 fili
600 2127 765 2196 karissime
781 2128 916 2213 Maure,
938 2150 1042 2218 paena
1056 2128 1098 2195 ab
1114 2130 1189 2220 ipsis
1203 2129 1349 2197 cunabu-

326 2234 365 2301 lis
391 2235 553 2320 educavi,
575 2254 607 2302 et
628 2234 822 2324 septiformis
844 2233 1016 2303 facundiae
1042 2231 1241 2303 liberalitate
1260 2236 1350 2303 dits-

327 2343 358 2406 vi
373 2390 384 2425 ,
403 2366 503 2408 unum
518 2342 576 2407 tibi
593 2340 683 2407 deest
700 2340 787 2430 qnod
800 2340 908 2406 adbuc
922 2341 957 2405 in
972 2340 1064 2408 aunis
1077 2342 1258 2410 virentibus
1272 2365 1349 2409 con·

326 2448 451 2513 stitutus
465 2449 629 2537 ingratum
642 2470 770 2535 semper
781 2446 904 2512 babere
921 2445 1052 2511 voluisti
1063 2469 1074 2521 ς
1087 2446 1152 2513 boc
1172 2464 1220 2515 est
1238 2464 1350 2539 gratae

326 2552 477 2639 peritiam
491 2550 673 2617 medicinae
688 2575 748 2640 per
762 2553 869 2616 omnia
886 2549 1149 2640 parvipendens,
1171 2550 1298 2617 nullam
1315 2552 1352 2617 in

326 2656 520 2725 liberalibus
553 2656 730 2746 disciplinis
756 2675 882 2747 partem
914 2658 1245 2748 communionemque
1274 2659 1355 2728 reti-

331 2789 408 2831 nere
421 2763 543 2832 dixisti:
560 2790 646 2831 nunc
661 2781 765 2832 autem
782 2766 858 2854 qnia
872 2762 1088 2829 valitudinum
1101 2766 1266 2831 variarum
1278 2788 1354 2831 sae-

328 2872 398 2958 pius
422 2872 456 2935 in
481 2889 514 2937 te
542 2869 727 2936 dominatur
750 2871 952 2952 enormitas,
975 2871 1061 2963 cogis
1086 2870 1189 2960 ipsam
1215 2869 1353 2936 eandem

327 2976 445 3039 artium
469 2972 668 3064 amplificare
693 2975 854 3062 peritiae,
875 2998 972 3064 quam
991 2973 1083 3060 prius
1105 2998 1171 3041 non
1191 2973 1355 3041 erubuisti

325 3077 484 3147 nefariam
506 3099 538 3149 et
563 3081 781 3169 turpissimam
806 3103 1003 3168 nuncupare.
1029 3078 1140 3172 Exigis
1159 3101 1236 3169 ergo
1260 3103 1279 3143 a
1301 3102 1356 3148 me

329 3207 362 3254 ut
386 3208 418 3254 te
437 3187 614 3255 ruricolam
639 3184 779 3268 faciam,
808 3185 987 3252 herbarum
1014 3185 1261 3253 medicinalium
1290 3186 1354 3251 vir·

328 3311 412 3360 tutes
435 3295 614 3377 edoceam,
638 3295 786 3384 ipsasque
816 3292 1019 3382 temporibus
1041 3292 1138 3359 certis
1159 3289 1352 3383 singillatim

326 3399 516 3484 ostendam,
539 3419 571 3470 et
590 3398 676 3467 iusta
698 3398 912 3465 valitudinum
937 3397 1134 3487 multiplices
1150 3397 1350 3490 qualitates,

326 3506 448 3594 species
472 3505 676 3571 curationum
699 3501 923 3569 indubitanter
949 3501 1133 3569 exhibeam.
1157 3501 1255 3589 Quod
1277 3519 1353 3569 tone

415 3674 462 3742 (r)
482 3673 520 3725 Dc
538 3671 643 3725 bomine
661 3670 722 3725 vide
740 3688 809 3740 qnae
827 3671 943 3723 diximus
964 3671 990 3723 in
1011 3669 1186 3741 praefatione·

413 3761 459 3828 (a)
479 3758 588 3810 Saeculo
602 3757 702 3811 Christi
715 3759 846 3825 septimo.
867 3758 945 3813 immo
959 3771 986 3826 et
997 3769 1112 3816 octavo.
1130 3757 1248 3810 nondum
1265 3754 1353 3809 oedem

329 3847 502 3918 episcopalem
528 3846 654 3899 Mantuae
677 3846 810 3917 positam
830 3865 942 3916 eamque
965 3847 1102 3899 ecclesiam
1128 3846 1205 3899 modo
1224 3844 1355 3898 modiola-

329 3937 402 3988 nensi
421 3933 557 4001 cathedrg
589 3931 666 3984 modo
691 3932 752 3985 aliis
778 3933 857 3986 luisse
874 3932 1009 3986 subditam
1026 3970 1033 3991 ‚
1052 3944 1157 3987 constat
1176 3950 1208 3987 ex
1235 3929 1355 4001 Ugbellio

331 4028 353 4077 1.
371 4027 395 4076 S.
416 4035 477 4078 torn·
498 4025 519 4075 1.
539 4042 565 4095 p·
583 4020 645 4079 858.

1366 748 1386 785 S.
