3382 5206
621 528 685 598 530
824 553 832 559 ·
903 549 1288 608 ·s.saoar1.sssns1ts
1365 579 1368 582 -

592 648 697 735 dem,
723 668 762 718 nt
789 649 858 719 vult
881 651 1077 747 Vergilius,
1102 654 1161 722 sed
1187 679 1253 728 nou
1278 658 1313 721 in
1339 678 1378 725 so
1403 653 1459 745 qui
1489 671 1619 725 eeteros

573 778 713 826 omncs·
729 757 873 851 dactylos
895 759 1015 845 habet,
1039 760 1194 829 velutiin
1218 763 1440 855 georgicis-
1457 778 1514 828 aut
1532 787 1617 852 spa-

588 883 657 927 mas
678 865 816 930 miscent
829 867 966 954 ,argenti
994 866 1133 956 vivaque
1158 855 1324 956 sulphura.
1343 902 1390 919 -
1406 868 1514 965 Quem
1531 869 1616 958 qui-

589 966 665 1034 dam
691 971 889 1039 invertentes
917 970 1103 1061 sic-legunt
1132 1008 1178 1022 -
1207 990 1239 1039 et
1270 972 1534 1064 sulphura‘viva.
1564 1008 1614 1024 -

585 1075 706 1143 Rursus
734 1076 823 1144 idem
849 1075 936 1143 libro
962 1078 1030 1144 ·Vl·
1057 1078 1210 1145 aeneidos
1229 1117 1276 1131 -
1295 1080 1345 1150 bis
1370 1081 1494 1170 patriae
1520 1079 1613 1146 ceci·

587 1182 666 1253 dere
695 1209 833 1267 manns,
864 1186 944 1275 quin
972 1187 1120 1276 protinus
1146 1188 1264 1257 omnia.
1280 1191 1444 1275 -Quem
1471 1187 1611 1281 quidam

585 1314 646 1379 per
676 1291 882 1384 synalipham
911 1292 1118 1377 excludunt,
1143 1317 1204 1361 nec
1232 1293 1452 1386 intellegentes
1480 1292 1611 1386 synali-

585 1397 685 1485 pham
708 1415 785 1464 tunc
812 1423 881 1467 esse
909 1423 985 1465 cum
1004 1399 1130 1467 vocales
1157 1403 1243 1469 inter
1268 1427 1303 1469 se
1329 1401 1608 1490 confligunuaeu

584 1503 671 1573 solae
688 1555 698 1588 ,
717 1506 931 1596 utVergilius
944 1506 1033 1574 libro
1056 1507 1143 1572 dlll·
1157 1543 1203 1559 -
1220 1533 1320 1599 quam
1337 1525 1372 1573 tu
1389 1507 1531 1586 urbem,
1553 1529 1612 1572 so-

585 1635 665 1697 ror,
684 1612 768 1680 hanc
796 1619 931 1681 cernes!
962 1639 1046 1706 quae
1068 1638 1206 1706 surgere
1236 1618 1353 1704 regna!
1370 1614 1472 1679 -Et
1497 1613 1611 1678 Luca-

584 1743 644 1789 nus
666 1718 753 1786 libro
776 1720 827 1790 ·V·
845 1745 1000 1790 -saeva
1030 1722 1123 1813 quies
1150 1719 1253 1812 pelagi
1279 1704 1463 1812 maestoque
1490 1719 1609 1810 ignava

581 1821 755 1912 profundo.
775 1861 821 1877 -
838 1823 903 1892 Seu
922 1825 1114 1913 interposita
1138 1842 1335 1892 consonante
1356 1822 1545 1914 -longius
1573 1840 1608 1888 et
1675 1803 1682 1822 ³

585 1924 714 1995 volvens
737 1924 878 1993 latorum
903 1951 1022 1994 areana
1049 1920 1199 1995 movebo.
1216 1965 1262 1979 -
1276 1927 1371 2014 Quod
1393 1951 1606 2018 nequaquam

583 2036 617 2100 in
642 2032 811 2123 praedicto
838 2033 909 2103 loco
936 2033 1043 2102 adseri
1067 2051 1191 2125 potestq
1215 2037 1338 2125 quippe
1362 2034 1528 2101 absolutus
1547 2059 1607 2123 pes

580 2156 627 2205 est
649 2143 671 2179 ‘⁴
697 2144 806 2208 omnia
824 2160 848 2225 '„
866 2157 902 2207 ut
926 2142 960 2206 in
989 2140 1151 2231 bucolicis
1161 2145 1208 2193 -i-
1223 2141 1331 2207 omnia
1351 2135 1522 2207 lert-aetas
1537 2175 1559 2188 -
1573 2158 1606 2206 et

580 2249 722 2313 -omnia
741 2249 842 2315 vincit
862 2272 963 2316 amor.
983 2287 1028 2301 -
1047 2244 1158 2315 Posset
1175 2243 1289 2338 itaque
1305 2269 1415 2314 versus
1442 2247 1542 2311 etiam
1562 2271 1605 2316 ex

580 2350 718 2446 dactylis
737 2381 790 2425 sex
807 2372 973 2440 constare,
998 2356 1024 2420 si
1040 2352 1197 2421 moderno
1221 2372 1367 2442 tempore
1386 2353 1515 2418 metrici
1532 2374 1601 2418 nou

527 2517 531 2525 .
581 2455 772 2526 refutarent.
797 2458 909 2528 Veluti
934 2461 1045 2525 'versus
1067 2456 1129 2522 ille
1140 2473 1187 2523 cst
1200 2459 1383 2523 *interea
1399 2473 1514 2522 tenero
1538 2458 1605 2521 mi-

577 2562 613 2629 hi
640 2562 761 2631 bucula
783 2584 914 2652 pascere
934 2565 1092 2654 gramine.
1105 2565 1206 2629 -Et
1231 2561 1310 2628 alibi
1324 2600 1370 2641 -τ
1383 2580 1417 2627 at
1434 2562 1513 2628 tuba
1537 2579 1605 2628 ter-

557 2676 564 2681 “’
576 2666 709 2735 ribilem
730 2670 872 2736 sonitum
893 2667 1022 2758 procul
1036 2668 1154 2735 excitat
1175 2665 1320 2732 horrida.
1336 2702 1382 2716 -

523 2845 525 2849 ¹
555 2797 558 2800 ⁴
624 2785 657 2838 A.
668 2771 837 2859 Quomodo
851 2772 903 2838 his
918 2772 1067 2838 versibus
1082 2771 1146 2861 qui.
1156 2767 1286 2860 dactylo
1301 2770 1523 2835 terminantur
1537 2793 1606 2835 me·

486 2900 499 2937 t
578 2878 651 2943 trici
667 2875 863 2943 vocabulum
884 2872 1100 2945 indiderunt?
1119 2875 1171 2939 M.
1184 2871 1283 2963 Apud
1296 2875 1451 2940 metricos·
1463 2874 1600 2963 quidem

456 2975 460 2984 ’
577 2979 808 3049 huiuscemodi
823 3005 935 3049 versus
950 2978 1155 3046 acatalectici
1172 2996 1423 3068 nuncupantur,
1440 2995 1476 3043 ut
1489 3015 1537 3030 -
1554 2981 1604 3045 si-

577 3088 656 3155 dera
677 3088 799 3179 pallida
820 3087 988 3179 defugiunt
1013 3087 1083 3152 fuce
1110 3089 1225 3152 territa
1251 3084 1396 3151 luminis.
1418 3120 1465 3136 -
1489 3084 1537 3148 lta
1568 3104 1602 3152 et

574 3196 755 3284 superiores
781 3194 857 3264 duo.
882 3207 917 3260 A
944 3194 1023 3278 Quis
1048 3209 1095 3258 est
1119 3213 1229 3259 versus
1254 3191 1405 3258 heroicus
1430 3187 1600 3257 catalecti-

577 3297 661 3371 cus?
683 3300 731 3366 M.
757 3299 899 3369 Praebet
916 3294 1081 3388 Vergilius
1102 3295 1287 3386 exemplum
1312 3294 1421 3362 dicens
1436 3312 1528 3363 -et
1551 3310 1602 3360 tn·

570 3410 668 3473 ‘nicae
692 3407 859 3488 manicas,
883 3422 915 3471 ct
937 3401 1064 3471 babent
1089 3399 1280 3470 redimicula
1307 3400 1601 3469 mitrae-Idem

575 3514 662 3580 libro
681 3515 754 3580 ·xt·
766 3550 811 3564 -
825 3510 968 3594 fecerat,
986 3528 1018 3577 et
1037 3511 1123 3579 tenui
1134 3506 1216 3579 >telas
1232 3507 1432 3577 discreverat
1444 3531 1537 3575 auro.
1551 3544 1600 3560 -
1636 3561 1646 3574 .

573 3623 616 3687 Et
629 3621 717 3688 libro
736 3619 879 3686 iudicum
894 3619 1130 3708 -septuaginta
1149 3618 1273 3706 primus
1289 3629 1455 3682 truncarat
1474 3637 1596 3702 corpo·

483 3714 488 3725 ’
571 3753 608 3793 ra
625 3753 748 3818 regum.
763 3765 808 3779 -
821 3729 861 3794 Et
879 3728 1027 3792 Lucanus
1041 3712 1220 3790 lim-0511!-
1234 3759 1280 3773 -
1292 3723 1415 3810 primus
1429 3722 1593 3787 caesareis

572 3835 681 3926 pelagi
706 3837 802 3903 decus
825 3833 952 3900 addidit
976 3833 1083 3898 armis.
1109 3867 1154 3881 -
1176 3843 1210 3894 A.
1237 3829 1314 3914 Quis
1333 3844 1381 3893 est
1404 3849 1514 3893 versus
1536 3825 1598 3918 hy-

571 3940 835 4029 percatalecticus
857 3932 1069 4007 hexameter?
1097 3937 1143 4002 M.
1166 3932 1234 4002 Ubi
1264 3948 1352 4001 certo
1377 3952 1593 3998 numerosas

570 4046 692 4137 pedum
714 4067 777 4114 uua
801 4043 926 4136 syllaba
950 4045 1164 4113 subnectitur.
1189 4054 1222 4110 A.
1243 4037 1359 4109 Profer
1382 4060 1515 4106 versum
1536 4037 1601 4106 hoc
