<?xml version="1.0" encoding="UTF-8"?>
<!DOCTYPE html PUBLIC "-//W3C//DTD XHTML 1.0 Transitional//EN"
    "http://www.w3.org/TR/xhtml1/DTD/xhtml1-transitional.dtd">
<html xmlns="http://www.w3.org/1999/xhtml" xml:lang="en" lang="en">
 <head>
  <title>
</title>
<meta http-equiv="Content-Type" content="text/html;charset=utf-8" />
  <meta name='ocr-system' content='tesseract 3.04.00' />
  <meta name='ocr-capabilities' content='ocr_page ocr_carea ocr_par ocr_line ocrx_word'/>
</head>
<body>
  <div class='ocr_page' id='page_1' title='image "./classicorumauct00vatigoog_0605.png"; bbox 0 0 3382 5206; ppageno 0'>
   <div class='ocr_carea' id='block_1_1' title="bbox 14 1365 18 2375">
    <p class='ocr_par' dir='ltr' id='par_1_1' title="bbox 14 1365 18 2375">
     <span class='ocr_line' id='line_1_1' title="bbox 14 1365 18 2375; baseline 0 0"><span class='ocrx_word' id='word_1_1' title='bbox 14 1365 18 2375; x_wconf 95' lang='lat' dir='ltr'> </span> 
     </span>
    </p>
   </div>
   <div class='ocr_carea' id='block_1_2' title="bbox 20 3547 27 4205">
    <p class='ocr_par' dir='ltr' id='par_1_2' title="bbox 20 3547 27 4205">
     <span class='ocr_line' id='line_1_2' title="bbox 20 3547 27 4205; baseline 0 0"><span class='ocrx_word' id='word_1_2' title='bbox 20 3547 27 4205; x_wconf 95' lang='lat' dir='ltr'> </span> 
     </span>
    </p>
   </div>
   <div class='ocr_carea' id='block_1_3' title="bbox 21 4377 28 4927">
    <p class='ocr_par' dir='ltr' id='par_1_3' title="bbox 21 4377 28 4927">
     <span class='ocr_line' id='line_1_3' title="bbox 21 4377 28 4927; baseline 0 0"><span class='ocrx_word' id='word_1_3' title='bbox 21 4377 28 4927; x_wconf 95' lang='lat' dir='ltr'> </span> 
     </span>
    </p>
   </div>
   <div class='ocr_carea' id='block_1_4' title="bbox 575 525 1268 623">
    <p class='ocr_par' dir='ltr' id='par_1_4' title="bbox 575 525 1268 623">
     <span class='ocr_line' id='line_1_4' title="bbox 575 525 1268 623; baseline -0.001 -17"><span class='ocrx_word' id='word_1_4' title='bbox 575 525 641 623; x_wconf 77' lang='lat' dir='ltr'>⁵ll</span> <span class='ocrx_word' id='word_1_5' title='bbox 874 559 902 606; x_wconf 81' lang='lat' dir='ltr'>s.</span> <span class='ocrx_word' id='word_1_6' title='bbox 928 553 1108 605; x_wconf 74' lang='lat' dir='ltr'>trunsum</span> <span class='ocrx_word' id='word_1_7' title='bbox 1132 556 1176 605; x_wconf 83' lang='lat' dir='ltr'>ur</span> <span class='ocrx_word' id='word_1_8' title='bbox 1199 555 1268 605; x_wconf 57' lang='grc' dir='ltr'>ιν</span> 
     </span>
    </p>
   </div>
   <div class='ocr_carea' id='block_1_5' title="bbox 541 654 1587 4129">
    <p class='ocr_par' dir='ltr' id='par_1_5' title="bbox 541 654 1587 4129">
     <span class='ocr_line' id='line_1_5' title="bbox 543 654 1581 750; baseline 0.007 -31"><span class='ocrx_word' id='word_1_9' title='bbox 543 685 584 724; x_wconf 65' lang='grc' dir='ltr'>,ιο</span> <span class='ocrx_word' id='word_1_10' title='bbox 604 659 846 750; x_wconf 70' lang='lat' dir='ltr'>corrumpitur,</span> <span class='ocrx_word' id='word_1_11' title='bbox 872 675 908 724; x_wconf 92' lang='grc' dir='ltr'>ιιι</span> <span class='ocrx_word' id='word_1_12' title='bbox 922 656 1007 726; x_wconf 87' lang='lat' dir='ltr'>lateo</span> <span class='ocrx_word' id='word_1_13' title='bbox 1025 656 1106 726; x_wconf 82' lang='lat' dir='ltr'>lates</span> <span class='ocrx_word' id='word_1_14' title='bbox 1123 656 1224 742; x_wconf 88' lang='lat' dir='ltr'>latet,</span> <span class='ocrx_word' id='word_1_15' title='bbox 1240 654 1393 728; x_wconf 74' lang='lat' dir='ltr'>delitesco</span> <span class='ocrx_word' id='word_1_16' title='bbox 1408 656 1581 726; x_wconf 79' lang='lat' dir='ltr'>delitescis</span> 
     </span>
     <span class='ocr_line' id='line_1_6' title="bbox 545 761 1582 854; baseline -0.001 -24"><span class='ocrx_word' id='word_1_17' title='bbox 545 762 731 848; x_wconf 78' lang='lat' dir='ltr'>delitescit,</span> <span class='ocrx_word' id='word_1_18' title='bbox 750 781 782 832; x_wconf 91' lang='lat' dir='ltr'>et</span> <span class='ocrx_word' id='word_1_19' title='bbox 812 764 987 854; x_wconf 86' lang='lat' dir='ltr'>praeterito</span> <span class='ocrx_word' id='word_1_20' title='bbox 1010 761 1166 854; x_wconf 68' lang='lat' dir='ltr'>perlecto·</span> <span class='ocrx_word' id='word_1_21' title='bbox 1183 761 1312 831; x_wconf 84' lang='lat' dir='ltr'>delituit</span> <span class='ocrx_word' id='word_1_22' title='bbox 1338 788 1406 833; x_wconf 89' lang='lat' dir='ltr'>non</span> <span class='ocrx_word' id='word_1_23' title='bbox 1436 761 1582 833; x_wconf 77' lang='lat' dir='ltr'>delatuit</span> 
     </span>
     <span class='ocr_line' id='line_1_7' title="bbox 543 862 1579 954; baseline -0.001 -23"><span class='ocrx_word' id='word_1_24' title='bbox 543 863 703 945; x_wconf 67' lang='lat' dir='ltr'>elicimus,</span> <span class='ocrx_word' id='word_1_25' title='bbox 718 881 755 931; x_wconf 92' lang='lat' dir='ltr'>ut</span> <span class='ocrx_word' id='word_1_26' title='bbox 767 875 862 954; x_wconf 61' lang='lat' dir='ltr'>poeta</span> <span class='ocrx_word' id='word_1_27' title='bbox 872 864 973 933; x_wconf 87' lang='lat' dir='ltr'>-sol</span> <span class='ocrx_word' id='word_1_28' title='bbox 987 865 1075 934; x_wconf 87' lang='lat' dir='ltr'>nube</span> <span class='ocrx_word' id='word_1_29' title='bbox 1087 889 1240 935; x_wconf 85' lang='lat' dir='ltr'>coruscos</span> <span class='ocrx_word' id='word_1_30' title='bbox 1254 862 1496 933; x_wconf 75' lang='lat' dir='ltr'>delituit-ll</span> <span class='ocrx_word' id='word_1_31' title='bbox 1513 882 1579 932; x_wconf 76' lang='lat' dir='ltr'>ter</span> 
     </span>
     <span class='ocr_line' id='line_1_8' title="bbox 544 969 1577 1064; baseline 0.002 -27"><span class='ocrx_word' id='word_1_32' title='bbox 544 971 588 1037; x_wconf 83' lang='lat' dir='ltr'>tin</span> <span class='ocrx_word' id='word_1_33' title='bbox 605 993 737 1062; x_wconf 88' lang='lat' dir='ltr'>quoquc</span> <span class='ocrx_word' id='word_1_34' title='bbox 751 971 979 1064; x_wconf 86' lang='lat' dir='ltr'>coniugatione</span> <span class='ocrx_word' id='word_1_35' title='bbox 1000 969 1162 1039; x_wconf 86' lang='lat' dir='ltr'>infinitivo</span> <span class='ocrx_word' id='word_1_36' title='bbox 1181 969 1277 1038; x_wconf 91' lang='lat' dir='ltr'>modo</span> <span class='ocrx_word' id='word_1_37' title='bbox 1300 986 1447 1060; x_wconf 88' lang='lat' dir='ltr'>tempore</span> <span class='ocrx_word' id='word_1_38' title='bbox 1473 993 1577 1059; x_wconf 81' lang='lat' dir='ltr'>prae·-</span> 
     </span>
     <span class='ocr_line' id='line_1_9' title="bbox 542 1074 1578 1168; baseline -0.003 -23"><span class='ocrx_word' id='word_1_39' title='bbox 542 1079 628 1145; x_wconf 83' lang='lat' dir='ltr'>senti</span> <span class='ocrx_word' id='word_1_40' title='bbox 649 1093 717 1143; x_wconf 91' lang='lat' dir='ltr'>tam</span> <span class='ocrx_word' id='word_1_41' title='bbox 742 1076 835 1144; x_wconf 87' lang='lat' dir='ltr'>verbi</span> <span class='ocrx_word' id='word_1_42' title='bbox 852 1077 970 1166; x_wconf 86' lang='lat' dir='ltr'>passivi</span> <span class='ocrx_word' id='word_1_43' title='bbox 989 1101 1089 1168; x_wconf 89' lang='lat' dir='ltr'>qnam</span> <span class='ocrx_word' id='word_1_44' title='bbox 1117 1074 1311 1168; x_wconf 86' lang='lat' dir='ltr'>deponentis</span> <span class='ocrx_word' id='word_1_45' title='bbox 1334 1078 1484 1144; x_wconf 90' lang='lat' dir='ltr'>iambum</span> <span class='ocrx_word' id='word_1_46' title='bbox 1505 1076 1578 1143; x_wconf 85' lang='lat' dir='ltr'>for-</span> 
     </span>
     <span class='ocr_line' id='line_1_10' title="bbox 545 1183 1579 1276; baseline -0.001 -26"><span class='ocrx_word' id='word_1_47' title='bbox 545 1188 628 1252; x_wconf 77' lang='lat' dir='ltr'>muri</span> <span class='ocrx_word' id='word_1_48' title='bbox 652 1208 795 1268; x_wconf 84' lang='lat' dir='ltr'>censeo,</span> <span class='ocrx_word' id='word_1_49' title='bbox 825 1197 859 1250; x_wconf 89' lang='lat' dir='ltr'>ut</span> <span class='ocrx_word' id='word_1_50' title='bbox 890 1184 988 1276; x_wconf 75' lang='lat' dir='ltr'>geri,</span> <span class='ocrx_word' id='word_1_51' title='bbox 1015 1186 1105 1266; x_wconf 87' lang='lat' dir='ltr'>teri,</span> <span class='ocrx_word' id='word_1_52' title='bbox 1130 1183 1221 1269; x_wconf 90' lang='lat' dir='ltr'>seri,</span> <span class='ocrx_word' id='word_1_53' title='bbox 1247 1184 1337 1274; x_wconf 87' lang='lat' dir='ltr'>tegi,</span> <span class='ocrx_word' id='word_1_54' title='bbox 1364 1183 1455 1274; x_wconf 89' lang='lat' dir='ltr'>legi,</span> <span class='ocrx_word' id='word_1_55' title='bbox 1478 1186 1579 1275; x_wconf 86' lang='lat' dir='ltr'>regi,</span> 
     </span>
     <span class='ocr_line' id='line_1_11' title="bbox 541 1285 1576 1381; baseline -0.005 -21"><span class='ocrx_word' id='word_1_56' title='bbox 541 1287 652 1375; x_wconf 75' lang='lat' dir='ltr'>trahi,</span> <span class='ocrx_word' id='word_1_57' title='bbox 674 1288 778 1370; x_wconf 80' lang='lat' dir='ltr'>vehi,</span> <span class='ocrx_word' id='word_1_58' title='bbox 801 1289 895 1355; x_wconf 91' lang='lat' dir='ltr'>mori.</span> <span class='ocrx_word' id='word_1_59' title='bbox 910 1285 941 1354; x_wconf 83' lang='lat' dir='ltr'><strong>A</strong></span> <span class='ocrx_word' id='word_1_60' title='bbox 956 1286 1133 1377; x_wconf 87' lang='lat' dir='ltr'>praedictis</span> <span class='ocrx_word' id='word_1_61' title='bbox 1159 1312 1291 1379; x_wconf 88' lang='lat' dir='ltr'>qnoque</span> <span class='ocrx_word' id='word_1_62' title='bbox 1310 1287 1576 1381; x_wconf 71' lang='lat' dir='ltr'><strong>monosyllabis,</strong></span> 
     </span>
     <span class='ocr_line' id='line_1_12' title="bbox 545 1391 1582 1484; baseline -0.003 -23"><span class='ocrx_word' id='word_1_63' title='bbox 545 1417 625 1484; x_wconf 84' lang='lat' dir='ltr'>quas</span> <span class='ocrx_word' id='word_1_64' title='bbox 648 1392 683 1459; x_wconf 92' lang='lat' dir='ltr'>iu</span> <span class='ocrx_word' id='word_1_65' title='bbox 705 1392 900 1484; x_wconf 81' lang='lat' dir='ltr'>pyrrhichio</span> <span class='ocrx_word' id='word_1_66' title='bbox 922 1391 1205 1482; x_wconf 70' lang='lat' dir='ltr'>explanandarum</span> <span class='ocrx_word' id='word_1_67' title='bbox 1224 1416 1336 1459; x_wconf 90' lang='lat' dir='ltr'>rernm</span> <span class='ocrx_word' id='word_1_68' title='bbox 1350 1396 1458 1484; x_wconf 80' lang='lat' dir='ltr'>gratia</span> <span class='ocrx_word' id='word_1_69' title='bbox 1481 1418 1582 1483; x_wconf 85' lang='lat' dir='ltr'>prae·</span> 
     </span>
     <span class='ocr_line' id='line_1_13' title="bbox 546 1497 1580 1590; baseline -0.001 -22"><span class='ocrx_word' id='word_1_70' title='bbox 546 1499 704 1586; x_wconf 85' lang='lat' dir='ltr'>tulimus,</span> <span class='ocrx_word' id='word_1_71' title='bbox 727 1523 802 1567; x_wconf 91' lang='lat' dir='ltr'>cnm</span> <span class='ocrx_word' id='word_1_72' title='bbox 830 1497 941 1566; x_wconf 82' lang='lat' dir='ltr'>dativo</span> <span class='ocrx_word' id='word_1_73' title='bbox 966 1498 1123 1590; x_wconf 74' lang='lat' dir='ltr'>singulari</span> <span class='ocrx_word' id='word_1_74' title='bbox 1146 1516 1202 1566; x_wconf 88' lang='lat' dir='ltr'>aut</span> <span class='ocrx_word' id='word_1_75' title='bbox 1228 1500 1426 1568; x_wconf 88' lang='lat' dir='ltr'>nominativo</span> <span class='ocrx_word' id='word_1_76' title='bbox 1455 1499 1580 1590; x_wconf 77' lang='lat' dir='ltr'>plurali</span> 
     </span>
     <span class='ocr_line' id='line_1_14' title="bbox 545 1607 1580 1698; baseline -0.002 -21"><span class='ocrx_word' id='word_1_77' title='bbox 545 1607 776 1693; x_wconf 79' lang='lat' dir='ltr'>declinantur,</span> <span class='ocrx_word' id='word_1_78' title='bbox 806 1609 963 1676; x_wconf 83' lang='lat' dir='ltr'>iambicos</span> <span class='ocrx_word' id='word_1_79' title='bbox 989 1607 1087 1698; x_wconf 86' lang='lat' dir='ltr'>pedes</span> <span class='ocrx_word' id='word_1_80' title='bbox 1117 1608 1261 1674; x_wconf 83' lang='lat' dir='ltr'>derivari</span> <span class='ocrx_word' id='word_1_81' title='bbox 1296 1609 1475 1676; x_wconf 86' lang='lat' dir='ltr'>certissima</span> <span class='ocrx_word' id='word_1_82' title='bbox 1504 1633 1580 1675; x_wconf 87' lang='lat' dir='ltr'>me-</span> 
     </span>
     <span class='ocr_line' id='line_1_15' title="bbox 546 1710 1575 1802; baseline -0.001 -21"><span class='ocrx_word' id='word_1_83' title='bbox 546 1732 673 1781; x_wconf 87' lang='lat' dir='ltr'>trorum</span> <span class='ocrx_word' id='word_1_84' title='bbox 692 1714 775 1780; x_wconf 89' lang='lat' dir='ltr'>ratio</span> <span class='ocrx_word' id='word_1_85' title='bbox 790 1710 953 1797; x_wconf 78' lang='lat' dir='ltr'>declarat,</span> <span class='ocrx_word' id='word_1_86' title='bbox 968 1730 1004 1779; x_wconf 90' lang='lat' dir='ltr'>nt</span> <span class='ocrx_word' id='word_1_87' title='bbox 1023 1735 1103 1780; x_wconf 85' lang='lat' dir='ltr'>crux</span> <span class='ocrx_word' id='word_1_88' title='bbox 1120 1713 1212 1780; x_wconf 89' lang='lat' dir='ltr'>cruci</span> <span class='ocrx_word' id='word_1_89' title='bbox 1227 1735 1361 1780; x_wconf 71' lang='lat' dir='ltr'>cruces,</span> <span class='ocrx_word' id='word_1_90' title='bbox 1374 1712 1575 1802; x_wconf 74' lang='lat' dir='ltr'>adstipulan-</span> 
     </span>
     <span class='ocr_line' id='line_1_16' title="bbox 547 1819 1578 1910; baseline -0.004 -20"><span class='ocrx_word' id='word_1_91' title='bbox 547 1837 579 1890; x_wconf 87' lang='lat' dir='ltr'>te</span> <span class='ocrx_word' id='word_1_92' title='bbox 597 1822 890 1910; x_wconf 83' lang='lat' dir='ltr'>Prospero-nec</span> <span class='ocrx_word' id='word_1_93' title='bbox 915 1819 1021 1885; x_wconf 90' lang='lat' dir='ltr'>crucis</span> <span class='ocrx_word' id='word_1_94' title='bbox 1049 1820 1205 1909; x_wconf 77' lang='lat' dir='ltr'>asperitas</span> <span class='ocrx_word' id='word_1_95' title='bbox 1231 1819 1338 1908; x_wconf 90' lang='lat' dir='ltr'>potnit</span> <span class='ocrx_word' id='word_1_96' title='bbox 1365 1836 1493 1885; x_wconf 88' lang='lat' dir='ltr'>terrere</span> <span class='ocrx_word' id='word_1_97' title='bbox 1523 1844 1578 1886; x_wconf 84' lang='lat' dir='ltr'>vo·</span> 
     </span>
     <span class='ocr_line' id='line_1_17' title="bbox 548 1921 1580 2009; baseline -0.002 -17"><span class='ocrx_word' id='word_1_98' title='bbox 548 1923 680 1994; x_wconf 81' lang='lat' dir='ltr'>lentem.</span> <span class='ocrx_word' id='word_1_99' title='bbox 689 1926 813 1993; x_wconf 84' lang='lat' dir='ltr'>-Fax</span> <span class='ocrx_word' id='word_1_100' title='bbox 826 1924 891 1991; x_wconf 84' lang='lat' dir='ltr'>iaci</span> <span class='ocrx_word' id='word_1_101' title='bbox 902 1921 999 2007; x_wconf 85' lang='lat' dir='ltr'>laces,</span> <span class='ocrx_word' id='word_1_102' title='bbox 1009 1938 1082 1992; x_wconf 80' lang='lat' dir='ltr'>trux</span> <span class='ocrx_word' id='word_1_103' title='bbox 1100 1924 1187 1991; x_wconf 88' lang='lat' dir='ltr'>truci</span> <span class='ocrx_word' id='word_1_104' title='bbox 1200 1941 1319 2009; x_wconf 88' lang='lat' dir='ltr'>truces,</span> <span class='ocrx_word' id='word_1_105' title='bbox 1333 1950 1397 1991; x_wconf 86' lang='lat' dir='ltr'>nur</span> <span class='ocrx_word' id='word_1_106' title='bbox 1412 1927 1501 1992; x_wconf 90' lang='lat' dir='ltr'>nucii</span> <span class='ocrx_word' id='word_1_107' title='bbox 1520 1951 1580 1991; x_wconf 88' lang='lat' dir='ltr'>uu·</span> 
     </span>
     <span class='ocr_line' id='line_1_18' title="bbox 546 2026 1580 2121; baseline -0.003 -21"><span class='ocrx_word' id='word_1_108' title='bbox 546 2043 615 2115; x_wconf 79' lang='lat' dir='ltr'>ces,</span> <span class='ocrx_word' id='word_1_109' title='bbox 628 2028 693 2097; x_wconf 86' lang='lat' dir='ltr'>dux</span> <span class='ocrx_word' id='word_1_110' title='bbox 707 2026 784 2096; x_wconf 91' lang='lat' dir='ltr'>duci</span> <span class='ocrx_word' id='word_1_111' title='bbox 799 2027 908 2097; x_wconf 89' lang='lat' dir='ltr'>duces.</span> <span class='ocrx_word' id='word_1_112' title='bbox 922 2031 978 2100; x_wconf 87' lang='lat' dir='ltr'>sic</span> <span class='ocrx_word' id='word_1_113' title='bbox 990 2052 1087 2121; x_wconf 80' lang='lat' dir='ltr'>grues</span> <span class='ocrx_word' id='word_1_114' title='bbox 1100 2054 1172 2099; x_wconf 87' lang='lat' dir='ltr'>sues</span> <span class='ocrx_word' id='word_1_115' title='bbox 1187 2045 1220 2097; x_wconf 88' lang='lat' dir='ltr'>et</span> <span class='ocrx_word' id='word_1_116' title='bbox 1240 2047 1349 2098; x_wconf 85' lang='lat' dir='ltr'>cetera</span> <span class='ocrx_word' id='word_1_117' title='bbox 1364 2029 1495 2097; x_wconf 89' lang='lat' dir='ltr'>similia.</span> <span class='ocrx_word' id='word_1_118' title='bbox 1510 2033 1580 2100; x_wconf 88' lang='lat' dir='ltr'>Sn-</span> 
     </span>
     <span class='ocr_line' id='line_1_19' title="bbox 543 2135 1579 2227; baseline -0.002 -23"><span class='ocrx_word' id='word_1_119' title='bbox 543 2153 679 2205; x_wconf 87' lang='lat' dir='ltr'>muntnr</span> <span class='ocrx_word' id='word_1_120' title='bbox 696 2139 795 2204; x_wconf 84' lang='lat' dir='ltr'>etiam</span> <span class='ocrx_word' id='word_1_121' title='bbox 817 2136 952 2204; x_wconf 87' lang='lat' dir='ltr'>iambici</span> <span class='ocrx_word' id='word_1_122' title='bbox 968 2135 1065 2226; x_wconf 87' lang='lat' dir='ltr'>pedes</span> <span class='ocrx_word' id='word_1_123' title='bbox 1084 2162 1102 2201; x_wconf 93' lang='lat' dir='ltr'>a</span> <span class='ocrx_word' id='word_1_124' title='bbox 1119 2137 1301 2227; x_wconf 86' lang='lat' dir='ltr'>participiis</span> <span class='ocrx_word' id='word_1_125' title='bbox 1323 2135 1459 2205; x_wconf 90' lang='lat' dir='ltr'>illorum</span> <span class='ocrx_word' id='word_1_126' title='bbox 1475 2137 1579 2203; x_wconf 92' lang='lat' dir='ltr'>dum-</span> 
     </span>
     <span class='ocr_line' id='line_1_20' title="bbox 542 2239 1578 2332; baseline -0.001 -23"><span class='ocrx_word' id='word_1_127' title='bbox 542 2257 628 2310; x_wconf 79' lang='lat' dir='ltr'>taxat</span> <span class='ocrx_word' id='word_1_128' title='bbox 651 2241 827 2310; x_wconf 86' lang='lat' dir='ltr'>verborum</span> <span class='ocrx_word' id='word_1_129' title='bbox 859 2264 943 2332; x_wconf 88' lang='lat' dir='ltr'>quae</span> <span class='ocrx_word' id='word_1_130' title='bbox 971 2242 1005 2308; x_wconf 91' lang='lat' dir='ltr'>in</span> <span class='ocrx_word' id='word_1_131' title='bbox 1031 2240 1229 2332; x_wconf 76' lang='lat' dir='ltr'>pyrrhichio</span> <span class='ocrx_word' id='word_1_132' title='bbox 1250 2242 1398 2329; x_wconf 86' lang='lat' dir='ltr'>superius</span> <span class='ocrx_word' id='word_1_133' title='bbox 1427 2239 1578 2332; x_wconf 84' lang='lat' dir='ltr'>degessi-</span> 
     </span>
     <span class='ocr_line' id='line_1_21' title="bbox 546 2333 1578 2436; baseline 0.001 -24"><span class='ocrx_word' id='word_1_134' title='bbox 546 2369 640 2415; x_wconf 77' lang='lat' dir='ltr'>mnss</span> <span class='ocrx_word' id='word_1_135' title='bbox 666 2363 703 2414; x_wconf 91' lang='lat' dir='ltr'>nt</span> <span class='ocrx_word' id='word_1_136' title='bbox 731 2348 864 2436; x_wconf 87' lang='lat' dir='ltr'>rigans,</span> <span class='ocrx_word' id='word_1_137' title='bbox 889 2344 1016 2422; x_wconf 70' lang='lat' dir='ltr'>litanst</span> <span class='ocrx_word' id='word_1_138' title='bbox 1038 2348 1122 2413; x_wconf 88' lang='lat' dir='ltr'>sicut</span> <span class='ocrx_word' id='word_1_139' title='bbox 1148 2355 1244 2436; x_wconf 72' lang='lat' dir='ltr'>poita</span> <span class='ocrx_word' id='word_1_140' title='bbox 1268 2333 1578 2434; x_wconf 84' lang='lat' dir='ltr'>probat-stellis-</span> 
     </span>
     <span class='ocr_line' id='line_1_22' title="bbox 544 2446 1579 2542; baseline -0.001 -26"><span class='ocrx_word' id='word_1_141' title='bbox 544 2474 609 2542; x_wconf 81' lang='lat' dir='ltr'>que</span> <span class='ocrx_word' id='word_1_142' title='bbox 629 2449 725 2518; x_wconf 89' lang='lat' dir='ltr'>litant</span> <span class='ocrx_word' id='word_1_143' title='bbox 747 2473 833 2541; x_wconf 88' lang='lat' dir='ltr'>quae</span> <span class='ocrx_word' id='word_1_144' title='bbox 855 2448 929 2516; x_wconf 87' lang='lat' dir='ltr'>luce</span> <span class='ocrx_word' id='word_1_145' title='bbox 953 2446 1176 2540; x_wconf 83' lang='lat' dir='ltr'>sugantur.-</span> <span class='ocrx_word' id='word_1_146' title='bbox 1189 2449 1367 2518; x_wconf 87' lang='lat' dir='ltr'>Scanditur</span> <span class='ocrx_word' id='word_1_147' title='bbox 1393 2449 1500 2542; x_wconf 87' lang='lat' dir='ltr'>lisque</span> <span class='ocrx_word' id='word_1_148' title='bbox 1526 2450 1579 2538; x_wconf 95' lang='lat' dir='ltr'>li,</span> 
     </span>
     <span class='ocr_line' id='line_1_23' title="bbox 545 2554 1582 2650; baseline 0.002 -28"><span class='ocrx_word' id='word_1_149' title='bbox 545 2554 718 2650; x_wconf 55' lang='lat' dir='ltr'>dactylum</span> <span class='ocrx_word' id='word_1_150' title='bbox 747 2579 886 2640; x_wconf 85' lang='lat' dir='ltr'>secans,</span> <span class='ocrx_word' id='word_1_151' title='bbox 912 2577 1059 2641; x_wconf 84' lang='lat' dir='ltr'>necans,</span> <span class='ocrx_word' id='word_1_152' title='bbox 1080 2578 1232 2646; x_wconf 86' lang='lat' dir='ltr'>negans,</span> <span class='ocrx_word' id='word_1_153' title='bbox 1259 2581 1401 2642; x_wconf 84' lang='lat' dir='ltr'>vorans,</span> <span class='ocrx_word' id='word_1_154' title='bbox 1432 2558 1550 2626; x_wconf 82' lang='lat' dir='ltr'>volans</span> <span class='ocrx_word' id='word_1_155' title='bbox 1571 2611 1582 2644; x_wconf 86' lang='lat'>,</span> 
     </span>
     <span class='ocr_line' id='line_1_24' title="bbox 545 2654 1579 2751; baseline 0.004 -22"><span class='ocrx_word' id='word_1_156' title='bbox 545 2687 711 2745; x_wconf 81' lang='lat' dir='ltr'>curvans,</span> <span class='ocrx_word' id='word_1_157' title='bbox 734 2660 870 2744; x_wconf 81' lang='lat' dir='ltr'>lavans,</span> <span class='ocrx_word' id='word_1_158' title='bbox 890 2654 1019 2751; x_wconf 86' lang='lat' dir='ltr'>ligans,</span> <span class='ocrx_word' id='word_1_159' title='bbox 1042 2663 1176 2729; x_wconf 84' lang='lat' dir='ltr'>micans.</span> <span class='ocrx_word' id='word_1_160' title='bbox 1195 2663 1342 2730; x_wconf 87' lang='lat' dir='ltr'>Veniunt</span> <span class='ocrx_word' id='word_1_161' title='bbox 1358 2663 1579 2733; x_wconf 86' lang='lat' dir='ltr'>nihilominus</span> 
     </span>
     <span class='ocr_line' id='line_1_25' title="bbox 545 2766 1578 2859; baseline 0.005 -25"><span class='ocrx_word' id='word_1_162' title='bbox 545 2794 564 2834; x_wconf 90' lang='lat' dir='ltr'>a</span> <span class='ocrx_word' id='word_1_163' title='bbox 584 2767 729 2836; x_wconf 84' lang='lat' dir='ltr'>secunda</span> <span class='ocrx_word' id='word_1_164' title='bbox 749 2766 992 2856; x_wconf 79' lang='lat' dir='ltr'>coniugatione,</span> <span class='ocrx_word' id='word_1_165' title='bbox 1014 2767 1146 2859; x_wconf 85' lang='lat' dir='ltr'>quando</span> <span class='ocrx_word' id='word_1_166' title='bbox 1164 2767 1351 2836; x_wconf 85' lang='lat' dir='ltr'>tribrachus</span> <span class='ocrx_word' id='word_1_167' title='bbox 1375 2771 1411 2836; x_wconf 88' lang='lat' dir='ltr'>in</span> <span class='ocrx_word' id='word_1_168' title='bbox 1424 2771 1578 2838; x_wconf 91' lang='lat' dir='ltr'>iambum</span> 
     </span>
     <span class='ocr_line' id='line_1_26' title="bbox 544 2870 1582 2964; baseline 0.004 -22"><span class='ocrx_word' id='word_1_169' title='bbox 544 2891 805 2955; x_wconf 75' lang='lat' dir='ltr'>transmutatur,</span> <span class='ocrx_word' id='word_1_170' title='bbox 828 2870 865 2937; x_wconf 88' lang='lat' dir='ltr'>id</span> <span class='ocrx_word' id='word_1_171' title='bbox 881 2890 929 2940; x_wconf 83' lang='lat' dir='ltr'>est</span> <span class='ocrx_word' id='word_1_172' title='bbox 941 2895 1018 2939; x_wconf 87' lang='lat' dir='ltr'>cum</span> <span class='ocrx_word' id='word_1_173' title='bbox 1036 2872 1289 2964; x_wconf 82' lang='lat' dir='ltr'>significationes</span> <span class='ocrx_word' id='word_1_174' title='bbox 1311 2876 1403 2942; x_wconf 84' lang='lat' dir='ltr'>verbi</span> <span class='ocrx_word' id='word_1_175' title='bbox 1424 2876 1524 2942; x_wconf 81' lang='lat' dir='ltr'>activi</span> <span class='ocrx_word' id='word_1_176' title='bbox 1546 2897 1582 2946; x_wconf 84' lang='lat' dir='ltr'>et</span> 
     </span>
     <span class='ocr_line' id='line_1_27' title="bbox 546 2977 1581 3069; baseline 0.002 -24"><span class='ocrx_word' id='word_1_177' title='bbox 546 2977 700 3045; x_wconf 86' lang='lat' dir='ltr'>neutralis</span> <span class='ocrx_word' id='word_1_178' title='bbox 715 2979 749 3044; x_wconf 89' lang='lat' dir='ltr'>in</span> <span class='ocrx_word' id='word_1_179' title='bbox 764 2977 938 3066; x_wconf 89' lang='lat' dir='ltr'>participia</span> <span class='ocrx_word' id='word_1_180' title='bbox 952 2979 1128 3067; x_wconf 87' lang='lat' dir='ltr'>praesentis</span> <span class='ocrx_word' id='word_1_181' title='bbox 1143 2980 1299 3068; x_wconf 86' lang='lat' dir='ltr'>temporis</span> <span class='ocrx_word' id='word_1_182' title='bbox 1316 2998 1581 3069; x_wconf 85' lang='lat' dir='ltr'>convertuntur,</span> 
     </span>
     <span class='ocr_line' id='line_1_28' title="bbox 547 3083 1583 3176; baseline 0.004 -26"><span class='ocrx_word' id='word_1_183' title='bbox 547 3083 647 3152; x_wconf 86' lang='lat' dir='ltr'>doceo</span> <span class='ocrx_word' id='word_1_184' title='bbox 675 3083 818 3168; x_wconf 88' lang='lat' dir='ltr'>docens,</span> <span class='ocrx_word' id='word_1_185' title='bbox 839 3107 935 3151; x_wconf 91' lang='lat' dir='ltr'>careo</span> <span class='ocrx_word' id='word_1_186' title='bbox 967 3104 1108 3168; x_wconf 73' lang='lat' dir='ltr'>orrens,</span> <span class='ocrx_word' id='word_1_187' title='bbox 1130 3085 1220 3174; x_wconf 80' lang='lat' dir='ltr'>rigeo</span> <span class='ocrx_word' id='word_1_188' title='bbox 1246 3086 1381 3176; x_wconf 83' lang='lat' dir='ltr'>rigens,</span> <span class='ocrx_word' id='word_1_189' title='bbox 1405 3085 1498 3153; x_wconf 77' lang='lat' dir='ltr'>laveo</span> <span class='ocrx_word' id='word_1_190' title='bbox 1526 3086 1583 3154; x_wconf 81' lang='lat' dir='ltr'>l&#39;a-</span> 
     </span>
     <span class='ocr_line' id='line_1_29' title="bbox 545 3187 1582 3274; baseline 0.003 -17"><span class='ocrx_word' id='word_1_191' title='bbox 545 3214 648 3273; x_wconf 82' lang='lat' dir='ltr'>vans,-</span> <span class='ocrx_word' id='word_1_192' title='bbox 670 3188 747 3258; x_wconf 82' lang='lat' dir='ltr'>sileo</span> <span class='ocrx_word' id='word_1_193' title='bbox 766 3188 889 3274; x_wconf 88' lang='lat' dir='ltr'>silens,</span> <span class='ocrx_word' id='word_1_194' title='bbox 913 3189 1002 3258; x_wconf 86' lang='lat' dir='ltr'>caleo</span> <span class='ocrx_word' id='word_1_195' title='bbox 1024 3187 1159 3273; x_wconf 88' lang='lat' dir='ltr'>calens,</span> <span class='ocrx_word' id='word_1_196' title='bbox 1181 3192 1285 3257; x_wconf 86' lang='lat' dir='ltr'>rubeo</span> <span class='ocrx_word' id='word_1_197' title='bbox 1308 3192 1438 3260; x_wconf 84' lang='lat' dir='ltr'>rubens·</span> <span class='ocrx_word' id='word_1_198' title='bbox 1462 3194 1510 3260; x_wconf 91' lang='lat' dir='ltr'>Ut</span> <span class='ocrx_word' id='word_1_199' title='bbox 1524 3197 1582 3260; x_wconf 93' lang='lat' dir='ltr'>lu-</span> 
     </span>
     <span class='ocr_line' id='line_1_30' title="bbox 549 3292 1587 3390; baseline 0.002 -28"><span class='ocrx_word' id='word_1_200' title='bbox 549 3292 762 3362; x_wconf 79' lang='lat' dir='ltr'>vcncus-si</span> <span class='ocrx_word' id='word_1_201' title='bbox 780 3295 882 3390; x_wconf 87' lang='lat' dir='ltr'>ruber</span> <span class='ocrx_word' id='word_1_202' title='bbox 900 3292 1050 3362; x_wconf 80' lang='lat' dir='ltr'>astrifero</span> <span class='ocrx_word' id='word_1_203' title='bbox 1067 3292 1216 3384; x_wconf 82' lang='lat' dir='ltr'>procedit</span> <span class='ocrx_word' id='word_1_204' title='bbox 1240 3318 1354 3385; x_wconf 87' lang='lat' dir='ltr'>vesper</span> <span class='ocrx_word' id='word_1_205' title='bbox 1375 3295 1519 3387; x_wconf 82' lang='lat' dir='ltr'>olympo.</span> <span class='ocrx_word' id='word_1_206' title='bbox 1536 3336 1587 3352; x_wconf 93' lang='lat'>-</span> 
     </span>
     <span class='ocr_line' id='line_1_31' title="bbox 548 3397 1585 3488; baseline 0.002 -22"><span class='ocrx_word' id='word_1_207' title='bbox 548 3399 592 3466; x_wconf 87' lang='lat' dir='ltr'>Et</span> <span class='ocrx_word' id='word_1_208' title='bbox 608 3397 773 3488; x_wconf 88' lang='lat' dir='ltr'>Vergilius</span> <span class='ocrx_word' id='word_1_209' title='bbox 784 3433 802 3447; x_wconf 92' lang='lat'>·</span> <span class='ocrx_word' id='word_1_210' title='bbox 815 3415 914 3465; x_wconf 86' lang='lat' dir='ltr'>vento</span> <span class='ocrx_word' id='word_1_211' title='bbox 927 3422 1056 3488; x_wconf 86' lang='lat' dir='ltr'>semper</span> <span class='ocrx_word' id='word_1_212' title='bbox 1071 3398 1169 3466; x_wconf 86' lang='lat' dir='ltr'>rubet</span> <span class='ocrx_word' id='word_1_213' title='bbox 1186 3422 1285 3465; x_wconf 90' lang='lat' dir='ltr'>aurea</span> <span class='ocrx_word' id='word_1_214' title='bbox 1299 3399 1443 3467; x_wconf 88' lang='lat' dir='ltr'>Phoebe.</span> <span class='ocrx_word' id='word_1_215' title='bbox 1452 3437 1499 3452; x_wconf 94' lang='lat'>·-</span> <span class='ocrx_word' id='word_1_216' title='bbox 1511 3403 1585 3469; x_wconf 87' lang='lat' dir='ltr'>Nec</span> 
     </span>
     <span class='ocr_line' id='line_1_32' title="bbox 551 3504 1585 3595; baseline 0.002 -24"><span class='ocrx_word' id='word_1_217' title='bbox 551 3529 571 3571; x_wconf 82' lang='lat' dir='ltr'>a</span> <span class='ocrx_word' id='word_1_218' title='bbox 593 3505 690 3572; x_wconf 89' lang='lat' dir='ltr'>tertia</span> <span class='ocrx_word' id='word_1_219' title='bbox 714 3504 941 3593; x_wconf 79' lang='lat' dir='ltr'>coniugatione</span> <span class='ocrx_word' id='word_1_220' title='bbox 963 3523 1113 3595; x_wconf 87' lang='lat' dir='ltr'>correpta</span> <span class='ocrx_word' id='word_1_221' title='bbox 1128 3506 1303 3595; x_wconf 87' lang='lat' dir='ltr'>participia</span> <span class='ocrx_word' id='word_1_222' title='bbox 1317 3505 1481 3572; x_wconf 86' lang='lat' dir='ltr'>venientia</span> <span class='ocrx_word' id='word_1_223' title='bbox 1502 3509 1585 3573; x_wconf 90' lang='lat' dir='ltr'>iam-</span> 
     </span>
     <span class='ocr_line' id='line_1_33' title="bbox 552 3611 1584 3704; baseline 0.001 -24"><span class='ocrx_word' id='word_1_224' title='bbox 552 3613 634 3680; x_wconf 87' lang='lat' dir='ltr'>bum</span> <span class='ocrx_word' id='word_1_225' title='bbox 656 3612 745 3704; x_wconf 90' lang='lat' dir='ltr'>gigni</span> <span class='ocrx_word' id='word_1_226' title='bbox 766 3611 934 3682; x_wconf 80' lang='lat' dir='ltr'>arbitror:</span> <span class='ocrx_word' id='word_1_227' title='bbox 957 3637 976 3677; x_wconf 92' lang='lat' dir='ltr'>a</span> <span class='ocrx_word' id='word_1_228' title='bbox 997 3629 1113 3703; x_wconf 79' lang='lat' dir='ltr'>quarta</span> <span class='ocrx_word' id='word_1_229' title='bbox 1132 3628 1241 3679; x_wconf 88' lang='lat' dir='ltr'>antem</span> <span class='ocrx_word' id='word_1_230' title='bbox 1258 3636 1420 3703; x_wconf 87' lang='lat' dir='ltr'>nusquam</span> <span class='ocrx_word' id='word_1_231' title='bbox 1446 3618 1584 3703; x_wconf 83' lang='lat' dir='ltr'>repperi</span> 
     </span>
     <span class='ocr_line' id='line_1_34' title="bbox 553 3707 1586 3809; baseline 0.003 -26"><span class='ocrx_word' id='word_1_232' title='bbox 553 3735 590 3783; x_wconf 92' lang='lat' dir='ltr'>ut</span> <span class='ocrx_word' id='word_1_233' title='bbox 605 3707 687 3808; x_wconf 71' lang='lat' dir='ltr'>&#39;puta</span> <span class='ocrx_word' id='word_1_234' title='bbox 699 3740 778 3809; x_wconf 89' lang='lat' dir='ltr'>gero</span> <span class='ocrx_word' id='word_1_235' title='bbox 797 3738 938 3807; x_wconf 83' lang='lat' dir='ltr'>gerens,</span> <span class='ocrx_word' id='word_1_236' title='bbox 961 3721 1054 3807; x_wconf 84' lang='lat' dir='ltr'>gemo</span> <span class='ocrx_word' id='word_1_237' title='bbox 1079 3739 1235 3808; x_wconf 88' lang='lat' dir='ltr'>gemens,</span> <span class='ocrx_word' id='word_1_238' title='bbox 1258 3732 1328 3784; x_wconf 86' lang='lat' dir='ltr'>tero</span> <span class='ocrx_word' id='word_1_239' title='bbox 1349 3733 1487 3800; x_wconf 85' lang='lat' dir='ltr'>terens,</span> <span class='ocrx_word' id='word_1_240' title='bbox 1508 3745 1586 3786; x_wconf 85' lang='lat' dir='ltr'>sero</span> 
     </span>
     <span class='ocr_line' id='line_1_35' title="bbox 551 3822 1585 3910; baseline 0.002 -19"><span class='ocrx_word' id='word_1_241' title='bbox 551 3848 686 3909; x_wconf 74' lang='lat' dir='ltr'>serena,</span> <span class='ocrx_word' id='word_1_242' title='bbox 707 3848 769 3891; x_wconf 90' lang='lat' dir='ltr'>ruo</span> <span class='ocrx_word' id='word_1_243' title='bbox 791 3847 912 3907; x_wconf 87' lang='lat' dir='ltr'>ruens,</span> <span class='ocrx_word' id='word_1_244' title='bbox 935 3842 1025 3892; x_wconf 85' lang='lat' dir='ltr'>struo</span> <span class='ocrx_word' id='word_1_245' title='bbox 1043 3841 1191 3910; x_wconf 87' lang='lat' dir='ltr'>struens,</span> <span class='ocrx_word' id='word_1_246' title='bbox 1214 3822 1265 3891; x_wconf 92' lang='lat' dir='ltr'>alo</span> <span class='ocrx_word' id='word_1_247' title='bbox 1285 3823 1400 3909; x_wconf 88' lang='lat' dir='ltr'>alens,</span> <span class='ocrx_word' id='word_1_248' title='bbox 1424 3824 1497 3894; x_wconf 89' lang='lat' dir='ltr'>colo</span> <span class='ocrx_word' id='word_1_249' title='bbox 1523 3853 1585 3893; x_wconf 90' lang='lat' dir='ltr'>co-</span> 
     </span>
     <span class='ocr_line' id='line_1_36' title="bbox 550 3925 1585 4020; baseline 0.006 -26"><span class='ocrx_word' id='word_1_250' title='bbox 550 3925 644 4011; x_wconf 91' lang='lat' dir='ltr'>lens,</span> <span class='ocrx_word' id='word_1_251' title='bbox 666 3951 739 3994; x_wconf 91' lang='lat' dir='ltr'>emo</span> <span class='ocrx_word' id='word_1_252' title='bbox 759 3951 887 4013; x_wconf 81' lang='lat' dir='ltr'>emens,</span> <span class='ocrx_word' id='word_1_253' title='bbox 910 3928 983 4020; x_wconf 87' lang='lat' dir='ltr'>lego</span> <span class='ocrx_word' id='word_1_254' title='bbox 1002 3928 1139 4019; x_wconf 79' lang='lat' dir='ltr'>legens,</span> <span class='ocrx_word' id='word_1_255' title='bbox 1161 3954 1274 4019; x_wconf 87' lang='lat' dir='ltr'>premo</span> <span class='ocrx_word' id='word_1_256' title='bbox 1294 3953 1473 4018; x_wconf 83' lang='lat' dir='ltr'>premens,</span> <span class='ocrx_word' id='word_1_257' title='bbox 1498 3956 1585 4000; x_wconf 85' lang='lat' dir='ltr'>cano</span> 
     </span>
     <span class='ocr_line' id='line_1_37' title="bbox 542 4033 1577 4129; baseline 0.006 -30"><span class='ocrx_word' id='word_1_258' title='bbox 542 4056 670 4102; x_wconf 87' lang='lat' dir='ltr'>canens.</span> <span class='ocrx_word' id='word_1_259' title='bbox 695 4033 818 4102; x_wconf 88' lang='lat' dir='ltr'>Omnia</span> <span class='ocrx_word' id='word_1_260' title='bbox 840 4036 941 4126; x_wconf 88' lang='lat' dir='ltr'>igitur</span> <span class='ocrx_word' id='word_1_261' title='bbox 964 4035 1097 4102; x_wconf 86' lang='lat' dir='ltr'>nomina</span> <span class='ocrx_word' id='word_1_262' title='bbox 1119 4060 1175 4104; x_wconf 86' lang='lat' dir='ltr'>seu</span> <span class='ocrx_word' id='word_1_263' title='bbox 1199 4036 1300 4104; x_wconf 87' lang='lat' dir='ltr'>verba</span> <span class='ocrx_word' id='word_1_264' title='bbox 1322 4033 1374 4103; x_wconf 87' lang='lat' dir='ltr'>vel</span> <span class='ocrx_word' id='word_1_265' title='bbox 1399 4038 1577 4129; x_wconf 85' lang='lat' dir='ltr'>participia</span> 
     </span>
    </p>
   </div>
   <div class='ocr_carea' id='block_1_6' title="bbox 0 0 1701 5204">
    <p class='ocr_par' dir='ltr' id='par_1_6' title="bbox 0 0 1701 5204">
     <span class='ocr_line' id='line_1_38' title="bbox 0 0 1701 5204; baseline 0 0"><span class='ocrx_word' id='word_1_266' title='bbox 0 0 1701 5204; x_wconf 95' lang='lat' dir='ltr'> </span> 
     </span>
    </p>
   </div>
  </div>
 </body>
</html>
