3382 5206
606 590 837 646 casuusrscs
860 592 907 641 rr
930 591 1096 642 nrrrrca.
1281 570 1345 659 543

332 701 377 766 tia
405 702 583 788 congerere
610 718 684 762 non
700 693 808 784 pigeat
829 691 889 759 ·M·
912 691 1076 762 Nomina,
1105 716 1189 785 quae
1212 693 1365 763 iambicis

332 806 462 896 legibus
480 818 705 871 concurrunt,
733 800 814 869 baec
838 825 904 868 esse
920 816 1118 884 noscuntur,
1141 819 1178 869 ut
1193 800 1295 870 siler,
1314 826 1367 871 se-

333 936 396 980 nes
412 961 423 995 ,
441 908 549 993 calix,
577 908 689 991 cales,
715 931 816 996 aper,
836 905 919 974 later
936 955 947 990 ,
966 923 1060 973 tenax
1074 955 1085 989 ,
1100 928 1221 997 rapax,
1245 905 1366 1000 fugax,

327 1040 425 1109 sagas
441 1064 452 1099 ,
469 1038 610 1105 procax,
630 1015 763 1096 minas,
785 1011 891 1096 edax,
915 1036 1028 1098 emax,
1054 1018 1143 1082 varix
1163 1013 1253 1082 unde
1276 1015 1364 1081 vari·

335 1145 426 1188 cosus
448 1117 570 1185 dicitur
588 1119 646 1209 qui
668 1117 832 1184 varicibus
849 1117 885 1183 id
909 1135 956 1184 est
970 1121 1120 1188 tortuosis
1135 1143 1295 1188 venarum
1309 1142 1364 1185 an·

333 1224 492 1293 sraotibus
516 1224 550 1288 in
569 1221 692 1311 poplite
712 1241 744 1289 et
765 1225 848 1291 suris
867 1224 1040 1315 pulparum
1063 1224 1286 1304 deformaturt
1303 1222 1364 1290 tri·

332 1327 413 1413 lex,
442 1329 585 1420 triplex,
608 1327 719 1411 salex,
743 1327 863 1412 cules,
884 1346 918 1395 ut
932 1328 1110 1418 Virgilium
1133 1327 1295 1395 distichon
1312 1328 1362 1394 fe-

329 1439 416 1504 cisse
440 1438 672 1504 commentaria
704 1433 932 1501 declarant-
947 1459 1049 1525 parve
1077 1433 1169 1501 cules
1200 1434 1364 1523 pecudum

336 1560 441 1611 custos
462 1544 522 1608 tibi
540 1541 603 1607 tale
623 1540 762 1605 merenti
772 1536 948 1606 -funeris
961 1540 1105 1606 olllcium
1120 1541 1204 1607 vitae
1218 1563 1280 1630 pro
1296 1563 1364 1605 ntu-

339 1674 416 1717 nere
441 1645 802 1716 reddit.-Scanditur
817 1646 882 1728 its,
901 1668 1042 1736 parvecu
1054 1693 1065 1728 ,
1079 1644 1130 1712 ler
1145 1669 1248 1734 pecu,
1263 1644 1362 1713 dum·

336 1781 376 1820 cn
393 1753 564 1839 ,stostibi,
586 1751 728 1836 taleme,
745 1753 850 1829 renti;
866 1749 966 1818 ethic
988 1773 1097 1818 versus
1115 1748 1284 1817 bucolicus
1300 1774 1357 1821 vo·

338 1879 455 1937 saturet
481 1856 570 1926 ferox
585 1910 595 1943 ,
618 1858 729 1942 ferar,
750 1883 893 1949 sequax,
907 1855 1025 1949 loquar
1039 1906 1050 1942 ,
1065 1880 1203 1947 procax,
1219 1880 1337 1946 parens
1352 1905 1364 1939 ,

336 1964 515 2058 frequens,
535 1991 668 2050 recem,
692 1964 812 2047 cliens,
834 1962 938 2049 lides,
953 1963 1041 2048 dies,
1064 1961 1171 2031 salus:
1190 1961 1283 2051 palus
1298 1986 1360 2053 pa·

336 2071 422 2137 ludis
435 2072 460 2138 si
475 2074 589 2140 tertiae
604 2070 827 2139 declinationis
840 2068 960 2153 suerit,
979 2068 1020 2135 ad
1036 2069 1182 2135 iambum
1195 2070 1362 2158 pertinere

338 2175 427 2240 band
442 2175 579 2241 dubium
596 2159 655 2243 est.
678 2177 722 2244 Ut
736 2171 901 2266 Vergilius
913 2171 1000 2242 libro
1014 2175 1085 2242 ·Vl·
1099 2209 1145 2226 -
1158 2175 1281 2271 gemuit
1298 2175 1362 2247 ,sub

336 2282 480 2369 pondere
497 2284 616 2375 cymba
629 2281 731 2350 sutilis
745 2331 756 2365 ,
771 2299 804 2348 ct
818 2280 953 2347 multam
969 2280 1096 2370 accepit
1119 2282 1240 2348 rimosa
1261 2278 1361 2373 paln-

302 2394 307 2405 '
337 2386 424 2452 dem.
438 2387 553 2454 -Ast
572 2412 651 2455 vero
663 2388 690 2453 si
711 2384 852 2455 secunda
868 2382 1085 2453 declinatione
1103 2386 1265 2477 genitivus
1279 2386 1315 2453 in
1330 2387 1363 2452 οἱ·

337 2491 593 2576 terminabitur,
614 2491 789 2558 trochaicis
804 2489 932 2583 legibus
946 2489 1009 2555 rite
1036 2491 1302 2579 mancipabitur,
1326 2508 1363 2557 ut

335 2594 390 2662 ille
406 2595 567 2665 versificus
582 2599 718 2686 septimo
739 2596 868 2663 divinae
885 2594 965 2685 legis
978 2592 1066 2661 libro
1089 2594 1130 2664 de
1151 2594 1256 2686 pelice
1271 2593 1363 2663 bau-

337 2700 472 2767 dulenta
488 2704 695 2791 sampsonis,
711 2727 795 2793 quae
815 2698 954 2767 subdola
978 2698 1137 2787 pelicatus
1152 2702 1364 2789 persuasione

334 2828 516 2896 synagogae
538 2824 650 2899 typum
669 2805 848 2898 praetulit,
871 2805 1040 2888 eleganter
1056 2805 1210 2873 cecinisse
1234 2828 1362 2873 memo·

336 2927 426 2977 ratur
454 2913 621 2980 ‹licens-
636 2938 787 3003 suspensa
813 2913 914 2980 nectit
938 2911 1051 2978 dextra
1080 2909 1227 3001 palisque
1258 2912 1360 2978 relle-

336 3034 435 3084 ctens.
461 3021 503 3085 Et
530 3017 614 3086 infra
635 3019 791 3104 exiliens,
808 3020 943 3110 inquit,
970 3018 1067 3085 reicit
1098 3016 1189 3108 palos
1217 3017 1363 3085 crinem·

334 3146 399 3209 qne
413 3121 563 3190 renodat.
574 3123 798 3211 -Quaedam
812 3125 910 3192 etiarn
925 3123 1026 3190 verba
1040 3139 1106 3188 tam
1120 3123 1245 3212 primae
1263 3145 1364 3213 quarn

333 3225 495 3295 secundae
522 3229 754 3319 coniugationis
781 3229 892 3297 iambo
919 3227 1117 3297 conveniunt
1152 3227 1189 3291 in
1217 3225 1363 3293 secunda

315 3357 470 3421 -persona
493 3357 628 3402 numero
642 3334 821 3426 singulari,
842 3333 1019 3402 indicativo
1033 3351 1066 3400 et
1080 3333 1275 3423 imperativo
1289 3354 1363 3400 mo-

336 3437 400 3521 do,
430 3458 465 3504 ut
481 3464 568 3506 amas
590 3464 688 3523 ama,
711 3458 805 3530 putas
820 3459 925 3531 puta,
947 3463 1042 3530 paras
1061 3463 1165 3529 para,
1187 3462 1260 3506 tras
1277 3463 1361 3522 ars,

329 3569 419 3612 secas
446 3570 545 3628 seca,
568 3571 663 3614 necas
694 3571 799 3631 neca,
827 3570 921 3615 vocas
943 3570 1045 3629 voca,
1072 3545 1159 3612 locas
1180 3544 1262 3613 loca.
1278 3546 1362 3613 Item

338 3651 377 3718 de
401 3652 543 3720 secunda
569 3654 796 3745 coniugatione
823 3652 1014 3719 tantundem
1038 3652 1297 3742 repperiuntur,
1323 3669 1361 3721 nt

336 3756 433 3826 doces
456 3758 564 3843 doce,
588 3781 696 3825 moves
719 3781 839 3842 more,
861 3760 947 3847 viges
963 3758 1061 3847 vige,
1084 3757 1169 3848 riges
1192 3756 1287 3846 rige,
1309 3781 1364 3846 pa·

337 3877 384 3929 tes
409 3879 509 3953 pate,
535 3863 622 3930 unde
645 3863 832 3929 inchoativa
848 3861 953 3929 forma
975 3879 1129 3953 patesce,
1152 3880 1242 3929 tenes
1265 3878 1364 3946 tenc,

335 3969 429 4037 times
445 3973 547 4056 tinae,
565 3994 656 4038 cares
669 3995 769 4056 care,
792 3960 886 4038 caves
902 3994 981 4039 cave
997 4018 1007 4053 ,
1025 3967 1133 4037 studes
1150 3967 1268 4053 stude,
1295 3992 1362 4051 nas·

335 4098 392 4143 nes
416 4098 537 4162 mane,
562 4075 643 4144 lates
666 4074 742 4144 late.
771 4074 837 4145 Sed
858 4092 993 4166 accepta
1012 4070 1189 4167 loquellari
1206 4075 1365 4164 positione
