3382 5206
746 595 791 642 nt
815 591 942 641 ΗΜΘ.

1269 564 1337 665 3¹7

267 706 276 735 '
325 731 358 770 aaa
377 712 479 769 numeri
498 709 623 784 pluralis.
643 704 763 758 nltimam
781 701 822 755 tir·
877 699 915 751 iia
950 698 1106 772 imperativo
1131 697 1209 758 modo
1240 702 1367 771 tempori&

327 816 410 861 teram
427 803 457 857 in
478 821 516 855 σο·
539 803 697 853 convertunt
712 828 720 850 ‚
735 801 764 858 et
782 789 822 843 in-
874 788 1021 859 praessntis
1037 787 1064 841 in
1073 786 1188 841 munda
1197 785 1307 859 persona
1317 807 1367 843 nn·

327 890 447 946 dimin,
463 885 541 943 modo
559 882 685 954 temporis
700 893 821 950 praesen·
875 874 941 928 meri
959 873 1101 943 singularis
1110 890 1159 927 ue·
1175 873 1304 943 syllabam
1321 892 1369 928 ae-

329 979 367 1035 ti,
386 977 498 1051 primm
514 987 651 1046 porsonam
661 963 823 1022 numisio-
875 962 1176 1034 cipiunt.etinfinitun
1185 964 1292 1019 nodum
1303 974 1368 1018 teta-

330 1063 429 1135 gniaris
459 1061 614 1116 ostendunt·
650 1055 729 1109 Nune
759 1067 822 1104 eum
876 1048 948 1124 poris
976 1051 1214 1122 praesentimus
1227 1051 1368 1125 qualitatis

329 1151 575 1210 dieatTmntina.
595 1143 676 1218 coqui
692 1140 821 1196 fartores.
875 1136 1030 1192 ostendunt.
1065 1137 1143 1194 Nune
1187 1154 1248 1194 eum
1288 1139 1364 1193 ‹ticat

327 1251 357 1296 et
382 1251 491 1297 catera.
518 1237 614 1307 utique
645 1233 697 1286 iam
721 1247 822 1300 eoquo,
875 1224 1010 1294 vergilius
1036 1225 1196 1299 imperativo
1216 1227 1369 1297 nodosus·

329 1348 382 1384 non
400 1346 479 1383 eoeo.
503 1325 590 1379 faeere
612 1317 806 1394 pronuntiavit·
878 1330 938 1380 gere
956 1314 1009 1369 tela
1026 1314 1113 1374 nitri.
1130 1326 1158 1370 et
1184 1315 1268 1370 insere
1298 1333 1372 1371 nune

276 1396 280 1403 .
364 1415 531 1485 Quaeritur.
546 1410 643 1483 quade
664 1422 743 1460 eausa
759 1403 825 1456 Ver·
880 1402 1009 1458 Meliboee
1026 1420 1108 1475 pyros
1117 1401 1237 1477 ‚tutique
1254 1401 1307 1456 iam
1326 1402 1371 1457 in-

330 1503 410 1572 assius
432 1539 440 1567 ‚
465 1501 534 1570 tngo
565 1495 685 1569 correpte
706 1511 824 1567 pronun·
880 1489 957 1544 finito
976 1490 1053 1545 modo
1077 1489 1201 1562 temporis
1224 1489 1371 1561 praesentis

333 1591 412 1645 tiarit
425 1587 437 1642 i
450 1591 508 1643 flac
527 1590 561 1642 ds
578 1603 673 1642 causa.
700 1581 826 1653 quoniam
880 1594 1017 1647 suggerere
1033 1587 1061 1632 et
1080 1575 1204 1634 inserere,
1222 1574 1370 1648 faeerepro

332 1679 421 1733 omnia
439 1678 520 1732 verba
536 1676 632 1730 tertiae
657 1671 825 1740 coniugatio·
882 1665 1029 1721 nuntiarit.

333 1766 375 1819 nis
392 1775 544 1836 correptae.
567 1760 645 1816 modo
670 1755 827 1830 imperativo
915 1755 1077 1826 Quaeritur,
1096 1762 1151 1826 qua
1168 1753 1202 1808 ds
1219 1768 1299 1806 eam
1309 1770 1373 1825 pro·

335 1851 459 1923 temporis
482 1847 654 1920 praesentis.
686 1845 826 1899 secundam

332 1955 469 2010 personam
489 1935 589 1988 numeri
616 1931 740 2006 pluralis.
767 1948 826 1983 eor-

335 2024 449 2096 ripiunt·

370 2111 530 2183 Quaeritur,
548 2126 602 2178 qua
624 2107 747 2159 decausa
766 2104 828 2157 Ver·

336 2198 415 2267 pilius
430 2235 437 2255 ‚
455 2196 558 2268 potitur
577 2204 696 2265 correpte
713 2209 828 2263 pronun·

339 2281 437 2340 uariat
454 2284 524 2353 Quia
542 2299 725 2354 quaecamque
749 2279 828 2334 uerba

337 2374 416 2428 modo
435 2373 596 2428 indicativo.
617 2370 740 2442 temporis
754 2386 827 2441 prae

337 2462 438 2516 sentis.
459 2461 487 2514 iu
500 2460 615 2514 secunda
634 2477 747 2530 persona
777 2476 828 2511 nu-

338 2548 404 2602 meri
413 2548 555 2619 singularis
565 2584 572 2605 .
582 2546 710 2618 producto
720 2557 830 2599 accentu

341 2638 550 2711 pronuntiantur
562 2674 569 2695 .
589 2636 654 2688 haee
671 2647 699 2689 et
712 2637 739 2688 iu
752 2635 832 2691 tertia

340 2741 450 2796 persona
472 2723 589 2777 eiusdem
614 2723 715 2777 numeri
741 2722 832 2776 eodem

341 2819 452 2863 aooentn
465 2810 684 2880 pronuntiantur·
703 2809 753 2861 Sed
768 2810 833 2879 quia

340 2896 407 2950 haee
426 2897 494 2950 ratio
513 2914 635 2950 sonmunr
654 2907 710 2952 est.
728 2894 777 2948 hoe
806 2895 834 2947 in

343 2982 416 3037 souis
435 2994 606 3054 conpetenter
626 2981 809 3037 tractabimus.

378 3070 541 3139 Quaeritur.
560 3088 615 3139 qua
630 3070 662 3122 de
678 3087 757 3121 eausa
769 3068 836 3121 ride·

341 3171 370 3208 re
396 3156 528 3225 producto
556 3166 664 3209 accentu
686 3154 836 3226 pronuntie-

346 3239 416 3295 tur?
435 3243 490 3294 liae
520 3244 553 3296 de
582 3261 679 3301 causa.
711 3241 836 3312 quoniam

345 3332 433 3384 omnia
452 3331 532 3386 verba
555 3331 686 3384 secundae
710 3331 836 3397 coniuga-

344 3420 438 3477 tiouis.
446 3422 578 3490 praesenti
587 3430 701 3490 tempore
712 3420 783 3472 modi
799 3420 836 3470 iu-

344 3508 433 3564 finiti,
459 3518 487 3560 et
505 3508 592 3578 speeie
618 3508 760 3578 inperfecta
785 3523 838 3560 mo·

344 3595 373 3647 di
405 3593 520 3665 optativi
533 3605 560 3647 et
581 3596 766 3652 coniunctivi.
791 3615 838 3647 ne-

346 3699 416 3735 eesse
434 3693 474 3736 est
494 3693 523 3734 ut
543 3683 733 3753 producuntur.

381 3770 544 3839 Quaeritur,
564 3771 670 3840 quade
695 3789 775 3824 eausa
796 3773 839 3823 in-

880 1840 987 1900 hnuto.
1015 1853 1044 1896 et
1060 1860 1114 1896 nora
1131 1839 1299 1914 probabuuto
1313 1838 1374 1899 ,ia-

881 1946 940 1984 cere
965 1924 1111 1984 rideatur?
1133 1929 1190 1982 Hae
1208 1928 1242 1983 de
1270 1929 1371 1986 ausa.

881 2018 1005 2088 quoniam
1018 2017 1112 2071 nodus
1130 2017 1293 2072 indicativus
1311 2029 1373 2073 tem·

882 2106 953 2178 poris
971 2104 1149 2178 praeseutiaa
1172 2105 1292 2178 qualibet
1310 2124 1376 2177 qua·

882 2194 960 2250 litate
981 2211 1014 2247 ex
1037 2193 1121 2265 prima
1145 2213 1254 2266 persona
1274 2196 1376 2249 numeri

883 2279 1025 2349 singularis
1044 2297 1078 2334 ·e·
1103 2281 1227 2335 ultimum
1255 2281 1376 2338 omittit.

883 2379 911 2421 et
930 2378 1015 2421 uento·
1034 2367 1138 2422 litteras
1163 2368 1279 2440 accipit.
1298 2378 1326 2421 et
1336 2367 1378 2419 fn-

887 2470 975 2512 turum
999 2468 1102 2530 tempus
1129 2458 1202 2513 nodi
1229 2457 1379 2530 imperativi

887 2542 981 2596 tertiae
1006 2559 1131 2615 personae
1157 2542 1260 2596 numeri
1286 2542 1379 2613 plura·

886 2632 918 2685 lis
945 2632 1071 2686 ostendit

922 2719 1082 2789 Quaeritur.
1114 2736 1168 2790 qua
1191 2720 1226 2773 de
1240 2736 1321 2773 eausa
1344 2737 1384 2776 te»

888 2806 931 2858 eui
945 2845 951 2866 .
969 2820 996 2861 et
1007 2818 1060 2861 aon
1071 2806 1146 2877 sequi
1159 2803 1302 2865 ‚dicaturi
1325 2807 1382 2860 Hae

890 2894 922 2948 de
944 2913 1045 2953 eausa.
1063 2895 1189 2964 quoniam
1202 2908 1385 2967 quaeeunque

892 2983 970 3037 verba
990 2984 1067 3037 ruodo
1088 2983 1234 3039 indicativo
1260 2989 1385 3057 temporis

891 3074 1051 3143 praesentis.
1071 3072 1098 3125 in
1118 3075 1202 3144 prima
1212 3091 1323 3144 persona
1337 3092 1385 3127 uu·

890 3159 954 3211 meri
974 3160 1117 3227 singularis
1130 3172 1191 3217 ante
1206 3181 1242 3215 ·o·
1261 3161 1385 3215 ultimum

893 3262 928 3295 ·e·
949 3246 1064 3299 litteram
1088 3245 1189 3300 haberit
1203 3248 1390 3306 constitutam,

892 3334 957 3385 haee
977 3335 1004 3387 in
1022 3334 1112 3389 eudem
1131 3335 1207 3389 nodo
1225 3336 1312 3406 specie
1328 3355 1387 3407 per·

894 3419 962 3471 fecta
981 3439 1011 3472 ex
1034 3422 1118 3492 primu
1145 3412 1256 3492 persona
1283 3424 1385 3477 numeri

893 3506 1035 3573 singularis
1048 3526 1193 3578 numquam
1209 3508 1277 3578 ·qui·
1305 3510 1387 3580 sylia-

895 3594 930 3646 ba
947 3597 1119 3651 definiuntur.

932 3685 1076 3754 Quaeritur
1088 3721 1095 3741 .
1108 3703 1161 3756 qua
1176 3687 1209 3740 de
1219 3703 1298 3740 eausa
1310 3688 1369 3741 aeui
1381 3725 1389 3746 ‚

895 3785 923 3827 et
933 3791 984 3825 non
994 3773 1068 3841 aqui.
1081 3773 1187 3828 dicetur
1196 3771 1208 3825 i
1218 3775 1274 3827 liae
1286 3774 1320 3827 de
1329 3791 1389 3834 eau-

346 3857 424 3913 flnito
442 3859 520 3912 modo
538 3875 661 3928 suggere,
679 3871 707 3913 et
727 3861 840 3914 inserere
896 3880 948 3927 sa,
966 3864 1091 3932 quoniam
1111 3881 1293 3934 quaecumque
1311 3862 1392 3925 verba

348 3943 474 4000 dicatur?
492 3945 550 3999 Hae
580 3947 614 4001 ds
643 3965 743 4007 eausa.
771 3968 840 4019 quo-
896 3949 974 4003 modo
996 3949 1143 4004 indicativo
1165 3952 1289 4022 temporis
1315 3969 1393 4023 prae-
1416 4004 1419 4009 ,

349 4034 422 4092 aiam
439 4035 520 4094 rerba
539 4035 627 4095 activa
654 4038 711 4092 sive
730 4049 840 4094 nautea·
896 4037 980 4092 santis
1007 4057 1061 4094 ·uo·
1076 4038 1173 4096 litteria
1192 4040 1314 4111 disermis
1331 4042 1394 4095 defi.
