3382 5206
672 623 718 669 Μ
743 620 1028 671 centunculum.

282 803 291 811 ι
327 736 403 808 simp·
421 744 513 789 autem
534 731 613 811 simp·
631 743 721 784 tamen
741 732 816 800 simp.

322 842 407 895 porro
427 841 506 894 simp.

458 996 488 1053 6.
508 1013 544 1052 ns
558 1011 684 1051 orosam·

328 1117 480 1233 Causslis
498 1168 595 1241 speciei
619 1164 817 1223 coniunctiones

331 1272 394 1316 sunt
420 1276 529 1313 numero
551 1257 647 1326 viginti
676 1265 819 1326 quattuor:

329 1351 355 1399 ei
372 1348 450 1419 simp.
470 1348 524 1398 etsi
536 1361 620 1415 comp·
639 1345 721 1397 etiam
736 1357 818 1411 comp.

326 1436 432 1487 etiamsi
451 1450 536 1502 comp.
553 1432 661 1482 tametsi
685 1444 768 1497 comp.
793 1429 819 1478 si

328 1535 414 1576 tumen
445 1538 529 1591 corup-
569 1517 706 1591 siquidem
734 1533 819 1587 comp·

334 1610 449 1684 quondo
482 1625 558 1678 simp.
590 1603 817 1679 qreandoquidem

328 1709 560 1771 comp-quatenus
569 1695 729 1765 comp-quin
738 1691 817 1762 simp.

328 1789 372 1839 ein
390 1797 483 1837 autem
494 1799 576 1853 comp.
596 1784 621 1833 si
639 1782 719 1832 etiam
734 1795 819 1850 comp.

328 1892 375 1927 seu
394 1873 471 1944 simp.
489 1873 544 1923 σίνε
557 1887 641 1940 comp.
655 1885 718 1920 iram
739 1866 818 1938 simp.

329 1979 448 2033 namque
477 1976 562 2029 comp.
579 1961 611 2010 ni
628 1957 704 2027 simp.
723 1957 821 2009 nisisi

328 2065 414 2121 uomp.
428 2047 478 2102 aed
492 2046 720 2117 simppruetereu
735 2060 821 2114 eomp-

445 2237 471 2295 7·
490 2236 526 2274 ne
546 2234 705 2274 serronem·

334 2339 512 2452 Rationalis
528 2391 627 2465 spetiei
655 2389 823 2467 coniunctio·

333 2499 378 2535 nes
404 2490 469 2534 sunt
501 2497 609 2533 numero
640 2479 738 2546 viginti
770 2490 823 2532 tres

335 2570 408 2622 hue:
436 2571 608 2642 quamobrem
636 2585 720 2639 comp.
737 2587 822 2639 prae·

337 2661 432 2711 sertim
452 2674 538 2729 comp.
557 2661 619 2710 item
647 2658 725 2729 simp.
742 2660 823 2710 item-

334 2765 389 2819 que
399 2764 482 2818 comp.
491 2749 532 2798 ita
544 2746 623 2817 simp.
632 2747 728 2819 itaque
739 2763 824 2816 comp.

329 2835 398 2906 quia
418 2851 502 2904 comp·
516 2836 647 2906 quostiam
658 2851 741 2904 comp.
756 2851 822 2904 quo·

333 2921 520 2992 triamquidem
552 2937 637 2990 comp·
655 2931 824 2992 quapropter

331 3001 420 3080 compi
432 3027 599 3083 quamquem
619 3027 703 3080 comp·
723 3011 823 3080 quippe

334 3101 412 3170 simp.
443 3097 554 3169 adquin
586 3115 670 3169 comp,
695 3098 825 3171 alioquin

332 3202 416 3255 comp·
434 3186 504 3237 enim
522 3183 598 3254 simp.
622 3185 721 3236 etenim
740 3201 824 3254 comp.

330 3275 466 3325 enimvero
486 3288 571 3340 comp.
591 3289 656 3342 ergo
676 3271 752 3341 simp.
761 3271 824 3322 ideo

332 3378 415 3432 comp.
425 3362 517 3431 igitur
531 3375 614 3429 comp.
623 3361 730 3410 scilicet
742 3377 825 3429 comp.

333 3462 454 3502 ceterum
480 3447 557 3518 simp·
573 3459 719 3517 propterea
741 3465 824 3518 comp·

335 3540 402 3592 Sane
419 3540 470 3592 hoc
498 3555 650 3594 monemus.
678 3539 751 3607 quod
775 3539 825 3592 hae

336 3641 388 3682 tres
406 3625 603 3679 coniunctiones
618 3625 646 3676 id
674 3635 714 3678 est
738 3630 825 3684 enim,

334 3714 433 3765 etenim
449 3747 457 3768 ,
475 3713 633 3769 enimvero,
659 3722 687 3763 et
713 3715 827 3767 causalis

335 3800 434 3872 speciei
448 3799 579 3852 retineant
589 3810 761 3870 potestatem:
780 3804 828 3855 sed

335 3906 390 3958 qua
411 3887 444 3939 de
463 3903 557 3942 causa.
582 3887 632 3940 hae
660 3888 830 3958 supradictae

337 3984 392 4027 tres
412 3971 610 4026 coniunctiones
628 3985 657 4027 et
686 3976 830 4029 causalium

335 4061 456 4117 habeant
474 4071 645 4132 potestaten,
671 4063 721 4118 hoc
740 4063 768 4119 in
786 4082 831 4120 so-

1262 596 1333 692 ²⁶9

875 730 918 784 nis
940 727 1121 783 tractabimus·
1140 728 1297 787 Itemsuut‚
1316 731 1364 801 qni

868 820 982 886 figurate
1000 816 1110 886 legerint
1128 821 1205 882 aine,
1220 830 1248 873 et
1264 829 1360 891 putent

869 905 1082 960 coniunctionem
1100 920 1156 958 esse
1182 904 1360 971 rationalem

868 1009 951 1063 quare
967 991 1018 1045 hoc
1035 1008 1189 1049 monemus.
1207 990 1280 1062 quod
1297 995 1357 1046 sine

869 1097 1013 1150 numquam
1032 1096 1080 1151 pro
1098 1078 1284 1134 coniunctione
1312 1096 1359 1133 ve-

870 1168 930 1222 niat
948 1167 977 1220 in
994 1164 1159 1222 orationem.
1184 1175 1213 1219 et
1229 1183 1284 1219 non
1309 1182 1358 1219 ne-

870 1271 941 1308 cesse
950 1263 990 1307 est
1011 1252 1123 1307 eandem
1142 1253 1212 1308 inter
1236 1254 1361 1309 coniunc-

872 1344 957 1399 tiones
976 1341 1117 1396 inmittere·

1005 1512 1033 1569 8.
1052 1530 1090 1569 or
1111 1531 1224 1577 oanrss.

871 1632 978 1749 Ordo
985 1689 1180 1748 coniunctionis
1188 1700 1244 1748 est.
1254 1707 1308 1762 quo
1319 1706 1362 1761 sp·

870 1788 966 1850 parent
977 1778 1190 1835 coniunctiones.
1212 1794 1362 1847 quaeprse-

870 1867 934 1939 poni
947 1867 1062 1921 debeant
1074 1877 1179 1920 tantum
1191 1902 1198 1924 .
1216 1882 1286 1934 quae
1296 1863 1361 1918 sub·

873 1955 965 2023 iungi3
996 1973 1065 2026 quse
1089 1954 1218 2028 praeponi
1244 1966 1272 2009 et
1297 1953 1365 2008 sub·

874 2043 957 2112 iungi.

894 2134 1094 2204 Praeponuutur
1106 2131 1304 2187 coniunctiones
1312 2147 1365 2185 nu-

874 2239 944 2275 mero
962 2231 1022 2275 octo
1039 2221 1089 2274 hae
1109 2231 1228 2274 tantum:
1245 2233 1293 2278 at,
1311 2238 1363 2277 ac.

872 2325 929 2366 ast.
956 2310 1034 2365 sive.
1052 2325 1118 2364 seu.
1135 2309 1201 2365 vel.
1226 2310 1288 2366 sin.
1319 2310 1364 2359 ain

872 2408 970 2450 auum.
983 2394 1185 2462 subiunguntur
1202 2393 1366 2449 coniunctio·

873 2503 919 2539 nes
938 2502 1045 2538 numero
1056 2483 1176 2553 quinque
1185 2481 1235 2534 hae
1246 2493 1365 2537 tantum:

874 2593 926 2633 ve,
953 2592 1026 2647 que.
1050 2584 1162 2631 autem.
1179 2573 1252 2623 enim
1270 2606 1278 2626 ‚
1296 2588 1370 2642 quo·

874 2679 938 2734 que·
958 2659 996 2714 At
1009 2676 1070 2713 vero
1083 2668 1280 2729 praeponuntur
1288 2667 1316 2709 ot
1324 2673 1368 2708 su·

875 2748 1040 2815 biunguntur
1059 2746 1111 2799 iam
1130 2757 1232 2799 ceterae
1244 2743 1368 2799 coniunc-

877 2838 988 2893 tiones.
1030 2834 1146 2906 exeeptis
1182 2834 1284 2888 seilicet
1316 2831 1367 2885 illis

877 2942 946 2995 quae
963 2934 1162 2995 praeponuntur
1182 2934 1305 2979 tuntum.
1329 2923 1370 2977 vel

876 3010 1053 3066 subiciuntur·
1065 3012 1165 3062 Putant
1175 3009 1295 3080 quidam.
1306 3027 1369 3061 nam

878 3099 1094 3167 coniunctionem
1109 3099 1236 3170 praeponi
1255 3108 1370 3152 tantum·

878 3189 955 3243 modo
973 3197 1108 3259 oporteret:
1128 3188 1213 3257 quisi
1228 3205 1305 3242 sonos
1317 3205 1371 3241 sen·

879 3277 950 3331 siant
961 3313 968 3335 .
980 3276 1132 3343 intellegent
1157 3296 1219 3330 nam
1243 3276 1371 3330 coniunc-

877 3368 975 3420 tionem
992 3366 1194 3419 etsubiunctam
1204 3367 1307 3437 pondus
1316 3383 1372 3437 pos·

878 3455 1001 3508 sessionis
1019 3454 1162 3507 sustinere:
1184 3473 1237 3523 quo
1256 3472 1321 3508 sono
1346 3464 1374 3507 et

879 3543 1010 3610 Vergilius
1037 3543 1146 3595 eandem
1168 3542 1310 3596 subiunxit
1333 3542 1374 3594 di·

878 3648 939 3684 cens
957 3659 971 3670 ·
996 3631 1077 3684 solam
1102 3647 1163 3681 rrum
1188 3629 1302 3700 perfidus
1331 3628 1374 3680 ille

881 3730 907 3772 te
934 3718 1044 3772 colere·
1058 3749 1066 3766 ·
1082 3719 1116 3770 Et
1135 3716 1196 3769 ideo
1214 3715 1263 3769 hoc
1286 3733 1375 3768 mone-

880 3822 957 3861 mus,
976 3803 1049 3874 quod
1069 3821 1131 3854 raam
1146 3802 1299 3856 coniunctio
1322 3821 1374 3855 non

882 3903 987 3946 tantum
1004 3890 1205 3963 praeponendi.
1223 3891 1268 3944 sed
1278 3901 1306 3943 et
1315 3889 1375 3944 sub-
1412 3908 1417 3918 ·

885 3980 1029 4051 iungendi.
1047 3978 1145 4034 hebeat
1164 3990 1328 4052 potestatem.
