3382 5206
611 628 787 685 otrannus
814 627 1056 674 naorctnstts.
1250 602 1320 700 399

329 736 478 800 Protinus
502 752 533 800 et
555 735 661 822 capito
680 783 689 815 ‚
711 731 815 823 gliscit
838 731 923 796 bona
948 731 1050 820 gratia
1069 734 1185 797 ventri.

327 837 517 903 Elleborum
539 839 691 925 capitur,
713 835 853 918 teritur,
874 834 1016 899 mulsum
1041 835 1261 925 bibiturque,

328 944 464 1033 Semper
486 943 525 1007 at]
548 944 637 1008 ltuoc
654 941 754 1008 valuit
775 942 923 1007 morbum
950 965 1009 1005 nec
1028 965 1092 1006 uon
1109 941 1323 1008 chamaeactis

326 1049 436 1115 Diluta
460 1074 533 1116 curn
561 1050 661 1114 reteri
689 1049 795 1114 statim
815 1046 955 1134 potanda
978 1044 1080 1137 lyaeo.

328 1154 475 1220 Proderit
499 1173 530 1219 ct
555 1171 666 1244 gustus
689 1153 758 1218 sine
779 1174 868 1216 mora
892 1149 985 1216 lactis
1009 1150 1131 1240 equini.

328 1261 494 1348 Eupator‚
516 1261 645 1348 prasion
661 1308 671 1342 ‚
695 1274 794 1346 atque
818 1254 1081 1347 hermodactylus
1096 1256 1186 1343 ipsa,

332 1366 453 1430 Fertur
472 1383 506 1429 ut
526 1366 560 1429 in
581 1361 695 1444 libris,
718 1383 848 1448 semper
868 1379 942 1427 sunt
961 1361 1082 1425 ventris
1103 1363 1208 1427 antici.

677 1585 775 1652 XIX.
800 1608 842 1652 oa
867 1608 997 1654 vestes.

337 1735 486 1866 Multis
513 1798 615 1866 multa
640 1801 752 1863 iurant
776 1799 851 1888 quia
878 1815 950 1864 sunt
971 1801 1133 1865 contraria
1159 1800 1291 1865 morbis.

331 1908 468 1972 Morbus
494 1908 534 1969 ab
559 1904 704 1972 antidoto
727 1921 899 1992 superatur
920 1905 1060 1970 numinis
1082 1903 1137 1969 alti
1163 1913 1221 1985 (t).

331 2012 387 2075 Est
410 2010 516 2074 morbi
540 2011 658 2097 specics
683 2008 792 2074 multis
815 2009 1014 2099 inimicaque
1035 2008 1159 2098 pestis,

330 2117 416 2182 Cum
438 2112 515 2180 furit
537 2118 665 2181 insanus
686 2116 811 2181 vesicae
834 2113 979 2180 calculus
1002 2114 1145 2197 ardens,

328 2221 409 2288 Saxa
431 2221 566 2311 quidem
594 2244 749 2312 generans
772 2220 891 2311 quibus
918 2237 1094 2286 cunctatur
1118 2224 1232 2303 urina,

330 2328 399 2394 Nec
423 2327 509 2392 valct
529 2327 626 2392 homo
651 2326 763 2393 dolens
784 2326 906 2391 imbres
929 2323 1038 2391 laxare
1064 2326 1233 2414 benignos.

331 2431 458 2498 Hedera
482 2431 566 2499 celsa
587 2430 680 2496 dabit
699 2430 784 2499 celso
808 2430 848 2495 de
872 2428 1013 2498 culmine
1037 2431 1161 2513 bacas,

330 2538 434 2625 Ipsius
458 2555 488 2604 et
510 2563 623 2604 sucum
643 2561 717 2602 cum
741 2539 817 2603 vino
840 2561 933 2604 sume
957 2538 1105 2626 tepenti,

332 2644 401 2708 Nec
425 2669 538 2727 mora,
558 2661 728 2731 rumpetur
754 2641 906 2733 plantago
928 2641 1079 2735 glandis,
1103 2661 1134 2708 et
1159 2647 1225 2732 ipsa

331 2750 477 2817 Sumitur
495 2769 525 2817 et
543 2752 671 2816 bibitur
686 2748 930 2840 olusatrumque
946 2751 1095 2841 benigna.

332 2853 522 2921 Sarisricam
547 2854 663 2920 tollunt
684 2872 775 2942 petro
799 2878 993 2944 necnonque
1015 2853 1128 2920 selino.

330 2962 496 3052 Suffragiis
515 2963 565 3028 his
589 2962 685 3027 fultus
711 2963 792 3044 eris,
807 2964 1050 3051 Dominamque
1066 2963 1205 3052 rogabis.

614 3175 694 3240 XX.
720 3197 762 3241 oa
789 3197 903 3245 ruoxu
929 3193 1067 3243 oaruaa.

336 3311 462 3492 Quod
482 3382 508 3447 si
535 3399 648 3448 contra
670 3383 772 3447 fluens
792 3381 909 3446 nimios
930 3378 1112 3469 perfuderit
1139 3384 1281 3468 imbres,

332 3487 379 3552 Ex
402 3487 539 3554 cerebro
560 3485 681 3574 leporis
698 3487 807 3551 statim
829 3509 999 3574 compesce
1021 3486 1186 3554 fluentem.

332 3594 417 3659 Vina
439 3610 563 3659 vetusta
582 3593 697 3680 capis,
719 3591 891 3657 cerebrum
913 3616 988 3657 cum
1011 3595 1151 3682 percipis
1174 3594 1303 3682 ipsum3

332 3700 408 3768 Vile
431 3699 563 3790 quidem
586 3715 631 3763 est
653 3715 753 3786 potu,
774 3697 911 3766 sednon
928 3697 1142 3765 medicamine
1164 3699 1237 3765 vile.

422 3986 460 4058 (r)
483 3986 548 4039 cod.
566 4004 587 4039 r·
599 3990 710 4038 sturnini>
730 3991 843 4053 suotnu'5
865 3993 1014 4043 afflamine
1034 3994 1112 4043 suno.
