3382 5206
1332 492 1349 531 ⁸.

600 737 828 789 caannarrca
852 741 899 789 aa
921 740 1087 790 nrrmca.
1265 722 1329 790 555

333 838 474 934 agellus,
492 834 633 925 asellus,
653 843 829 933 magister,
848 845 1021 928 minister,
1039 863 1216 935 equester,
1237 844 1353 936 pedes-

334 966 404 1019 ter,
422 967 604 1042 sequester,
622 951 761 1019 sinister.
785 952 869 1017 ltevn
891 948 1052 1049 neptralia
1075 953 1271 1039 macellum,
1288 978 1353 1022 me·

334 1051 448 1120 vallum
470 1053 674 1146 cylindrum,
693 1074 861 1140 aratrum,
879 1055 1059 1125 sacellum,
1084 1075 1254 1148 tropaeum
1269 1096 1279 1126 s
1299 1077 1353 1122 ta-

333 1157 484 1243 lentum,
510 1156 692 1246 fritillum,
715 1159 894 1252 lupercal,
921 1158 1066 1227 tribunal
1091 1211 1101 1246 ,
1127 1159 1353 1253 quadrantal,

335 1264 481 1333 uaiuutal.
507 1268 605 1337 Unde
626 1256 893 1336 luvenalis’libro
917 1271 968 1338 ·V·
992 1267 1223 1338 -hesternum
1244 1268 1354 1337 medio

331 1394 463 1439 servare
486 1373 622 1439 minutal
647 1374 887 1467 -septembri,
911 1375 1095 1440 canistrum.

378 1490 412 1542 Δ.
429 1479 477 1544 Da
493 1480 671 1546 verborum
686 1502 814 1570 quoque
828 1477 971 1568 exempla
991 1478 1254 1569 coniugationum
1269 1502 1355 1569 qua·

334 1580 481 1650 litatibus
497 1583 651 1668 collecta,
666 1608 747 1674 quas
759 1583 878 1651 Graeci
892 1582 1062 1675 synzugias
1077 1601 1216 1653 vocant:
1233 1605 1353 1673 conge-

337 1714 428 1773 rere,
442 1713 561 1781 quaeso
574 1728 585 1759 s
601 1713 644 1756 ue
657 1693 774 1782 pigeat.
791 1701 832 1756 M.
847 1687 962 1758 Saluto
978 1724 989 1754 s
1005 1689 1144 1778 sagitto,
1167 1689 1303 1782 sagino,
1320 1705 1355 1752 ut

333 1806 426 1884 poe'ta
450 1831 471 1847 -
491 1822 553 1864 nou
568 1822 702 1889 parvam
716 1821 807 1867 sumo
821 1799 978 1889 saginam.
994 1831 1015 1846 -
1028 1797 1070 1861 Et
1084 1792 1169 1862 infra
1184 1832 1202 1846 ·
1217 1795 1353 1885 desuper

339 1929 377 1971 ex
396 1901 461 1967 alto
476 1903 597 1973 virides
610 1924 755 1995 exspecta
771 1907 908 1996 saginas.
925 1904 1062 1971 Orosius
1083 1905 1116 1970 iu
1139 1926 1234 1994 prosa
1253 1903 1357 1969 histo-

334 2009 403 2074 rica
426 2044 444 2057 ·
466 2005 624 2076 informe,
646 2010 768 2100 iuquit,
791 2007 978 2102 prodigium
992 2009 1150 2077 Graeciae
1176 2006 1356 2073 luminibus

332 2114 525 2202 saginabant
551 2151 566 2167 -
590 2114 625 2181 id
640 2133 686 2181 est
699 2116 860 2181 creticum
875 2115 1107 2180 Minotaurum.
1131 2112 1187 2181 Sic
1206 2110 1354 2178 honoro,

333 2215 463 2303 coloro,
476 2216 613 2301 laboro,
630 2217 731 2287 adoro
744 2268 754 2303 ,
767 2219 919 2310 requiro,
931 2215 1048 2284 anhelo
1063 2215 1170 2284 reluto
1180 2254 1191 2283 s
1202 2238 1356 2296 corusco,

334 2324 512 2393 cachinnos
533 2327 657 2394 inesco,
681 2323 830 2400 inundo,
854 2321 1025 2407 redundo,
1044 2347 1192 2414 capesso,
1211 2319 1356 2403 lacesso,

336 2431 486 2520 quiesco,
508 2448 662 2516 cruento,
676 2430 840 2499 secundos
865 2453 1028 2521 propago,
1050 2453 1190 2512 recuso,
1211 2426 1355 2518 gelasco,

333 2534 500 2621 recondo,
523 2536 670 2604 saburro.
695 2537 741 2604 Ut
763 2534 891 2603 Solinus
917 2534 959 2601 de
981 2534 1117 2626 gruibus
1140 2536 1185 2600 ait
1209 2569 1224 2582 ·
1247 2529 1350 2598 subla·

333 2641 438 2730 tisque
468 2638 623 2728 lapillulis
648 2639 691 2705 ad
720 2638 921 2707 moderatam
950 2641 1146 2731 gravitatem
1177 2637 1356 2703 saburran-

333 2757 394 2806 tur.
422 2741 627 2834 -Vergilius
650 2779 666 2792 ·
689 2767 784 2831 saepe
807 2739 935 2833 lapillos
959 2757 994 2807 ut
1025 2740 1165 2833 cymbae
1188 2736 1357 2806 instabiles

332 2847 434 2914 fluctu
447 2850 589 2915 iactante
604 2850 779 2916 suburram
794 2848 923 2915 tollunt.
941 2884 957 2897 ·
973 2849 1107 2938 Fatigos
1122 2865 1157 2914 ut
1177 2884 1194 2896 -
1213 2862 1357 2913 noctem·

335 2979 398 3044 que
417 2952 570 3046 diemque
590 2951 736 3046 fatigant.
762 2987 778 2999 ·
798 2953 916 3019 Oritur
940 2954 1038 3020 etiam
1057 2950 1149 3018 idem
1169 2973 1258 3041 pesa
1280 2975 1356 3017 ver-

332 3060 381 3127 bis
402 3063 526 3150 primae
547 3060 800 3151 couiugationiss
820 3084 904 3151 quae
926 3062 960 3125 iu
982 3058 1175 3152 pyrrhichio
1197 3061 1261 3123 iam
1276 3081 1356 3123 con-

329 3164 503 3253 gessimus,
526 3163 576 3228 lais
601 3165 769 3251 personls:
794 3185 946 3228 vocamus
971 3164 1089 3228 vocatis
1112 3161 1267 3227 vocabam
1299 3184 1356 3223 vo·

332 3270 450 3352 cubat,
474 3287 618 3336 vetamus
641 3269 753 3335 vetatis
778 3269 928 3334 vetabam
957 3268 1110 3334 vetabat,
1135 3267 1265 3333 litamus
1287 3265 1357 3331 lita·

331 3374 370 3438 tis
388 3371 525 3438 litabam
546 3372 673 3438 litabat.
695 3372 792 3440 Unde
813 3373 942 3439 Persius
962 3371 1100 3441 Flaccus
1123 3405 1144 3420 ·
1167 3371 1356 3437 admoveam

262 3494 264 3498 ’
332 3477 457 3568 templis
480 3496 512 3544 et
534 3475 621 3546 farre
643 3478 756 3545 litabo.
781 3515 801 3528 ·
824 3478 855 3546 A
876 3480 1001 3568 passivo
1021 3477 1175 3561 litamus,
1193 3476 1355 3545 litantur,

327 3585 468 3652 litabar,
492 3603 524 3652 et
547 3585 691 3652 futurum
718 3587 848 3653 litabor.
872 3589 1011 3675 Prosper
1034 3622 1051 3635 ·
1075 3604 1105 3654 et
1130 3584 1171 3650 de
1197 3585 1353 3652 virtutum

330 3714 468 3757 munere
495 3715 586 3756 sacra
612 3688 696 3756 litat.
724 3727 741 3740 -
765 3691 929 3782 Vergilius
951 3691 1151 3783 -sanguine
1174 3687 1355 3779 quaerendi

329 3794 452 3863 reditus
474 3796 653 3887 animaque
675 3794 847 3864 litandum.
872 3835 890 3847 -
1048 3794 1050 3798 ¹
1311 3804 1314 3810 '

371 3899 522 3967 Secunda
532 3899 644 3967 itidem
659 3903 842 3993 coniugatio
859 3901 985 3969 hisdem
1006 3900 1162 3968 liniarum
1174 3899 1358 3965 tramitibus

327 4006 577 4096 amphibracho
588 4007 755 4074 concurrit
767 4007 809 4072 ab
824 4031 862 4073 ea
877 3998 1041 4074 dumt'arat
1053 4030 1241 4075 sermonum
1255 4005 1358 4071 series

330 4136 414 4205 qnae
428 4114 463 4179 in
475 4111 646 4180 tribracho
660 4115 809 4205 superius
830 4113 1119 4199 coacervavimus,
1134 4128 1171 4178 ut
1192 4109 1366 4192 docemus,

335 4216 488 4304 docebis,
507 4216 689 4286 docebam,
704 4217 852 4288 docebat.
867 4216 897 4288 A
912 4219 1037 4310 passivo
1051 4216 1209 4287 docemur
1224 4253 1234 4284 s
1256 4214 1377 4286 dorsu·
1420 4299 1423 4303 ¹
