3382 5206
366 580 445 627 aare
627 550 691 614 ὃ*
745 582 788 628 na
814 584 961 632 vinomo

338 701 586 800 epigrammata
607 728 625 770 a
646 726 699 771 me
720 688 936 799 vulgandum
954 733 985 803 p,
1005 705 1098 803 3863
1115 707 1277 808 sequitur
1290 704 1364 779 Au·

337 825 472 921 gustini
492 825 592 897 locus
608 825 652 899 de
673 852 798 898 novem
817 829 935 903 musis.
956 830 1172 927 Angelicum
1187 891 1196 921 ,
1214 833 1277 932 qui
1295 831 1363 903 luit

335 950 427 1022 card.
448 948 643 1021 Passioneii
669 1008 678 1038 ,
708 951 869 1026 codicem
888 952 1106 1028 lectitaverat
1130 973 1211 1029 ante
1234 957 1363 1028 Areva-

334 1074 410 1146 lum
431 1074 471 1148 cl.
485 1073 736 1172 Mingarellius
760 1136 769 1166 ,
797 1079 858 1177 qui
878 1078 1105 1176 virgilianum
1125 1083 1364 1178 fragmentum

334 1198 388 1271 vel
408 1227 483 1272 non
504 1200 590 1271 vidit
608 1200 660 1272 vel
681 1199 837 1296 neglexit
860 1203 956 1288 ‚sed
986 1222 1101 1277 tamen
1124 1202 1265 1278 Damasi
1293 1204 1363 1304 epi·

334 1347 486 1417 gramma
506 1322 667 1396 indidem
689 1321 840 1413 extulit,
869 1342 901 1397 et
923 1326 964 1400 cl.
980 1325 1174 1402 Amadutio
1195 1330 1231 1400 in
1253 1355 1364 1401 roma·

331 1449 389 1521 nis
408 1447 590 1521 anecdotis
602 1446 644 1520 Τ.
656 1447 930 1543 ll.vulgandum
946 1453 1119 1525 concessit
1131 1453 1241 1553 ‚quod
1262 1451 1363 1525 dein-

333 1572 376 1646 de
395 1573 434 1646 in
455 1571 597 1647 Damasi
619 1570 791 1645 editiones
812 1575 1103 1649 transferendum
1123 1577 1198 1650 erit.
1215 1574 1289 1648 Sed
1310 1577 1362 1648 in-

334 1701 436 1773 terim
456 1698 559 1771 doleo
579 1695 675 1797 quod
696 1696 861 1771 mendose
882 1698 1098 1773 Amadutius
1127 1718 1263 1774 sextum
1288 1728 1363 1774 ver·

334 1852 411 1897 sum
439 1822 616 1922 semipede
637 1839 782 1897 auctum
804 1842 925 1897 contra
956 1827 1095 1922 regulas
1123 1828 1226 1900 metri
1253 1826 1361 1900 dede·

331 1948 404 2035 rit,
425 1963 459 2019 et
482 1965 604 2020 contra
627 1947 792 2046 syntaxin
814 1975 954 2047 quoque
976 1949 1268 2044 grammaticalem
1290 1951 1360 2025 sic:

333 2072 428 2143 wide
441 2072 682 2174 eave,fmter
691 2130 705 2158 ,
717 2079 815 2157 trustis
826 2099 872 2144 ne
886 2089 920 2143 te
940 2074 1094 2148 subdere
1113 2081 1213 2148 curis
1219 2105 1235 2164 ‚·
1247 2101 1361 2175 quum

332 2213 452 2269 tamen
474 2196 584 2272 codex
604 2224 624 2268 a
643 2222 700 2267 me
721 2197 904 2296 inspectus
918 2199 1045 2272 haheat
1063 2200 1276 2276 rectissime:
1296 2228 1360 2274 un·

334 2322 378 2394 de
397 2349 503 2408 cave,
509 2321 662 2425 frater,
682 2328 778 2394 vanis
797 2338 830 2394 te
849 2321 1004 2396 subdere
1022 2330 1131 2399 curis.
1153 2322 1232 2396 Hoc
1252 2325 1361 2422 igitur

334 2446 557 2543 virgilianum
578 2444 775 2543 capitulum
792 2446 829 2519 in
848 2447 1073 2547 neapolitano
1093 2448 1215 2521 codice
1235 2451 1280 2523 ab
1299 2478 1359 2524 an·

333 2567 427 2668 tiqui
447 2566 677 2640 amanuensis
698 2567 839 2642 inscitia
860 2569 1150 2670 pessumdatum,
1170 2599 1237 2671 ope
1257 2599 1360 2670 ange·

335 2692 398 2767 lici
425 2691 558 2766 codicis
583 2690 805 2765 restituimus
819 2723 831 2789 3
859 2690 906 2764 ita
934 2709 1052 2767 tamen
1079 2713 1120 2767 ut
1144 2695 1360 2794 neapolitani

337 2847 480 2919 quoque
499 2818 670 2892 lectiones
696 2818 807 2890 bonas
831 2833 866 2890 et
884 2816 1105 2893 incrementa
1128 2818 1248 2891 omnia
1277 2821 1361 2892 reti·

335 2945 528 3017 nuerimus.

149 3074 307 3186 2³32}ng
386 3095 419 3167 9.
439 3065 550 3138 Nunc
570 3094 615 3139 ne
630 3065 728 3166 plura
743 3066 787 3138 de
801 3064 940 3163 Virgilii
954 3067 1129 3140 latinitate
1145 3067 1283 3160 dicam,
1301 3098 1358 3144 vo·

333 3189 458 3263 cabula
486 3187 563 3261 eius
589 3187 790 3286 singillatim
810 3205 985 3281 attexam,
1012 3217 1102 3291 quae
1122 3190 1359 3291 lexicographi

335 3311 450 3387 nostri
469 3313 634 3413 pleraque
645 3314 826 3412 ignorant3
838 3314 1014 3387 manualia
1025 3372 1034 3401 ‚
1046 3313 1214 3414 inquam,
1228 3316 1356 3389 intelli·

336 3470 379 3540 go
392 3441 516 3529 lexim,
530 3469 591 3514 seu
603 3467 693 3541 quae
705 3456 790 3511 sunt
803 3439 840 3512 in
853 3439 1017 3538 populari
1030 3438 1254 3511 eruditorum
1268 3467 1358 3514 usu:

334 3592 418 3637 nam
437 3562 601 3662 glossaria
619 3561 816 3664 quaedam,
837 3577 922 3661 puta
940 3561 1232 3660 philoxenianum
1250 3618 1259 3649 ,
1280 3558 1359 3632 Pla·

333 3688 405 3762 cidi
426 3718 567 3789 quoque
588 3689 717 3786 glossae
738 3716 757 3760 a
777 3713 834 3760 me
853 3686 991 3776 editae,
1010 3686 1194 3760 latinitatis
1208 3687 1297 3758 fines
1311 3685 1357 3759 la·

334 3813 615 3913 tius'proserunt.
637 3811 778 3885 Deinde
800 3811 858 3884 illa
878 3811 984 3883 etiam
997 3812 1131 3884 exotica
1152 3837 1282 3911 ponam
1301 3838 1358 3884 vo·

334 3939 479 4028 cabula,
500 3965 591 4038 quae
619 3965 736 4037 neque
762 3936 963 4026 classicam,
990 3933 1259 4036 aequandam,
1286 3934 1357 4007 nisi

334 4063 449 4138 asiani
469 4061 633 4160 Virgilii,
652 4061 864 4139 latinitatem
884 4060 1027 4135 decent.
