3382 5206
351 576 418 668 4¹²
489 603 669 650 ntaraurct
691 604 821 652 axoris
842 605 887 652 aa
906 603 1078 655 ranorum
1099 605 1175 652 tur.

702 815 744 883 V·
768 836 811 882 ao
835 835 984 882 auuosu.

332 953 501 1109 Charta,
531 1024 664 1092 Christo
688 1026 836 1109 comite,
860 1047 919 1113 per
945 1023 1068 1091 telluris
1085 1025 1226 1113 spatium

324 1125 379 1195 Ad
403 1129 550 1198 Caesaris
569 1129 695 1220 regium
719 1153 809 1194 nunc
831 1152 932 1220 perge
962 1128 1143 1218 palatium,

323 1237 389 1302 Fer
408 1233 543 1303 salutem
573 1235 704 1302 Caesari
729 1259 768 1300 ac
788 1235 853 1301 suis
875 1236 1083 1325 agminibus,

320 1338 477 1408 Gloriosis
497 1341 606 1428 pueris
628 1341 794 1431 sacrisque
812 1342 1003 1432 virginibus.

322 1445 384 1514 Via
411 1470 550 1537 pergens
572 1469 726 1535 prospera
747 1470 808 1535 per
829 1447 955 1512 Christi
975 1445 1126 1536 suffragia

321 1552 428 1619 Prona
452 1575 562 1618 coram
591 1551 730 1618 Caesare
759 1553 858 1618 verba
878 1552 966 1618 dicas
993 1552 1080 1618 talia·

322 1657 409 1739 Dic,
438 1673 470 1720 ot
497 1679 607 1723 caesar
629 1654 768 1723 Karolus
796 1658 919 1745 perpeti
943 1658 1119 1744 praeconio

320 1762 370 1830 Sit
393 1785 513 1846 sanus,
538 1760 740 1851 longaevus,
761 1763 802 1827 sit
823 1759 897 1828 felix
917 1764 1065 1828 victoria.

320 1869 406 1951 Dic,
430 1884 584 1956 regnator
602 1871 749 1932 omnium
773 1865 827 1933 det
853 1867 916 1932 sihi
939 1867 1146 1951 subsidium,

323 1971 520 2041 Consortets
542 1971 727 2039 custodiat,
749 1969 863 2039 dilatet
890 1973 1076 2061 imperium.

320 2079 409 2161 Dic,
444 2094 478 2141 ut
499 2073 606 2143 fautor
625 2074 732 2144 luerat
756 2077 846 2143 iustis
864 2078 926 2142 rite
953 2077 1112 2169 regibus,

318 2186 393 2252 Fiat
419 2183 568 2250 Christus
598 2182 720 2250 Karolo
742 2207 779 2248 ac
801 2184 865 2248 sibi
890 2181 1052 2249 fidelibus.

319 2292 403 2374 Dic,
421 2289 546 2383 regales
569 2293 663 2382 pueri
686 2316 747 2380 per
773 2291 897 2380 prolixa
922 2291 1027 2381 spatia

320 2398 395 2465 Sint
420 2398 512 2480 sani,
531 2397 595 2464 siut
610 2395 787 2489 longaevi,
809 2396 977 2464 salvatoris
998 2398 1114 2489 gratia·

319 2501 395 2569 Sint
414 2525 553 2568 coronae
576 2503 685 2590 regiae
707 2500 796 2592 digni
820 2499 875 2566 dic
901 2500 1082 2566 honoribus

320 2604 447 2673 Felices
468 2630 506 2671 ac
532 2607 671 2672 victores
693 2605 847 2694 genitoris
870 2604 1025 2670 moribus.

318 2708 491 2800 Regalibus
510 2708 627 2799 puellis
648 2709 699 2775 dic
727 2708 784 2775 fiat
812 2708 1021 2791 sublimitas,

320 2816 370 2882 Sit
391 2832 501 2882 sancta
517 2864 527 2899 ‚
544 2817 586 2883 sit
602 2815 732 2898 sobria,
751 2816 792 2880 sit
817 2839 893 2881 vera
916 2816 1093 2905 virginitas.

323 2919 472 2987 Christus
496 2939 583 2988 amat
604 2923 745 3012 virgines
769 2939 904 3012 propter
925 2921 1176 2987 castimoniam,

320 3026 384 3089 Dat
407 3025 472 3091 illis
495 3051 593 3117 quam
619 3029 811 3116 promiserat
837 3029 873 3094 iu
893 3026 1001 3094 saturo
1020 3023 1171 3118 gloriam.

320 3130 410 3213 Dic,
436 3147 584 3221 protegat
602 3133 761 3198 Dominus
782 3133 828 3199 sic
851 3135 998 3200 Francos
1021 3133 1200 3220 armigeros
1209 3178 1228 3212 ,,

318 3235 463 3323 Regem,
492 3234 640 3320 clerum,
661 3238 815 3320 comites,
835 3235 955 3303 milites
976 3233 1167 3326 belligeros·

318 3337 395 3403 Post
413 3337 496 3403 haec
523 3338 636 3405 charta
654 3340 827 3408 Caesarem
846 3356 958 3430 rogato
982 3340 1138 3407 continuo

318 3444 367 3509 De
388 3467 440 3509 me
461 3443 583 3511 Christi
604 3446 732 3514 servulo
756 3449 796 3512 sit
821 3470 946 3514 memor
966 3446 1095 3535 exiguo.

320 3652 499 3721 Hibernici
520 3657 632 3724 exulis
658 3661 814 3725 carmina
843 3655 1016 3723 hactenus.
1049 3650 1197 3742 Reliqua
1227 3656 1355 3735 enim,

366 3764 429 3826 etsi
450 3765 526 3830 aevi
546 3761 694 3831 karolini
717 3780 815 3847 sunt,
834 3779 869 3827 ut
894 3777 1026 3829 constat
1051 3784 1098 3825 ex
1120 3759 1266 3843 ultimo,
1292 3763 1353 3825 in·

367 3883 474 3935 certos
505 3886 619 3937 tamen
646 3888 799 3937 auctores
820 3868 957 3936 babent.
