3382 5206
610 528 675 620 574
913 553 940 600 s.
969 547 1148 600 annuatur
1173 552 1217 617 ou
1240 553 1283 602 rur

584 671 618 721 ut
631 688 678 706 -··
688 653 778 721 labat
793 655 895 721 ariete
919 652 1039 721 crebro
1049 688 1110 722 -.
1135 655 1229 721 Et—
1243 655 1421 746 depectunt
1436 658 1558 721 tenuia
1574 681 1636 722 se-

584 781 647 825 res.
666 757 893 849 -Et-geuua
911 756 1037 824 labant„
1058 795 1075 808 ·
1097 760 1178 826 Item
1195 758 1370 827 masculina
1390 759 1434 824 ad
1460 782 1635 849 paeonem
1687 751 1690 755 ⁴

580 866 724 954 primum
747 868 972 954 pertinentia,
995 883 1030 931 ut
1054 864 1264 954 ponticulus,
1283 862 1480 949 folliculus,
1505 868 1632 954 pauni-

582 968 713 1037 culusa
738 993 872 1060 panno,
894 967 1057 1061 panucula
1082 995 1100 1035 a
1130 992 1241 1060 pano,
1267 971 1415 1060 quamvis
1440 968 1630 1035 diminuti-

581 1098 659 1142 vum
690 1100 707 1141 a
737 1080 904 1167 primitivo
938 1075 1124 1167 discrepet,
1157 1073 1353 1158 fonticulus,
1383 1077 1591 1143 marticulus
1620 1129 1630 1154 ,

581 1180 764 1272 igniculus,
786 1181 975 1266 testiculus,
997 1181 1180 1266 funiculus,
1203 1181 1402 1265 criniculus,
1416 1183 1629 1271 pisciculus,

580 1284 763 1354 curriculus
789 1303 819 1352 et
836 1285 899 1353 boc
918 1282 1124 1352 curriculum
1148 1283 1340 1352 neutraliter
1362 1282 1513 1369 dicitur,
1539 1311 1625 1352 vcr-

578 1392 723 1477 siculus,
755 1390 967 1474 flucticulus,
993 1389 1180 1458 articulus,
1209 1389 1368 1456 ridiculus
1391 1439 1402 1475 ,
1436 1391 1624 1475 aniculus,

580 1498 805 1582 vermiculus,
830 1497 1020 1590 agniculus,
1042 1496 1237 1582 fasciculus,
1259 1495 1448 1578 ensiculus,
1472 1500 1623 1562 cunicu-

578 1602 656 1687 lus,
675 1602 891 1672 sentriculus.
919 1602 1083 1671 luvenalis
1104 1604 1139 1670 iu
1164 1604 1189 1668 l.
1207 1598 1354 1665 -infra
1387 1600 1621 1667 ventriculum

580 1713 668 1780 tenui
697 1710 848 1777 distantia
868 1714 951 1778 rima
971 1746 1027 1776 -.

650 1816 840 1883 Nascuntur
854 1838 930 1884 vcro
945 1813 1027 1881 baec
1040 1812 1232 1879 diminutiva
1247 1828 1303 1877 aut
1317 1809 1357 1879 de
1372 1810 1620 1903 monosyllabis

578 1942 614 1987 ut
626 1946 706 2012 pons
722 1920 927 2011 ponticulus,
944 1938 1001 1986 aut
1015 1919 1056 1986 de
1075 1918 1265 2011 disyllabis,
1280 1935 1314 1984 ut
1329 1919 1413 1984 ensis
1427 1917 1616 1985 ensiculus,
1686 2009 1688 2012 Α

580 2024 684 2093 dulcis
704 2024 896 2093 dulciculus.
916 2028 997 2094 Item
1014 2025 1171 2107 mobilia,
1185 2047 1394 2113 purpureus,
1414 2023 1618 2107 caeruleus,

576 2157 794 2218 marmoreus,
809 2158 1005 2226 aequoreus,
1022 2130 1192 2201 funereus,
1208 2131 1391 2199 herculeus.
1408 2133 1456 2201 Ut
1471 2134 1614 2200 luvena-

524 2288 527 2293 -
575 2240 616 2310 lis
634 2239 775 2308 -audiet
792 2239 947 2308 herculeo
968 2240 1159 2307 stridentem
1177 2242 1304 2331 gurgite
1319 2237 1422 2305 solem
1442 2260 1480 2317 -3
1503 2258 1615 2305 tama-

576 2369 651 2413 reus
663 2394 674 2430 ,
687 2345 883 2427 carbaseus,
899 2346 1109 2435 pampineus,
1133 2345 1309 2435 puniceust
1324 2362 1360 2410 ut
1379 2342 1550 2434 Vergilius
1565 2382 1614 2397 -

575 2469 641 2519 tota
657 2452 797 2541 puniceo
807 2452 908 2518 stabis
922 2476 1014 2518 auras
1029 2451 1156 2522 evincta
1171 2451 1333 2518 cothurno
1343 2473 1377 2530 -3
1388 2453 1610 2541 sanguineus,

572 2557 732 2626 sidereus,
750 2581 943 2647 corporeus,
958 2558 1134 2640 leutineus,
1150 2559 1333 2648 virgineus,
1352 2555 1534 2646 populeus,
1553 2583 1609 2623 ae-

576 2666 726 2747 thereus,
739 2663 863 2756 elyseus
878 2714 888 2748 ,
906 2687 1096 2756 gorgoneus.
1112 2663 1274 2753 Vergilius
1286 2665 1418 2729 -exin
1434 2667 1611 2751 gorgoneis

573 2771 703 2840 Allecto
724 2773 845 2840 insecta
868 2759 1078 2849 venenis—3
1102 2774 1272 2863 egregius,
1294 2771 1450 2860 exignus,
1475 2774 1610 2858 praeci-

570 2903 675 2967 puus,
693 2877 735 2943 ad
750 2878 881 2963 siduus,
896 2879 1062 2968 inriguus,
1075 2879 1228 2943 rorifluus
1240 2913 1252 2943 s
1265 2876 1476 2960 horrisonus,
1491 2880 1609 2942 rauci-

571 3008 685 3051 sonus,
700 2982 933 3072 grandisonus,
949 2999 984 3046 ut
1000 2991 1094 3069 poeta
1107 3017 1125 3031 -
1141 2980 1343 3072 grandisonis
1362 3004 1521 3069 pompare
1537 3006 1610 3047 mo-

571 3089 620 3156 dis
636 3090 829 3180 tragicoque
844 3091 961 3174 boatu,
977 3086 1158 3157 ridiculove
1176 3089 1259 3154 Geta
1275 3108 1338 3166 -ς
1354 3110 1455 3177 qucm
1470 3112 1607 3154 versum

569 3196 715 3284 imperiti
730 3212 761 3261 et
776 3195 932 3262 metricae
950 3196 1028 3261 artis
1041 3195 1146 3284 ignari
1165 3193 1371 3283 obtunsaque
1388 3193 1503 3258 ruentis
1520 3198 1608 3260 acri-

569 3302 678 3368 monia
698 3298 774 3365 freti
790 3301 866 3366 satis
890 3300 1032 3389 turpiter
1046 3301 1302 3387 interpretantur
1318 3334 1334 3346 -
1353 3313 1464 3385 vegeta
1480 3333 1497 3344 ·
1513 3323 1605 3387 qua-

565 3410 590 3475 si
617 3407 678 3474 sub
697 3430 762 3470 una
788 3405 943 3470 orationis
961 3404 1145 3472 adserentes
1165 3422 1280 3492 parte,
1305 3421 1336 3470 et
1359 3400 1502 3490 pendeat
1530 3429 1609 3470 sen·

567 3534 619 3577 sus
645 3510 684 3578 dc
703 3509 850 3599 praelato
875 3511 1007 3576 nomine
1034 3508 1174 3574 neutrali
1197 3508 1232 3573 id
1257 3526 1302 3581 est
1317 3507 1605 3597 ”figmenta-3

570 3617 659 3710 quod
676 3627 739 3685 nec'
754 3615 933 3685 scandendi
953 3619 1058 3684 ratio,
1082 3641 1143 3682 uec
1163 3614 1363 3708 syllabarum
1384 3612 1496 3702 regula
1521 3639 1608 3680 con·

566 3727 691 3801 sentit3
716 3723 877 3814 siquidem
903 3747 963 3789 ‚ve
989 3708 1174 3788 coniunctio
1190 3740 1237 3790 est
1266 3720 1482 3788 disiunctivas
1513 3720 1603 3787 Geta

566 3855 641 3898 vero
655 3828 837 3918 principale
856 3843 888 3896 'et
907 3830 1110 3918 primitivum
1125 3843 1194 3894 cst:
1223 3825 1309 3892 unde
1333 3825 1511 3893 Terentius
1535 3826 1609 3892 aser

563 3937 597 4002 iu
619 3934 819 4002 Phormione
841 3937 887 4001 sic
906 3935 1137 3999 ait-anricus
1163 3956 1308 3997 summus
1334 3956 1423 3996 meus
1445 3946 1475 3995 et
1503 3956 1607 4019 popu-

557 4041 635 4110 laris
657 4042 743 4131 Geta
766 4041 839 4143 lteri
863 4040 904 4108 ad
924 4066 988 4109 rne-
1004 4043 1094 4135 yenit
1108 4075 1158 4105 m.
1184 4041 1224 4105 Et
1247 4035 1331 4103 insra
1347 4037 1491 4103 -Geta
1518 4062 1604 4127 pro·
