3382 5206
736 597 783 647 Μ
807 594 963 653 lloldllll·

330 695 381 752 las·
398 695 476 752 liant
495 708 524 758 et
539 695 585 752 bic
604 697 742 770 quaeritur
761 718 815 772 qua

334 783 370 838 de
385 801 466 839 cansa
477 805 530 840 non
546 786 635 840 omnia
654 786 760 841 nomina
772 802 818 859 per
839 810 841 815 ·

333 889 423 926 omues
445 872 553 926 ordines
573 891 676 945 semper
696 890 819 945 perseve-

333 953 414 1010 rantl
438 976 522 1029 quare
547 959 761 1017 heumanmus,
781 959 821 1012 si-

333 1045 390 1098 cuti
409 1056 438 1100 et
456 1047 484 1099 iu
500 1047 698 1120 comparatione
721 1045 823 1100 monui*

333 1149 407 1190 mus.
421 1133 494 1205 quod
512 1135 654 1188 eorundem
674 1151 752 1189 sonos
765 1150 824 1185 oum

332 1219 445 1288 syllabis
465 1232 494 1274 ot
512 1222 664 1276 acuentibus
685 1222 714 1277 in
734 1223 825 1275 metris

333 1319 504 1380 conpetenter
532 1311 724 1374 tractabimu35
749 1310 824 1365 scili-

334 1410 378 1452 oet
395 1399 504 1468 quando
517 1399 583 1453 haec
602 1401 710 1453 uomina
723 1400 823 1453 deriva-

334 1482 435 1538 tionem
454 1486 496 1540 rel
516 1487 724 1540 deminutionem
740 1487 823 1540 susti·

335 1587 398 1624 nere
417 1574 543 1644 possint.
562 1573 761 1628 doceamus·1)e
779 1591 823 1626 or·

335 1657 398 1715 dine
409 1662 544 1716 nominum
556 1675 688 1733 quantum
698 1663 768 1717 ratio
781 1680 825 1734 po·

337 1747 430 1803 suebat
442 1753 632 1806 tranavimus.

460 1925 503 1986 25·
521 1945 558 1983 nr
580 1944 701 1984 casinus·

337 2043 451 2160 Cous
479 2114 543 2157 suut
569 2119 613 2157 aex
641 2138 649 2159 .
673 2100 825 2165 ¹nominati-

337 2205 404 2247 τω.
438 2191 593 2259 genitivus.
618 2189 726 2245 dativus
746 2227 753 2248 .
786 2207 825 2242 ao·

338 2275 488 2334 emaum.
507 2277 660 2337 vocativus.
681 2277 824 2331 ablativus.

339 2363 423 2419 casus
437 2376 525 2420 autum
538 2365 606 2419 dicti
620 2377 684 2420 sunt
697 2366 769 2436 quod
782 2383 827 2437 per

337 2468 383 2506 eos
404 2463 492 2523 partes
514 2452 620 2522 aliquae
648 2453 777 2507 orationis
800 2453 828 2506 in

339 2540 539 2596 declinatione·
558 2543 664 2595 cadant.
681 2571 698 2586 ·
715 2544 755 2595 De
768 2542 828 2596 Nu-

340 2645 423 2684 mero·
452 2630 561 2683 Numeri
594 2630 730 2684 nominum
765 2640 829 2683 sunt

339 2728 393 2771 tres
417 2754 425 2777 .
448 2717 614 2786 singularis.
638 2718 767 2789 pluralis.
800 2733 829 2772 et

341 2806 503 2860 communis:
519 2803 676 2874 singularis.
689 2817 721 2860 at
739 2824 827 2872 uuus3

341 2891 452 2962 pluralis
462 2903 510 2950 ‚ut
524 2892 594 2948 duo.
607 2892 648 2948 rel
671 2909 705 2948 eo
723 2895 830 2966 plures,

340 2981 486 3034 communis
506 2991 594 3035 autem
611 2997 735 3033 numerus
758 2981 832 3035 dici·

342 3079 387 3122 tur
404 3068 452 3139 qui
470 3069 605 3137 singulare
622 3079 650 3121 et
668 3069 769 3141 plurale
787 3088 831 3123 no-

346 3171 406 3207 men
421 3156 557 3211 continere
570 3156 704 3210 iuvenitur
714 3191 721 3213 .
733 3167 764 3209 ut
777 3175 830 3229 pu-

345 3241 477 3300 tudier.
505 3242 611 3302 nubes.
633 3244 720 3300 acies,
739 3254 767 3296 et
787 3261 832 3298 ce-

345 3336 401 3380 tera
422 3327 505 3386 talia.
523 3347 594 3401 quae
620 3331 722 3385 scilicet
741 3343 769 3386 et
796 3330 832 3383 ad

345 3414 502 3486 singularem
522 3429 550 3472 et
575 3419 608 3472 ed
632 3419 758 3491 pluralem
779 3440 832 3474 nu·

344 3522 445 3559 merum
461 3507 618 3577 respondere
630 3508 831 3579 repperiuntur.

346 3593 412 3648 baec
429 3595 574 3648 communis
587 3598 687 3649 numeri
709 3615 764 3651 esse
778 3617 833 3670 pro·

345 3681 515 3736 nuntiantur.
529 3685 596 3738 Saue
613 3686 694 3738 ctiam
714 3685 762 3740 hoc
776 3705 833 3738 ruo·

344 3789 435 3826 nentur
458 3774 530 3843 quod
558 3772 622 3827 liaeo
650 3781 755 3829 numina
781 3795 833 3831 uon

347 3860 490 3913 secundum
515 3878 674 3916 communem
700 3883 833 3918 numerum

347 3961 393 4014 per
404 3965 493 4002 omnes
503 3966 578 4003 casus
591 3964 770 4021 perseverant:
785 3955 834 4007 sci·

326 4029 390 4090 licet
408 4036 540 4108 quoniam
568 4038 592 4090 si
618 4050 659 4093 est
683 4038 739 4090 dies
760 4055 833 4091 eom-

1270 567 1334 647 185

870 699 957 753 muule
973 695 1094 756 numeri.
1113 695 1168 751 diei
1188 707 1275 752 autem
1304 696 1364 750 ain·

869 786 985 856 gularis.
999 784 1102 838 dierum
1118 801 1181 838 vero
1192 783 1320 855 pluralis3
1334 793 1363 838 et

873 872 950 932 ideo.
976 872 1151 928 utdiximus.
1172 872 1237 924 baec
1257 871 1362 924 uomina
1400 942 1403 946 λ

871 981 919 1038 per
945 976 1022 1016 casus
1043 960 1188 1015 secundum
1210 977 1286 1012 suum
1312 978 1365 1012 nu-

872 1068 972 1105 merum
992 1057 1056 1103 sunt
1072 1046 1281 1120 pronuntianda·
1297 1075 1309 1087 ·
1326 1046 1365 1099 De

874 1149 993 1193 accentu·
1007 1138 1072 1191 ·De
1096 1135 1248 1191 accentibus
1276 1144 1365 1188 autera

872 1227 938 1298 qnia
953 1224 1103 1280 nonbreris
1115 1226 1185 1281 ratio
1200 1236 1243 1278 est
1255 1261 1262 1281 ‚
1273 1223 1301 1277 in
1314 1238 1365 1276 me·

874 1314 924 1369 tris
958 1330 1018 1366 eum
1051 1312 1162 1382 syllabis
1196 1319 1366 1382 conpetenter

873 1399 1056 1456 tractabimus·
1069 1400 1147 1455 Nunc
1157 1399 1284 1471 quoniam
1298 1415 1367 1468 quae

875 1488 1000 1543 accidunt
1019 1487 1122 1541 nomini
1145 1504 1178 1541 ea
1200 1485 1294 1540 ordine
1307 1485 1366 1536 uni·

874 1596 950 1634 versa
967 1577 1161 1635 tractavimus.
1187 1585 1214 1629 et
1233 1573 1293 1628 ideo
1314 1573 1365 1624 iam

877 1665 1010 1720 ablativos
1027 1678 1105 1718 casus
1126 1661 1228 1716 numeri
1248 1659 1365 1728 singula-

876 1753 929 1811 ris.
948 1751 1047 1823 quibus
1061 1749 1104 1804 rel
1116 1760 1183 1819 quot
1202 1747 1301 1802 litteris
1319 1746 1368 1799 de»

877 1839 1025 1896 finiantur.
1042 1837 1192 1892 doceamus·

910 1925 1071 1980 Deablativo
1078 1941 1139 1977 casu
1147 1952 1168 1971 ··
1177 1918 1316 1996 Ablativus
1326 1935 1368 1971 ca·

875 2033 920 2070 scs
932 2013 1033 2068 numeri
1054 2011 1196 2081 singularis
1212 2019 1311 2082 septem
1325 2008 1368 2063 bia

874 2099 975 2155 litteris
984 2100 1110 2153 definitur
1119 2107 1238 2152 tautum.
1250 2095 1301 2148 hoc
1311 2103 1366 2149 est·

875 2189 1011 2246 vocalibus
1033 2190 1154 2260 quinque
1174 2206 1211 2237 ιιι·
1221 2203 1246 2238 e·
1257 2185 1277 2235 i·
1288 2203 1314 2238 o·
1335 2200 1362 2233 u·

878 2276 1078 2335 semivocalibus
1091 2276 1195 2328 duabus
1209 2289 1304 2326 ·m·s·.
1317 2269 1368 2322 lla·

876 2386 935 2421 rum
951 2364 1114 2434 singularum
1136 2363 1265 2417 rationem
1288 2356 1366 2412 rubi·

878 2459 981 2515 cimus.
999 2473 1055 2527 qua
1075 2453 1248 2507 dinoscantur
1263 2447 1370 2502 nomina

880 2543 1100 2617 quemadmodum
1117 2539 1261 2595 secundum
1274 2535 1371 2591 turmas

878 2651 939 2690 suas
952 2652 997 2705 per
1007 2650 1081 2694 casus
1093 2629 1265 2684 declinentur·
1279 2625 1319 2678 De
1331 2640 1368 2675 ια·

880 2750 894 2763 -
905 2723 1007 2776 Littera
1027 2738 1063 2771 ·a·
1087 2716 1220 2771 ablativus
1235 2729 1311 2766 casus
1323 2728 1372 2764 nn·

881 2809 945 2862 meri
965 2805 1105 2875 singularis
1124 2801 1278 2857 terminatus
1297 2813 1370 2866 geue·
1418 2827 1421 2831 ·

881 2916 911 2952 ra
936 2897 1002 2952 haec
1022 2897 1074 2949 tria
1098 2895 1218 2947 continet
1241 2898 1370 2945 tautum·

883 2985 1055 3039 masculinum
1073 3018 1081 3040 .
1104 2979 1280 3035 femininum.
1298 2990 1372 3028 oom-

882 3091 968 3128 mune·
987 3101 1000 3113 -
1017 3071 1057 3123 Dc
1073 3084 1165 3138 genere
1185 3062 1369 3118 masculino--

883 3157 1028 3216 Masculini
1049 3154 1151 3224 generis
1170 3149 1277 3204 nomina
1302 3163 1372 3219 quae

883 3251 1000 3305 ablativo
1018 3264 1081 3300 casu
1102 3242 1204 3298 numeri
1230 3242 1371 3312 singularis
1421 3280 1435 3299 ,
1517 3276 1523 3285 .

883 3356 919 3391 ·a·
948 3337 1040 3390 littera
1072 3332 1278 3388 terminantur.
1305 3330 1371 3383 baec

884 3422 1046 3480 nominativo
1059 3437 1121 3473 casu
1137 3419 1239 3473 numeri
1254 3419 1372 3487 singula·

882 3513 919 3565 ris
939 3521 1066 3581 quattuor
1084 3509 1128 3563 bis
1141 3508 1231 3564 formis
1242 3506 1371 3561 deduiun·

885 3615 927 3657 tur
945 3609 1049 3655 tantum
1064 3616 1101 3649 ·a·
1121 3598 1157 3651 ia·
1172 3616 1209 3651 as·
1224 3615 1262 3652 es·

1076 3704 1112 3741 nr
1140 3703 1177 3740 ·a·

919 3776 1105 3845 Quaecumque
1135 3777 1240 3829 nomina
1273 3766 1375 3842 generis

884 3862 1024 3915 masculini
1043 3861 1161 3917 ablativo
1172 3901 1176 3908 ›
1186 3879 1248 3916 casu
1274 3857 1374 3914 numeri

882 3952 1022 4021 singularis
1033 3969 1067 4003 ·a·
1080 3951 1170 4005 littera
1179 3951 1373 4005 terminantur.

883 4051 910 4092 et
929 4039 1092 4095 nominativo
1111 4056 1172 4092 casu
1198 4037 1299 4092 numeri
1319 4034 1379 4089 sin·
