3382 5206
648 576 660 584 ’
738 610 783 655 on
810 610 966 659 aomina.

333 726 390 760 rum
405 709 614 779 Senrproniornnr
629 748 636 769 ,
653 711 695 765 his
708 713 825 784 Sempro·

328 799 400 853 niis.
429 799 477 853 hos
503 801 686 870 Sempronius,
712 821 727 854 o
748 803 819 854 Sem-

327 885 438 956 pronii,
463 885 496 936 ab
521 886 563 938 bis
582 888 751 957 Semproniis·
778 890 821 964 sqc

325 985 354 1027 et
365 975 417 1026 alia
427 975 528 1041 generis
542 976 678 1028 masculini
698 977 820 1033 nomina,

328 1079 396 1130 quae
412 1061 530 1115 ablativo
552 1081 615 1115 casu
638 1066 738 1116 numeri
766 1065 818 1117 sin.

328 1148 426 1216 qularis
442 1171 477 1202 ·o·
494 1151 583 1204 littera
594 1153 780 1210 terminantur,
793 1164 820 1205 et

329 1235 492 1289 nominativo
514 1256 574 1289 casu
603 1241 705 1290 numeri
728 1240 820 1305 siugu-

329 1322 391 1374 laris
413 1341 466 1376 ·us·
486 1324 588 1391 syllaba
612 1337 671 1395 post
693 1326 723 1375 ·i·
744 1325 818 1378 litte-

330 1425 385 1459 ram
414 1410 593 1467 definiuntur,
615 1413 648 1463 ad
673 1412 820 1482 exemplum

329 1497 474 1566 Sempronii
494 1517 539 1568 per
559 1518 648 1553 omnes
661 1517 754 1552 casuus
773 1500 821 1552 ile·

330 1584 473 1638 cliuantur.

365 1675 441 1726 Nunc
470 1675 498 1727 in
525 1675 574 1727 hac
611 1675 693 1728 lorma
722 1678 821 1744 generis

329 1761 488 1818 masculini,
507 1781 561 1830 qua
590 1762 706 1816 diximus
727 1763 821 1814 ablati·

331 1870 363 1904 vo
390 1869 452 1904 casu
467 1852 567 1904 numeri
600 1852 740 1920 singularis
771 1871 821 1905 no-

330 1938 447 1991 mina-o·
462 1939 550 1991 littera
567 1940 717 1994 terminari,
728 1949 755 1991 et
771 1958 820 1992 no·

321 2014 459 2077 'minativo
478 2041 540 2078 casu
560 2025 660 2078 numeri
680 2025 821 2092 singularis

330 2130 380 2164 ·us·
399 2111 500 2181 syllaba
520 2125 581 2166 ante
597 2116 627 2165 ·i·
649 2115 764 2166 litteram
778 2115 820 2166 dc·

331 2200 420 2257 liniri,
441 2201 598 2270 quaeritur,
616 2219 670 2269 qna
688 2201 721 2253 de
740 2218 820 2253 causa

332 2289 468 2341 vocativus
483 2306 558 2340 casus
569 2290 670 2341 numeri
680 2289 821 2355 singularis

332 2376 366 2427 ab
384 2376 520 2445 aliquibus
541 2376 691 2429 nominibus
716 2377 746 2427 ·i·
773 2378 822 2430 lit-

331 2475 385 2517 tera
406 2466 572 2521 terminetur,
599 2477 626 2519 et
639 2466 672 2517 ab
687 2465 822 2535 aliquibus

331 2568 366 2603 .e.
380 2551 470 2603 littera
489 2552 648 2608 deliniatur,
665 2564 694 2604 ut
715 2564 780 2621 puta
806 2573 821 2605 o

331 2637 465 2693 Mercurii,
478 2650 505 2689 et
517 2660 532 2690 o
544 2635 602 2707 pio?
613 2640 699 2706 Quare
710 2640 759 2691 lroc
771 2659 823 2691 tito·

331 2744 440 2783 nemus,
456 2720 528 2795 quorl
545 2727 595 2780 hoc
616 2730 642 2779 in
667 2730 739 2781 sonis
758 2747 822 2780 con-

332 2828 451 2886 petenter
471 2828 583 2869 tractare
598 2816 746 2871 debeamus.
758 2820 822 2870 ltem

332 2906 359 2956 in
377 2906 426 2957 lrac
444 2907 622 2975 suprascripta
642 2907 721 2958 forma
738 2926 822 2977 qnae·

333 3003 415 3049 ratur,
438 3011 491 3061 qna
507 2993 540 3044 de
561 3012 640 3045 causa
661 3014 677 3046 o
696 2994 821 3046 lilercurii

331 3096 375 3148 per
397 3080 463 3132 duos
490 3081 519 3130 ·i.
544 3077 700 3132 scribatur?
718 3081 769 3130 liae
789 3079 822 3130 ale

332 3185 425 3221 causa.
444 3170 568 3237 qnoniam
580 3187 760 3237 quaecumque
778 3188 824 3221 no·

332 3254 401 3305 mina
423 3254 538 3307 ablativo
557 3274 618 3307 casu
639 3256 737 3307 numeri
764 3256 820 3308 sin·

330 3341 426 3405 gularis
438 3362 472 3393 ·u·
486 3342 574 3394 littora
589 3346 763 3394 terminantur
775 3380 781 3399 ,
793 3354 820 3395 et

331 3428 494 3481 nominativo
513 3446 575 3480 casu
601 3434 702 3481 numeri
730 3429 819 3495 singu·

332 3516 393 3569 laris
414 3538 464 3571 ·us·
484 3519 584 3589 syllaba
604 3531 662 3589 post
687 3520 718 3570 ·i.
746 3519 821 3572 litte·

324 3625 385 3679 ¹ram
395 3608 557 3662 deliniuntur
568 3645 575 3667 ,
586 3610 651 3661 haec
673 3609 820 3662 vocativum

329 3712 418 3747 casum
432 3699 533 3750 numeri
547 3697 688 3760 singularis
702 3715 761 3750 cum
775 3717 820 3750 no·

331 3784 461 3838 minativo
489 3802 550 3839 casu
575 3787 691 3839 eiusdem
719 3786 822 3839 numeri

330 3873 473 3942 singularis
495 3874 554 3945 pari
574 3893 681 3928 numero
703 3872 821 3943 syllaba-

332 3982 388 4015 rum
407 3962 541 4020 scribunt,
559 3974 587 4016 et
606 3964 665 4016 ideo
683 3981 699 4015 o
718 3964 824 4016 bleren-

330 4051 364 4103 rii
383 4070 429 4123 per
448 4052 514 4104 duas
546 4052 577 4103 ·i.
609 4052 712 4106 litteras
739 4049 821 4104 scribi

1269 599 1334 664 ani

881 715 1080 784 pronuntiatur.

911 799 978 850 Sane
993 799 1019 850 in
1039 799 1088 850 bac
1098 816 1179 870 supra
1194 802 1266 856 dicta
1286 800 1369 856 torma

876 887 925 939 boc
950 902 1101 944 monemus,
1122 889 1195 958 quod
1214 890 1265 943 boc
1286 907 1369 944 uuum

875 993 967 1028 nomen
991 985 1122 1033 tantum,
1151 979 1179 1030 id
1206 989 1248 1032 est
1275 978 1370 1040 elliu,

873 1080 953 1130 quam
990 1062 1103 1115 manime
1143 1075 1248 1134 propter
1283 1076 1367 1119 struc-

874 1158 948 1199 turas
967 1150 1088 1214 genetivo
1107 1161 1134 1203 et
1144 1151 1236 1205 dativo
1245 1168 1307 1205 casu
1320 1173 1369 1206 nu·

873 1238 937 1288 meri
955 1237 1099 1310 singularis
1117 1240 1156 1292 sic
1174 1242 1291 1295 anomale
1306 1261 1369 1297 eon·

872 1327 1002 1376 firmatum
1029 1326 1064 1378 sit
1093 1326 1241 1386 declinari,
1259 1329 1308 1382 boc
1326 1340 1367 1385 cst

872 1409 952 1462 buius
972 1411 1062 1468 alius,
1081 1413 1144 1465 buie
1163 1413 1227 1467 aliie
1253 1426 1281 1469 at
1305 1434 1367 1470 veru

874 1515 919 1568 per
934 1508 1035 1552 ceteros
1046 1518 1138 1554 casuus
1151 1502 1287 1554 adsunam
1298 1503 1367 1557 Sem-

873 1584 961 1654 pronii
991 1584 1085 1638 debeat
1114 1587 1250 1640 declinari·
1288 1589 1368 1642 Nunc

873 1671 954 1722 etiam
971 1671 1022 1724 hoc
1040 1691 1191 1732 monemus,
1224 1674 1297 1745 quod
1316 1677 1367 1730 boc

875 1759 1058 1828 supradictum
1078 1780 1174 1816 nomen
1191 1775 1298 1834 propter
1316 1783 1370 1818 rne-

875 1855 917 1897 tra
934 1846 963 1897 iu
982 1845 1065 1900 isdem
1084 1849 1246 1921 supradictis
1259 1851 1367 1905 casibus

874 1943 901 1984 et
919 1936 1036 1988 anomale
1054 1946 1082 1989 et
1100 1956 1153 1990 non
1172 1939 1290 1992 anomale
1304 1958 1367 2012 per·

874 2037 980 2074 nassum
989 2024 1026 2075 sit
1039 2024 1176 2076 declinari.
1188 2025 1238 2078 sea
1255 2026 1307 2079 hnc
1320 2044 1367 2079 no·
1420 2073 1423 2077 .

874 2124 933 2159 men
952 2125 1005 2176 qua
1025 2110 1156 2164 decanea
1176 2111 1205 2164 in
1225 2113 1370 2184 supradic-

874 2195 908 2247 tis
939 2196 1044 2251 casibus
1077 2210 1184 2270 propter
1219 2212 1368 2256 structuras

874 2282 913 2334 sic
931 2286 1047 2337 anomale
1065 2288 1247 2339 confirmatum
1257 2288 1294 2342 sit
1309 2307 1370 2360 pro·

875 2373 1004 2428 nuntiari,
1015 2383 1042 2425 et
1053 2373 1081 2425 in
1088 2375 1178 2427 metris
1186 2376 1305 2429 anomale
1314 2395 1370 2448 per-

873 2460 979 2512 missum
996 2461 1032 2513 sit
1042 2461 1190 2521 declinari,
1207 2479 1266 2518 cum
1280 2465 1315 2517 ad
1330 2484 1368 2518 ra·

875 2545 973 2597 tionem
992 2558 1133 2599 metrorum
1153 2548 1193 2601 vel
1217 2562 1368 2603 structura-

876 2650 932 2682 rum
950 2635 1096 2685 venerimus
1107 2671 1114 2690 ,
1126 2634 1181 2686 illic
1196 2646 1367 2706 conpetenter

875 2720 1056 2774 tractabimus.

912 2812 980 2874 liena¹
1000 2815 1027 2863 in
1046 2810 1095 2862 hac
1115 2809 1300 2883 suprascripta
1318 2813 1370 2869 lor·

875 2919 916 2950 nra
943 2902 1080 2970 quaeritur
1103 2937 1110 2958 ,
1139 2917 1193 2970 qua
1225 2900 1258 2952 de
1287 2919 1368 2956 carue

874 2989 979 3040 nomina
998 3008 1043 3059 per
1062 2989 1164 3059 aliquos
1185 3005 1266 3060 supra
1286 2990 1369 3044 decli·

876 3087 951 3127 natos
970 3094 1064 3128 casnus
1096 3096 1141 3146 per
1166 3076 1232 3130 duas
1261 3077 1290 3130 ·i·
1318 3078 1369 3132 lit-

876 3175 945 3216 teras
974 3167 1155 3235 repperiantur
1181 3163 1291 3220 scribi?
1316 3167 1367 3221 bac

875 3251 908 3302 de
925 3268 1021 3307 causa,
1041 3252 1168 3319 qnoniam
1187 3270 1368 3324 quaecumque

873 3336 980 3389 nomina
999 3338 1100 3404 generis
1118 3341 1259 3393 masculini
1278 3344 1367 3394 norni-

873 3428 964 3479 nativo
996 3446 1058 3479 casu
1092 3429 1193 3480 numeri
1223 3428 1367 3495 singularis

874 3533 924 3565 ·ns·
944 3513 1045 3581 syllaba
1064 3524 1123 3583 post
1141 3515 1171 3566 ·i·
1191 3513 1309 3571 litteram
1322 3515 1367 3571 de·

873 3603 1022 3657 liniuntur,
1041 3603 1106 3652 baec
1125 3602 1243 3674 exceptis
1263 3621 1366 3659 enome-

872 3691 904 3743 lis
922 3701 949 3743 et
967 3690 1087 3758 genetivo
1106 3708 1168 3742 casu
1185 3691 1289 3746 nunreri
1307 3693 1368 3764 plu·

874 3779 936 3831 ralis
953 3798 999 3849 por
1017 3790 1116 3832 ceteros
1136 3796 1230 3833 casuus
1248 3780 1368 3852 parinu-

875 3885 945 3922 mero
962 3865 1123 3936 syllabarum
1149 3879 1256 3940 oportet
1274 3869 1365 3925 scribi.

877 3959 943 4011 ltem
962 3968 989 4009 et
1009 3957 1062 4009 alia
1081 3956 1225 4028 probatio,
1243 3977 1297 4028 qua
1320 3958 1370 4013 do-

877 4059 968 4102 centur
986 4048 1051 4100 haec
1076 4048 1246 4119 supradictas
1272 4047 1369 4107 torum
