3382 5206
1263 590 1329 666 153
1370 557 1372 561 ’

447 695 448 698 Ὗ
522 727 1167 830 cnluuanrcus

421 898 681 971 ANTtQutsstMts
699 898 857 950 LITTERIS
877 899 912 952 IN
935 899 1117 954 vaticino
1137 901 1266 956 CODICE

760 1038 923 1091 sculptus

407 1215 520 1286 anu
543 1213 636 1271 nssn
659 1184 897 1271 PROBUM
921 1215 964 1273 iu
989 1214 1275 1274 onlnrlrroun

720 1398 960 1448 solstitiis,

482 1622 504 1656 1.
526 1620 560 1657 n}
584 1621 667 1658 VOOE·

329 1731 418 1846 Vox
436 1783 492 1835 sive
512 1801 590 1835 sonus
609 1792 648 1833 est
673 1788 716 1833 aer
746 1782 813 1832 ictus

329 1872 354 1924 id
364 1884 405 1926 est
413 1889 550 1944 percussos
560 1871 583 1941 (r
594 1869 755 1945 ).scnsibilis
765 1891 812 1922 iau-

328 1961 387 2012 ditu
407 1972 537 2030 quantum
559 1960 585 2010 in
608 1960 664 2028 ipso
683 1969 740 2014 est,
764 1957 814 2010 hoc

328 2061 368 2101 est
381 2050 510 2118 quamdiu
525 2059 638 2101 resonat·
657 2048 733 2100 Nunc
749 2065 816 2100 coui-

330 2140 417 2192 munis
435 2158 484 2192 vox
499 2174 505 2192 .
523 2139 579 2190 sive
597 2156 693 2193 sontis.
712 2147 759 2190 aut
777 2155 813 2187 or·

329 2231 439 2281 titulata
458 2237 560 2278 estant
580 2226 703 2279 confusa:
719 2227 813 2278 articu-

328 2319 383 2370 lata
402 2328 457 2374 est,
476 2335 529 2385 qua
548 2315 666 2367 homines
691 2313 812 2366 locuntur

330 2417 356 2457 et
369 2404 466 2457 litteris
480 2401 657 2472 conprehendi
667 2410 755 2470 potest
765 2436 772 2454 .
782 2410 813 2452 ut

330 2505 405 2565 pute,
414 2491 499 2545 scribe
508 2491 602 2543 Cicero
614 2526 621 2546 ‚
631 2489 732 2557 Vergili
743 2490 813 2555 lege.

330 2595 356 2635 ct
374 2592 460 2635 cetera
481 2578 560 2631 taliae
575 2578 680 2630 confusa
694 2597 754 2631 vero
768 2587 814 2630 out

331 2669 483 2722 animalium
500 2678 547 2719 aut
561 2667 744 2718 inanimalium
758 2677 815 2722 cst,

330 2774 399 2826 qnae
410 2755 508 2807 litteris
520 2752 695 2823 conprehendi
708 2771 758 2804 non
771 2771 814 2821 po·

331 2857 393 2898 test·
413 2843 574 2896 Animalium
592 2853 647 2898 est,
675 2852 705 2892 ut
731 2851 814 2909 puta.

330 2953 456 3003 equorum
482 2931 603 2984 hinnitus
624 2967 630 2985 ‚
657 2929 743 2981 rabies
767 2948 814 2979 ca-

331 3043 411 3079 uum,
431 3024 536 3075 ruditus
556 3022 688 3076 ferarum,
707 3038 815 3090 serpen-

331 3113 397 3164 tium
417 3113 526 3168 sibilus.
546 3112 634 3164 onium
654 3121 764 3167 cantus,
789 3118 816 3160 et

330 3212 416 3252 cetera
435 3201 514 3252 talia:
531 3199 710 3251 inanimalium
726 3207 813 3248 autem

330 3297 385 3343 est.
406 3297 436 3338 ut
455 3299 535 3356 puta,
553 3286 732 3354 cymbalorum
758 3286 814 3338 tin-

332 3386 418 3430 nitus.
434 3376 592 3442 flagellorum
607 3375 734 3444 strepitus
748 3411 753 3430 ‚
768 3394 814 3426 un·

331 3461 423 3511 darum
442 3462 550 3530 pulsus,
572 3464 663 3513 ruinae
682 3477 773 3517 casus,
789 3465 814 3512 li·

328 3547 414 3599 stolae
423 3548 545 3602 nuditus,
555 3560 581 3600 et
590 3559 675 3600 cetera
684 3549 757 3600 talia.
769 3550 815 3600 list

328 3648 355 3690 et
374 3637 482 3690 contusa
501 3659 551 3691 vox
564 3639 621 3692 sive
639 3657 721 3693 sonus
733 3639 816 3690 homi-

330 3745 392 3778 num
421 3745 490 3796 quae
516 3728 612 3781 litteris
640 3729 815 3799 conprehendi

870 1602 911 1654 vel
930 1601 1071 1662 sibilacus.
1091 1606 1207 1677 pectoris
1226 1606 1357 1676 mugitus·

869 1701 894 1742 et
915 1703 1000 1744 cetera
1020 1693 1093 1745 talia.
1109 1694 1147 1746 De
1166 1711 1229 1748 voce
1247 1695 1304 1749 sive
1315 1712 1354 1748 so·

869 1800 927 1837 no.
956 1794 1085 1852 quantum
1112 1785 1181 1838 ratio
1208 1784 1353 1856 poscebat.

868 1873 1049 1925 tractavimus.

1020 2068 1044 2104 2·
1064 2068 1098 2104 D!
1119 2067 1201 2106 tm.

871 2167 1354 2297 Arscstuniuscuiusqucreiscien·

868 2317 922 2374 tia,
937 2335 1036 2370 summa
1046 2316 1197 2370 subtilitate
1212 2317 1355 2389 adprehen-

868 2423 905 2456 sa·
927 2406 993 2458 Nam
1006 2417 1034 2459 et
1050 2406 1145 2459 Graeci
1164 2407 1215 2463 dno
1235 2413 1281 2474 τῆς
1300 2407 1358 2482 cipr-

866 2498 930 2557 τῆς,
950 2513 965 2544 a
986 2495 1084 2546 virtute
1104 2493 1246 2547 censebant
1272 2507 1354 2548 artem

867 2599 923 2634 esse
942 2580 1095 2633 dicendam:
1116 2580 1230 2634 undeet
1255 2594 1355 2637 veteres

870 2667 1112 2736 artemprovirtute
1121 2666 1271 2736 frequenter
1280 2687 1354 2721 usur·

867 2765 941 2825 pant.
961 2754 1036 2805 Nunc
1055 2754 1136 2807 huius
1157 2757 1237 2813 ortis.
1266 2757 1293 2809 id
1317 2770 1357 2812 est

869 2842 1076 2910 grouruadcae,
1104 2843 1191 2898 omnis
1214 2844 1357 2900 dumtaxat

870 2931 990 2983 latinitas
1004 2948 1036 2984 ex
1049 2933 1153 2987 duabus
1167 2932 1357 3005 partibuncon·

870 3030 924 3072 stat
935 3055 942 3074 ‚
955 3020 1005 3071 hoc
1014 3031 1055 3072 est
1066 3039 1097 3073 ex
1110 3021 1231 3089 analogia
1246 3032 1274 3075 et
1290 3039 1357 3091 cno-

870 3107 958 3157 malia.
973 3106 1034 3159 ldco
1053 3109 1194 3178 utriusque
1213 3111 1297 3180 partis
1313 3128 1358 3162 ra·

870 3197 967 3248 tionem
987 3195 1140 3248 subicimus.

988 3369 1013 3425 3.
1033 3389 1067 3428 nn
1089 3388 1239 3428 auianum.

873 3492 1031 3618 Analogia
1048 3563 1088 3605 est
1103 3555 1173 3605 ratio
1188 3563 1259 3606 recta
1273 3570 1358 3623 persc-

872 3656 964 3691 verans
983 3658 1028 3710 per
1048 3641 1176 3709 integram
1198 3643 1359 3699 declinatio·

873 3722 914 3780 nii
934 3729 1118 3800 disciplinam:
1139 3745 1185 3791 ut,
1204 3746 1287 3805 puta,
1314 3735 1360 3790 bie

326 3835 377 3871 non
407 3828 512 3889 potest.
531 3827 561 3869 ut
582 3828 661 3888 puta.
682 3817 818 3869 orinrisus
873 3817 1009 3875 Catilina,
1029 3818 1094 3872 haec
1112 3820 1192 3893 lupa,
1212 3821 1262 3875 boc
1290 3825 1357 3877 scri-

379 3937 418 4005 (1)
438 3943 483 3985 lluc
503 3941 657 3999 antiquissimi
677 3941 819 3998 grammatici
838 3941 909 3982 anitii
927 3941 1019 3984 initium
1037 3940 1132 3987 fortune
1148 3960 1202 4001 pne
1219 3945 1292 3991 oculis
1309 3946 1353 3989 lra-

339 4017 392 4061 bnit
408 4018 542 4062 Lactantio·
561 4016 589 4058 d«
606 4016 661 4074 opis·
682 4020 705 4056 l).
724 4031 773 4072 cap.
792 4020 817 4057 l'·
837 4015 890 4057 dum
910 4018 1018 4061 scriberet
1030 4031 1035 4060 :
1048 4027 1200 4074 gramnratr'cr'
1215 4032 1288 4083 atque
1301 4025 1353 4085 ptr.

340 4092 429 4159 loaoplra‘
448 4106 527 4136 vocem
543 4107 598 4139 me
614 4092 729 4152 definiant
745 4094 824 4133 ar'rem
840 4097 926 4149 spiritu
945 4096 1104 4138 verberatum.
