3382 5206
344 571 392 645 88
708 596 859 648 rrvsront
885 600 929 647 vr.

320 705 399 778 nim
419 705 578 779 interea·
599 707 901 782 coniunctionem
920 704 1133 782 rationalem
1149 691 1216 808 pro
1238 730 1339 803 ergo.

319 823 487 899 Dicimus
516 827 624 899 etiam
648 828 808 902 interea·
829 827 1041 903 adverbium
1068 826 1240 928 temporis
1272 853 1337 926 pro

319 961 419 1021 tunc.
432 942 599 1018 Dicimus
614 946 721 1019 etiam
731 946 804 1019 loci
820 947 1031 1021 adverbium
1048 1005 1057 1036 ,
1078 963 1119 1020 ut
1131 945 1215 1019 ·ubi·
1228 943 1338 1017 Tune

321 1064 429 1138 etiam
448 1064 526 1165 ipso
546 1065 719 1140 dictionis
739 1066 924 1140 breviatur
938 1084 1105 1141 accentu.
1120 1063 1217 1138 Sunt
1230 1062 1338 1136 etiam

322 1184 602 1258 coniunctiones
623 1186 855 1275 retelativae,
876 1213 968 1288 quac
990 1213 1138 1259 sensum
1156 1183 1337 1269 revelant,

321 1321 363 1377 ut
376 1303 534 1380 scilicet·
545 1305 723 1380 videlicet·
735 1306 844 1379 ilicet·

311 1461 315 1470 ·
401 1424 435 1500 5.
464 1422 568 1499 Scire
591 1444 628 1499 et
646 1428 717 1501 hoc
736 1426 913 1500 debemus
934 1424 1033 1526 quod
1055 1423 1337 1497 coniunctiones

324 1570 449 1617 omnes
475 1563 539 1618 aut
563 1545 849 1645 praepositivae,
869 1561 931 1617 aut
958 1542 1211 1617 subiunctivae
1238 1600 1248 1631 ‚
1276 1559 1338 1616 aut

327 1688 538 1736 communes
560 1679 656 1736 sunt.
671 1661 770 1735 Sunt
790 1663 898 1735 etiam
919 1691 1011 1762 quae
1032 1661 1169 1734 nullius
1190 1659 1337 1733 ordinis.

312 1777 428 1875 ¹Sunt
447 1780 705 1880 praepositivae
728 1797 782 1854 et·
800 1797 845 1853 at·
871 1782 911 1853 si·
931 1780 1115 1881 quoniam·
1140 1807 1193 1852 ac·
1220 1794 1339 1878 atque·

326 1928 456 2000 porro·
477 1917 651 1974 ceterum·
672 1929 784 1975 ceros.
806 1900 1070 1974 Subiunctivae
1085 1916 1227 1971 nutem·
1245 1925 1340 1974 vero·

328 2020 593 2122 que-scilicet,
615 2038 650 2094 et
671 2038 823 2093 ceterae.
849 2019 1071 2093 Communes
1089 2046 1195 2114 ergo·
1206 2017 1341 2118 itaque·

328 2140 431 2213 ideo·
448 2138 596 2212 idcirco·
609 2169 673 2240 per
692 2142 772 2213 hoc·
784 2140 894 2240 quod·
912 2139 1077 2241 proinde·
1097 2139 1202 2237 epita·
1219 2137 1341 2234 igitur·

329 2286 422 2361 ·que·
434 2257 581 2332 Nullius
596 2260 733 2331 ordinis
746 2278 833 2332 sunt
842 2259 996 2333 iterum·
1009 2257 1192 2358 paulatim·
1205 2257 1340 2331 saltim:

327 2374 404 2452 non
425 2379 524 2451 enim
536 2378 581 2452 ad
594 2379 761 2453 ordinem
780 2379 976 2469 dictionis,
998 2379 1061 2451 sed
1073 2379 1115 2450 ad
1130 2377 1340 2478 qualitatem

273 2545 278 2561 ›
326 2525 455 2573 sensus
475 2498 642 2575 attinent
747 2514 748 2517 ’

407 2617 441 2692 6.
467 2615 609 2690 Possim
634 2615 783 2719 quidem
807 2617 853 2691 de
875 2617 1140 2692 coniunctione
1167 2614 1275 2714 paulo
1295 2614 1342 2686 la-

327 2737 401 2811 tius
421 2752 599 2824 tractare,
618 2736 680 2808 sed
701 2736 786 2836 quia
807 2751 844 2808 et
863 2763 883 2808 a
903 2735 1008 2809 nobis
1029 2751 1066 2806 et
1086 2763 1104 2806 a
1124 2733 1248 2806 multis
1268 2759 1343 2805 sae-

328 2885 372 2958 pe
386 2856 561 2955 scriptum
575 2872 629 2928 est
645 2912 654 2944 ,
673 2854 811 2928 idcirco
823 2855 938 2954 posita
951 2883 1025 2927 una
1038 2853 1201 2926 dictione
1217 2910 1227 2941 ,
1248 2881 1339 2954 quae

328 2976 428 3050 utilis
447 2978 524 3049 fore
551 2975 756 3071 legentibus
779 2974 961 3047 censenda
989 2990 1068 3061 est,
1090 2990 1209 3045 cetera
1234 2971 1343 3055 relin-

329 3122 482 3197 quemus
507 3077 771 3168 intacta.Duae
801 3092 1081 3166 coniunctiones
1110 3092 1140 3164 oi
1169 3091 1277 3164 simul
1302 3091 1341 3164 in

329 3212 490 3288 dictione
511 3212 648 3314 positae
676 3210 839 3299 suerint,
859 3210 897 3283 id
925 3228 979 3282 est
1004 3208 1214 3307 completiva
1235 3225 1272 3283 et
1292 3236 1345 3282 ra·

330 3329 501 3419 tionalis‚
522 3358 542 3401 a
557 3356 640 3402 sese
660 3329 846 3402 solventur
862 3385 871 3416 ,
885 3343 920 3400 et
940 3326 1076 3400 nullius
1094 3326 1244 3401 ulterius
1264 3356 1344 3401 sen-

331 3452 465 3525 tentiae
485 3449 580 3523 ratio
599 3467 795 3549 poscetur:
822 3466 889 3536 ut,
916 3448 1090 3548 quoniam
1111 3477 1194 3545 ergo
1218 3506 1228 3538 ,
1256 3449 1343 3550 quia

333 3569 463 3666 igitur,
484 3567 567 3640 ideo
588 3568 694 3668 quia,
715 3567 814 3640 unde
835 3565 1027 3666 quoniam,
1048 3567 1222 3666 quoniam
1240 3567 1346 3641 idcir-

308 3717 410 3778 eo,
441 3705 477 3761 et
509 3706 660 3764 ceterae.
685 3687 753 3761 His
781 3687 890 3760 dictis
920 3687 1002 3759 finis
1030 3688 1201 3786 epistolae
1235 3688 1345 3788 impo-

334 3807 480 3882 nendus
501 3824 565 3880 est.

535 4070 683 4115 Exrttctr
701 4068 797 4116 sum
815 4069 857 4115 nt:
877 4069 1132 4117 CONIUNCTIONE.
