3382 5206
348 554 419 604 rao
541 539 548 554 ”
729 555 871 602 aaaron
899 552 941 603 tv.

317 664 449 739 dicitur
455 663 537 764 quia
549 661 642 735 eolus
656 688 717 762 per
727 660 821 734 diem
833 662 887 735 sui
900 661 1046 760 fulgoris
1054 662 1086 734 vi
1099 665 1334 737 totumorhem

317 782 500 873 obtundit,
520 810 591 857 una
604 782 711 855 stellis
722 809 806 857 cum
817 782 939 855 lunam
949 782 1090 878 lustrat3
1112 783 1167 856 vel
1181 801 1272 857 certe
1283 784 1333 875 sol

316 932 359 980 ex
372 902 623 991 sollcnmitatc,
641 902 710 975 hoc
725 919 775 975 est
785 901 1022 976 habundantia
1039 903 1231 1003 splendoris
1242 932 1333 979 nun·

318 1038 478 1123 cupatur.
510 1019 612 1094 Luna
643 1047 662 1093 a
688 1021 839 1120 quadam
867 1019 981 1094 Diana
1011 1023 1213 1101 aestiuutur
1243 1051 1332 1123 quae

317 1167 454 1217 numen
488 1139 536 1240 (a)
562 1139 804 1216 vocitabatur:
826 1140 886 1213 sed
913 1140 1007 1241 quod
1027 1142 1160 1230 verius,
1188 1142 1271 1214 luna
1290 1171 1331 1215 ex

320 1263 396 1363 ipso
414 1254 551 1333 lumine
575 1276 726 1336 vocatur.
756 1259 862 1334 Stella
882 1288 901 1333 a
921 1261 1074 1361 quodam
1102 1260 1253 1335 Stelline
1278 1290 1335 1335 vo·

320 1380 425 1453 citata
443 1396 521 1467 eat,
543 1404 652 1478 quem
677 1378 803 1452 dicunt
828 1379 984 1477 aurigam
1006 1381 1112 1452 [uisse
1138 1381 1335 1461 stellarum:
1417 1365 1425 1379 ⁶

320 1500 380 1574 scd
398 1498 514 1573 stellae
535 1525 655 1571 omnes
680 1499 759 1571 ideo
784 1499 953 1572 dicendae
979 1517 1087 1587 sunt,
1113 1499 1198 1600 quia
1227 1500 1334 1572 veluti

320 1617 490 1722 quaedam
510 1616 683 1690 sttlhcnha
703 1615 897 1723 levivolatu
911 1616 1127 1692 discurrunt.
1149 1615 1222 1691 Sed
1243 1619 1336 1690 inter

323 1737 437 1813 stellas
456 1753 492 1809 ct
511 1752 598 1808 astra
617 1752 653 1808 et
671 1736 805 1824 sidera,
826 1764 916 1836 quae
936 1737 996 1808 tria
1019 1764 1145 1833 genera
1160 1753 1241 1809 sunt
1261 1764 1336 1808 cae·

321 1858 417 1933 Iastia
436 1873 601 1945 ornatus,
621 1856 687 1927 hae
706 1855 924 1928 differentiae
940 1885 950 1950 3
970 1856 1051 1955 quia
1071 1856 1185 1929 stellae
1199 1874 1236 1930 ut
1253 1856 1338 1928 dixi·

323 2003 404 2051 mus
423 1975 468 2049 de
488 1974 646 2049 stillando
666 1974 891 2061 derivantur,
918 1990 1007 2046 astra
1027 1973 1070 2046 de
1090 1975 1249 2047 varietate
1269 1975 1340 2074 pic·

323 2114 425 2171 turae
446 2099 457 2194 (
478 2111 568 2167 aster
587 2094 737 2194 quisque
758 2122 777 2165 a
804 2093 1014 2192 philosophis
1034 2094 1146 2193 pictor
1164 2094 1339 2193 dicitur);

326 2215 422 2290 sidus
440 2213 485 2287 de
507 2214 577 2287 situ
597 2230 728 2286 motore
748 2213 959 2287 nominatur.
980 2211 1071 2310 Ergo
1091 2214 1201 2287 sidera
1222 2214 1341 2286 altissi-

325 2363 381 2411 ma
400 2352 483 2409 sunt
502 2351 693 2422 astrorum,
714 2333 831 2406 stellae
850 2333 995 2405 minima
1014 2363 1172 2434 quaeque
1192 2352 1281 2410 astra
1300 2361 1340 2407 ac

324 2457 411 2531 levia
432 2487 443 2553 ;
469 2471 567 2530 astra
586 2481 670 2528 vero
691 2454 808 2529 omnis
828 2471 969 2527 ornatus
992 2453 1175 2529 caelorum.

406 2603 438 2651 2.
464 2574 601 2648 Avidus
626 2573 669 2647 de
695 2572 858 2645 aviditate
887 2572 1055 2671 carpendi
1074 2572 1247 2645 dicendus
1267 2589 1341 2649 est:

326 2684 470 2770 volucer
488 2721 569 2767 vero
590 2693 633 2766 ab
655 2692 731 2792 ipsa
749 2691 933 2764 velocitate
952 2691 1111 2766 volandi:
1130 2680 1265 2764 volatile
1287 2719 1346 2764 au·

324 2832 399 2890 tem
423 2842 495 2888 uon
516 2814 582 2886 erit
601 2840 731 2885 nomen
751 2813 927 2910 proximae
947 2812 1149 2910 positionis,
1171 2811 1231 2884 sed
1251 2811 1341 2883 ‹leri-

328 2954 474 3025 vatum‚
510 2933 679 3034 quidquid
709 2933 802 3006 volat
841 2933 1075 3004 communiter
1105 2932 1270 3020 dicitur,
1309 2948 1344 3004 ct

325 3054 468 3129 'Catone
499 3054 673 3129 dicente:
704 3054 851 3150 sagittae
880 3053 958 3124 eius
990 3051 1143 3124 volatiles
1174 3069 1265 3125 sunt.
1298 3049 1346 3124 Et

332 3173 483 3249 Cicero:
510 3172 740 3271 elephantus,
769 3170 911 3270 inquit,
938 3170 1086 3242 volatilis
1106 3170 1143 3242 in
1163 3169 1263 3243 bello.
1282 3167 1347 3242 Be-

322 3295 398 3368 'stia
417 3293 550 3366 dicitur
575 3291 620 3364 de
647 3293 751 3362 bessu
768 3347 778 3378 ,
797 3291 865 3363 hoc
893 3308 944 3362 est
972 3317 1067 3362 more
1088 3289 1245 3364 feritatis.
1270 3286 1347 3361 Bel·

330 3415 375 3486 ba
389 3414 440 3514 (b)
452 3411 607 3499 marina,
626 3426 667 3482 ut
686 3409 831 3482 balaena
849 3409 885 3481 in
906 3436 1020 3498 marc,
1041 3437 1060 3481 a
1078 3409 1229 3510 physicis
1247 3437 1346 3482 voca·

334 3549 402 3606 tur.
426 3529 518 3605 Caro
545 3558 563 3600 a
592 3529 733 3600 caritate
761 3527 992 3624 cognitionis:
1020 3555 1147 3627 corpus
1167 3555 1187 3599 a
1206 3554 1346 3627 corrup·

331 3650 497 3724 tibilitate
519 3666 666 3720 naturae
686 3646 843 3723 dicitur:
864 3646 923 3718 scd
950 3648 1018 3719 hoc
1044 3648 1087 3718 dc
1109 3647 1272 3725 homine:
1294 3675 1347 3720 cc-

335 3787 454 3842 terum
473 3766 565 3868 quod
587 3765 676 3837 visui
698 3781 817 3864 patet,
840 3793 969 3864 corpus
987 3765 1146 3853 dicitnr,
1167 3764 1348 3864 quaeritur

334 3887 430 3961 unde
451 3885 652 3988 appellatur.
673 3882 749 3954 Pus
775 3884 811 3954 in
839 3883 1056 3983 philosophia
1084 3883 1238 3956 custodia
1262 3881 1349 3953 dici-

396 4057 433 4120 (a)
449 4056 506 4106 col.
522 4071 609 4099 nanee·
644 4049 684 4119 (h)
703 4061 740 4100 lta
759 4056 807 4099 eod·
827 4072 866 4113 piro
885 4056 965 4098 tatu«.
