3382 5206
595 527 659 596 532
899 552 925 598 a.
951 547 1130 602 tenuram
1155 555 1198 602 or
1222 555 1265 603 rr

562 647 613 714 fra
635 686 671 699 ··
696 642 815 721 vulnus
841 651 899 719 alit
923 655 1013 721 vanis
1037 672 1071 721 et
1092 678 1188 723 caeco
1214 656 1357 744 carpitur
1379 656 1465 748 igne.
1492 691 1527 705 ··
1549 639 1618 725 m

461 750 465 761 ¹
560 753 688 845 Sibylla
713 756 913 847 prophetissa
938 759 1047 824 sit-
1065 758 1258 826 denumerat
1276 760 1380 827 tacitis
1401 777 1450 826 tot
1473 763 1596 828 erimi-
1656 840 1658 845 .

560 881 604 923 na
637 859 784 926 conscius
811 857 909 927 ultor.
934 898 968 912 --
995 861 1037 927 Et
1065 860 1143 928 alibi
1177 873 1271 951 poeta
1301 861 1379 927 dicit
1407 863 1593 930 --Petrus

561 963 756 1056 apostolicae
784 969 841 1057 qul
874 968 1016 1034 eulmina
1047 967 1210 1059 praesidet
1233 971 1328 1037 areis.
1354 1002 1392 1018 -
1410 969 1593 1039 scanditur

562 1072 608 1138 ita
632 1072 787 1154 Petruss,
810 1070 949 1162 postoli,
973 1076 1090 1164 eaequi
1105 1075 1119 1164 (
1134 1097 1209 1139 ecce
1230 1096 1305 1163 pars
1329 1072 1493 1156 districti)
1517 1074 1594 1142 cul·
1626 1075 1629 1079 ’

563 1179 674 1260 mina,
697 1176 880 1266 praesidet,
901 1179 985 1245 areis
1001 1181 1012 1256 (
1026 1203 1104 1246 ecee
1125 1200 1200 1269 pars
1223 1178 1354 1267 divisi.)

631 1298 665 1353 A.
689 1285 769 1369 Quis
791 1301 839 1354 est
860 1308 971 1352 versus
996 1310 1151 1353 caesurae
1174 1283 1369 1376 priapeiae?
1397 1287 1444 1353 M.
1467 1289 1532 1372 Qui
1552 1289 1591 1372 in

554 1392 709 1484 „priapeio
729 1406 834 1458 metro
849 1389 1108 1480 deprehenditur
1134 1391 1326 1483 adscriptus.
1355 1407 1387 1460 A.
1411 1393 1517 1479 Quale
1541 1412 1592 1464 est

494 1560 502 1575 ,
561 1515 704 1569 metrum
717 1494 922 1591 priapeium?
932 1499 980 1567 Μ.
994 1498 1081 1567 Cum
1095 1498 1283 1567 hexametro
1296 1524 1391 1569 versu
1405 1502 1505 1591 primi
1522 1519 1590 1569 tres

561 1604 662 1695 pedes
678 1604 879 1672 concatenati
893 1605 978 1671 iuter
996 1629 1029 1673 se
1045 1629 1062 1667 a
1082 1600 1219 1693 reliquis
1237 1605 1343 1671 tribus
1367 1605 1593 1697 sequentibus

562 1710 656 1779 divisi
682 1710 888 1800 separatique
911 1726 996 1775 sunt.
1024 1722 1056 1776 A.
1081 1711 1208 1777 Harum
1228 1735 1339 1778 rerum
1365 1715 1589 1802 experimenta
1630 1755 1633 1759 -

560 1816 756 1884 authenticis
783 1816 928 1883 versibus
956 1814 1066 1881 doceri
1093 1814 1253 1885 desidero.
1279 1818 1326 1885 M.
1358 1817 1522 1909 Vergilius
1550 1820 1589 1884 iu

558 1921 717 1990 bucolicis
742 1957 777 1972 -
804 1935 841 1986 ut
865 1944 967 2010 puero
989 1919 1116 1989 Phoebi
1136 1923 1256 1990 chorus
1276 1921 1498 1993 adsurrexerit
1512 1949 1588 1992 om-

558 2028 619 2094 nis.
647 2026 789 2093 --Item
820 2023 992 2117 sibyllinus
1029 2049 1138 2093 versus
1170 2025 1233 2094 hoe
1260 2026 1347 2095 idem
1383 2028 1529 2104 declarat
1547 2065 1586 2079 --

558 2130 647 2195 vivat
661 2147 699 2196 nt
714 2146 846 2198 aeterno
871 2130 998 2212 bonus,
1020 2153 1057 2194 ac
1081 2128 1182 2197 malus
1209 2129 1322 2197 ardeat
1347 2134 1432 2223 igne.
1447 2169 1483 2183 -
1498 2136 1586 2200 ltem

557 2232 744 2324 Symposius
761 2266 800 2282 ·-
817 2255 875 2299 ore
903 2256 1023 2322 procax
1052 2255 1117 2299 non
1144 2258 1238 2318 sum,
1263 2258 1422 2303 nonaum
1445 2253 1586 2304 temera·

557 2340 607 2404 ria
636 2337 759 2431 lingua.
772 2373 807 2387 -
820 2336 986 2428 Vergilius
1009 2368 1047 2386 -
1070 2354 1124 2403 aut
1150 2335 1285 2409 Ararim
1306 2340 1446 2407 Parthus
1464 2340 1587 2427 bibet,

558 2461 616 2512 aut
643 2446 819 2514 Germania
847 2445 977 2534 Tigrin.
1013 2479 1046 2493 ·-
1072 2457 1107 2510 A.
1133 2444 1234 2511 Unde
1260 2444 1383 2512 dietum
1412 2465 1459 2514 est
1485 2449 1583 2536 pria-

558 2553 668 2641 peium
695 2546 869 2620 metrum?
900 2550 948 2616 M.
980 2549 1075 2637 Quod
1101 2545 1260 2641 pleraque
1292 2551 1437 2619 earmina
1462 2551 1584 2621 buius-

559 2656 688 2726 eemodi
717 2657 753 2722 in
786 2653 948 2724 honorem
973 2654 1085 2742 Priapi
1112 2655 1296 2744 conscripta
1316 2671 1414 2723 aunt:
1443 2675 1582 2746 propter

559 2761 649 2854 quod
675 2760 771 2827 multi
795 2759 907 2828 volunt
936 2761 1000 2828 hoe
1027 2783 1126 2850 genus
1154 2752 1395 2850 compositionis
1423 2763 1581 2832 bucolico

557 2869 695 2936 carmini
723 2869 825 2959 magis
852 2868 1036 2936 convenire.
1067 2880 1103 2932 A.
1129 2865 1227 2951 Quod
1255 2883 1303 2934 est
1328 2869 1478 2959 pythium
1508 2893 1582 2936 me·

556 2971 674 3047 trum?
701 2975 749 3041 Μ.
772 2973 865 3042 ldem
893 2975 983 3067 quod
1008 2973 1243 3042 hexametrum.
1270 2986 1304 3039 A.
1326 2973 1423 3041 Unde
1451 2975 1580 3042 dictum

559 3098 608 3150 est
631 3077 806 3176 pythium?
833 3083 880 3149 M.
902 3081 1042 3167 Quidam
1063 3081 1267 3147 arbitrantur
1287 3079 1330 3147 ob
1357 3079 1393 3146 id
1411 3079 1501 3170 quod
1518 3081 1585 3149 hoe

555 3211 678 3279 genere
707 3187 801 3255 metri
829 3184 962 3252 oracula
986 3187 1094 3276 primo
1121 3182 1267 3273 Apollini
1294 3186 1361 3250 sint
1381 3182 1492 3269 edita,
1519 3188 1581 3278 qui

556 3291 727 3361 interfecto
755 3292 906 3383 Pythone
934 3291 1070 3384 Pythius
1099 3291 1204 3358 dictus
1226 3308 1297 3369 est,
1325 3292 1382 3382 qui
1410 3309 1446 3356 ut
1474 3292 1576 3359 lertua

557 3423 632 3463 eum
664 3399 699 3463 in
726 3397 883 3465 Parnasso
909 3397 1096 3489 Pythonem
1120 3413 1304 3487 serpentem
1332 3397 1367 3461 in
1398 3395 1578 3465 vindictam

556 3507 670 3572 matris
690 3505 812 3596 sagittis
838 3505 1089 3596 insequeretur,
1113 3502 1241 3572 accolae
1265 3502 1419 3592 Delphici
1443 3503 1508 3570 hoc
1539 3503 1581 3571 il-

557 3608 627 3675 lutn
653 3634 749 3675 versu
780 3624 812 3676 et
834 3606 1003 3675 facundiae
1035 3607 1197 3676 cothurno
1221 3605 1415 3675 extulerant.

611 3728 644 3781 A.
663 3718 748 3799 Quot
760 3708 854 3777 alra
869 3714 903 3778 in
920 3711 1080 3805 dactylico
1095 3731 1126 3781 et
1142 3713 1330 3781 hexametro
1344 3713 1463 3814 inserta
1478 3714 1581 3781 adsti-

558 3817 707 3908 polaris?
724 3818 776 3884 vel
791 3813 872 3908 quid
888 3835 962 3884 sunt
977 3809 1079 3889 etta?
1091 3819 1137 3886 M.
1152 3810 1233 3882 nulls
1249 3816 1386 3910 quidem
1401 3815 1504 3884 latina
1518 3819 1580 3885 liu-

558 3948 620 4013 gua
630 3926 791 4013 passiones
805 3923 968 3991 dicuntur.
983 3925 1069 3993 Sunt
1081 3941 1191 4010 autem
1205 3946 1342 3993 numero
1358 3950 1430 3995 aar,
1442 3926 1582 4016 acepha-

555 4030 643 4097 lon,
672 4029 915 4122 procephalon,
947 4028 1110 4120 lagaron,
1142 4027 1325 4122 procylon,
1357 4027 1582 4115 dulicheron,
