3382 5206
668 583 670 587 ·
716 575 858 621 ninom:
884 575 947 621 xiv.
1244 549 1315 648 149

326 684 436 759 vicem
449 682 656 782 plerumque
672 698 865 756 mutantur.
878 678 1105 781 Aliquamdiu
1122 677 1217 779 apud
1232 673 1345 753 Cons-

330 803 571 902 tantinopolim
591 828 734 897 sumus3
754 800 845 900 apud
866 829 928 900 pro
943 801 992 874 in.
1012 798 1072 873 Tu
1094 827 1243 896 ergone
1263 799 1345 874 scri·

329 925 438 1027 pseris
465 922 680 997 circumdata
701 922 762 994 sed
784 904 1025 995 circumdata.
1053 919 1098 992 Et
1118 921 1215 993 circa
1235 937 1270 993 et
1292 947 1342 992 er·

327 1073 368 1142 ga
393 1044 483 1117 duae
511 1043 788 1143 praepositiones
808 1060 891 1115 sunt
912 1070 1013 1115 casus
1034 1040 1251 1128 accusativi,
1279 1039 1360 1114 sed‘

326 1166 419 1237 hanc
438 1162 671 1235 diversitatem
691 1164 846 1252 hahent,
874 1163 970 1263 quod
998 1163 1091 1234 cirea
1111 1161 1155 1233 ad
1173 1158 1345 1232 visibilem

236 1371 238 1375 Ι
327 1287 507 1358 materiam
532 1282 586 1355 vel
609 1283 729 1356 locum
746 1284 927 1382 pertinet,
956 1300 992 1355 et
1020 1310 1100 1379 erga
1120 1280 1162 1354 ad
1185 1280 1344 1354 animum
1384 1315 1389 1323 =

328 1420 464 1503 spectat
483 1419 516 1475 et
535 1403 700 1477 allectum
721 1402 811 1500 gerit
831 1402 1079 1502 proximorum.
1097 1398 1278 1472 Adversus
1296 1397 1341 1472 de

327 1521 534 1595 adversitate
554 1520 685 1593 dicitur
699 1564 706 1579 ·
720 1564 727 1579 ·
740 1565 747 1580 ·
759 1549 820 1620 pro
841 1537 974 1593 contra.
987 1517 1042 1591 lta
1062 1536 1097 1592 et
1112 1536 1192 1592 ante
1211 1535 1246 1591 et
1264 1545 1344 1618 pro·

326 1669 369 1742 pe
398 1658 433 1715 et
456 1669 548 1742 pone
576 1658 609 1713 et
629 1641 719 1714 ultra
738 1640 1012 1740 praepositiones
1032 1639 1222 1713 accusativi
1242 1667 1342 1713 casus

327 1763 520 1836 immobiles
541 1777 645 1850 sunt,
663 1788 729 1833 neo
749 1771 813 1861 ‘pro
834 1761 908 1834 aliis
929 1759 1016 1833 aliae
1036 1760 1222 1835 iectantur.
1237 1758 1341 1857 Com·

326 1908 454 1954 munes
473 1881 764 1981 praepositiones,
781 1880 923 1979 quando
939 1881 1175 1953 accusativum
1190 1872 1362 1968 habent(

326 2001 471 2074 mobiles
483 2019 588 2095 sunt3
600 1999 813 2088 immobiles,
824 2000 966 2100 quando
979 2000 1126 2073 ablativo
1138 1999 1342 2074 adhaerent.

325 2121 436 2196 Finit.

528 2490 609 2565 XV.
635 2489 700 2563 DE
729 2488 1138 2566 INTERIECTIONE.

328 2646 652 2807 Interiectionum
677 2729 885 2827 significatio
911 2746 944 2801 et
973 2731 1057 2828 quia
1087 2731 1167 2802 trita
1197 2747 1281 2816 est,
1309 2744 1342 2801 et

325 2854 407 2952 quia
434 2880 546 2949 paene
578 2878 792 2948 supervacua
823 2867 927 2949 atque
954 2850 1135 2922 incondita
1163 2878 1183 2921 a
1212 2848 1341 2921 nostris

326 2972 476 3046 iudicata
505 2988 555 3043 est
572 3028 580 3059 ,
608 2971 677 3043 hoc
697 2988 835 3043 tantum
856 2971 963 3059 dico,
990 2971 1072 3070 quia
1091 2998 1154 3042 vae
1175 2986 1208 3042 et
1229 2998 1339 3067 eugae

327 3119 409 3165 cum
433 3091 632 3188 significant
652 3091 816 3180 advorsa,
844 3091 1102 3189 diphthongum
1119 3091 1158 3162 in
1186 3090 1341 3165 clausula

325 3208 382 3280 sui
409 3209 613 3283 habebunt:
642 3237 723 3282 cum
749 3226 866 3297 autem
893 3239 934 3282 ve
963 3227 1101 3283 tantum
1127 3209 1339 3306 distinguit,

326 3343 363 3397 et
375 3354 462 3424 euge
479 3325 649 3400 laetitiam
663 3327 837 3415 ostendit,
855 3329 1114 3428 diphthongum
1125 3329 1254 3402 habere
1265 3355 1338 3400 non

328 3463 382 3518 est
408 3447 659 3522 necessarium.
685 3447 793 3521 Finit.
1190 3424 1197 3431 ⁵
