3382 5206
678 574 882 624 cnlmffls.
1181 577 1264 625 XLlll

274 689 444 766 bandinio
466 690 582 765 credit
601 749 611 781 ,
631 691 758 766 salsum
778 691 943 765 novitatis
963 691 1107 766 titulum
1127 693 1164 766 in
1183 721 1291 767 roma·

275 819 327 890 nis
354 818 540 891 Amadutii
568 816 745 889 anecdotis
776 815 923 889 Paulini
951 815 1113 915 epistolae
1142 817 1290 919 inscrip

274 939 355 1013 sisse
379 996 388 1028 ,
415 968 506 1040 quae
528 942 567 1012 in
588 939 732 1013 cunctis
751 935 896 1012 Paulini
922 937 1137 1012 editionibus
1157 938 1291 1036 legeba-

272 1081 337 1140 tur.
358 1063 459 1139 Duos
487 1081 608 1138 autem
634 1063 776 1137 Paulini
804 1090 1018 1153 sermones,
1052 1091 1072 1137 a
1099 1062 1289 1138 Gennadio

272 1192 353 1265 item
370 1191 484 1265 lectos
508 1248 518 1279 ,
545 1192 590 1264 dc
609 1190 885 1293 quadragesim
909 1249 919 1280 ,
946 1219 987 1264 ex
1012 1218 1163 1265 romano
1193 1188 1288 1262 codi-

271 1345 308 1391 ce
325 1316 558 1389 bibliothecae
580 1313 796 1390 sessorianae
818 1313 953 1393 iamdiu
973 1331 1212 1416 expectamus.

346 1469 380 1519 2.
393 1441 453 1514 Ad
466 1467 627 1514 vtcrouur
643 1466 785 1513 carmen
798 1438 894 1541 quod
907 1438 1053 1528 attinet,
1065 1436 1158 1511 nihil
1170 1437 1212 1512 iis
1232 1439 1289 1511 ad·

270 1562 347 1638 dam
364 1592 455 1664 quae
474 1562 574 1635 brevi
596 1562 726 1636 ibidem
746 1563 880 1636 scholio
901 1561 1107 1663 complexus
1128 1589 1228 1639 sum:
1247 1563 1290 1637 de

270 1711 443 1762 trustino
475 1703 622 1774 autem,
653 1713 779 1784 magno
810 1684 1007 1783 Anglorum
1046 1669 1290 1777 ornamento,

272 1817 371 1891 cuius
394 1815 481 1888 item
501 1814 651 1887 unicum
672 1841 810 1886 carmen
832 1813 990 1914 protuli,
1010 1813 1116 1913 paulo
1136 1831 1215 1913 post
1239 1816 1291 1888 di·

273 1967 379 2031 cam,
407 1968 492 2014 cum
522 1940 600 2013 eius
632 1939 807 2035 insignem
834 1940 1082 2036 grammaticae
1110 1941 1162 2013 rei
1191 1939 1290 2014 libel·

272 2066 375 2153 lum,
404 2089 508 2166 quem
537 2063 623 2137 item
650 2062 742 2165 typis
767 2061 952 2163 impressi,
978 2062 1170 2137 lectoribus
1199 2084 1290 2135 com·

273 2188 453 2263 mendabo.

346 2317 379 2391 3.
397 2343 605 2393 sensorcrou
625 2331 862 2412 cognomento
882 2342 1021 2389 cnrsrnu
1041 2316 1083 2388 ab
1104 2341 1200 2388 anno
1212 2313 1282 2388 681

274 2440 315 2513 ad
352 2442 437 2544 725.
472 2440 779 2541 archiepiscopum
809 2438 1107 2515 mediolanensem
1135 2499 1145 2531 ,
1180 2439 1288 2512 vitae·

272 2593 333 2666 que
359 2565 597 2640 sanctimonia
629 2564 838 2639 caelestium
862 2565 1018 2640 honores
1050 2564 1144 2666 apud
1178 2567 1288 2641 eccle·

274 2687 355 2762 siam
372 2717 472 2763 snam
492 2707 727 2763 consecutum
748 2745 757 2779 ,
784 2689 851 2764 hoc
871 2687 1007 2763 Paulus
1026 2690 1203 2764 diaconus
1224 2708 1288 2765 tes·

274 2811 412 2886 timonio
438 2833 580 2888 exornat
605 2814 686 2890 hist.
705 2814 840 2912 langob.
860 2811 924 2886 Vl.
946 2839 1005 2913 29.
1026 2825 1050 2858 ‘⁶
1073 2811 1180 2887 Tunc
1205 2842 1290 2915 quo·

280 2992 301 3023 ‚,
324 2966 393 3038 que
422 2943 542 3037 (anno
567 2937 668 3038 689)
696 2939 792 3011 venit
817 2937 1041 3013 Benedictus
1064 2936 1289 3036 archiepisco-

279 3115 300 3147 „
322 3087 387 3159 pus
412 3059 682 3134 mediolanensis
702 3060 851 3135 Romam
874 3119 884 3151 ,
912 3079 946 3134 et
967 3090 1112 3135 causam
1134 3063 1206 3161 egit
1224 3089 1287 3162 pro

280 3237 303 3270 „
327 3184 469 3258 ecclesia
496 3184 664 3258 ticinensi
695 3216 704 3261 ς
732 3186 791 3258 sed
817 3186 933 3260 victus
962 3202 1045 3272 est,
1074 3213 1115 3258 eo
1143 3186 1240 3287 quod
1268 3214 1288 3259 a

276 3309 439 3409 „priscis
465 3311 679 3410 temporibus
708 3311 897 3384 ticinenses
927 3309 1081 3410 episcopi
1101 3339 1121 3382 a
1142 3338 1286 3387 romana

274 3487 296 3520 „
317 3434 462 3508 fuerant
482 3436 633 3509 ecclesia
653 3435 860 3511 consecrati.
874 3434 964 3508 Fuit
975 3453 1098 3509 autem
1119 3436 1216 3509 idem
1235 3466 1289 3512 ve·

275 3613 297 3644 „
321 3556 487 3630 nerabilis
507 3556 727 3634 Benedictus
750 3556 1038 3658 archiepiscopus
1056 3557 1112 3629 rir
1129 3557 1290 3656 egregiae

273 3733 294 3766 ‚,
319 3680 550 3770 sanctitatis,
577 3681 620 3754 de
648 3712 720 3783 quo
749 3711 811 3783 per
839 3681 1036 3755 universam
1064 3679 1203 3754 ltaliam
1231 3683 1291 3755 bo-

272 3856 293 3888 „
318 3830 383 3877 nae
412 3804 595 3903 opinionis
616 3806 704 3878 sama
725 3807 892 3903 flagravit.
909 3863 934 3896 „
957 3802 1223 3878 Controversiae
1251 3805 1291 3877 ti-

268 3925 418 4001 cinensis
445 3985 455 4017 ,
476 3956 569 4028 quae
591 3929 727 4004 adrem
745 3948 904 4004 nostram
925 3957 998 4002 non
1019 3931 1176 4031 pertinet
1197 3986 1207 4017 ,
1234 3955 1289 4000 co-

268 4050 397 4149 piosam
431 4052 689 4151 expositionem
714 4058 803 4131 fecit
830 4055 1036 4131 Luduricus
1061 4054 1289 4133 Muratorius

1315 1438 1454 1480 Victorinus.

1330 2316 1350 2355 s.
1375 2311 1474 2355 Resedi-

1315 2383 1365 2417 ttur
1380 2371 1472 2418 mediol.
