3382 5206
727 599 872 649 mmm
900 599 935 648 ΙΙ.
1250 600 1321 678 107

330 711 398 784 sihi
417 739 460 786 ex
478 711 586 812 ropha
606 713 653 812 (a)
672 727 709 784 et
728 713 893 812 scephora
913 709 991 786 oleo
1010 710 1119 786 mixto
1132 738 1242 812 paene
1262 738 1351 787 mor·
1398 790 1405 803 x

331 832 458 906 talibus
489 832 699 907 inusitatum
720 832 894 907 lerculum
923 834 1140 921 confecerat,
1160 833 1301 910 dicens:
1320 847 1344 879 ‘⁶

332 1005 357 1037 ‚‚
384 977 463 1023 mea
475 980 580 1041 uxor,
601 978 696 1023 meae
709 949 866 1041 divitiae,
886 978 964 1024 mea
978 951 1106 1048 gloria,
1127 975 1203 1022 mea
1218 950 1347 1046 gratia,

333 1122 358 1156 ,,
385 1095 507 1142 meum
537 1069 741 1169 spiramen,
772 1098 857 1169 quas
895 1069 960 1142 tibi
988 1085 1101 1166 grates
1127 1066 1347 1166 rependam,

333 1243 362 1276 „
385 1216 477 1287 quae
496 1189 583 1261 mihi
602 1190 668 1263 tale
688 1190 865 1263 ferculum
888 1190 937 1290 (b)
961 1205 1259 1275 commentatam,
1277 1213 1348 1287 quo

333 1361 360 1394 ‚‚
385 1333 431 1379 ne
450 1307 517 1408 ipsi
536 1308 682 1408 quidem
701 1335 801 1406 reges
819 1325 971 1383 utuntur
992 1306 1182 1396 romanil„
1206 1303 1247 1376 Si
1266 1332 1348 1402 ergo

329 1455 395 1527 pro
409 1427 536 1501 vilibus
548 1445 660 1525 grates
679 1429 787 1502 refert
805 1411 904 1527 poeta
925 1428 1095 1515 oleribus,
1116 1455 1203 1526 quas
1224 1426 1347 1498 nostris

329 1575 394 1647 pro
413 1564 482 1621 tam
495 1548 666 1622 'dulcibus
685 1549 873 1650 sapientiae
893 1547 1040 1649 dapibus
1060 1565 1172 1644 grates
1183 1545 1347 1619 convenit

328 1668 523 1769 rependere
543 1668 773 1743 doctoribus?
1167 1684 1173 1688 ’

411 1788 444 1861 8.
471 1783 568 1861 Sunt
587 1787 653 1859 alia
671 1787 858 1860 scindendi
884 1788 985 1874 iura,
1010 1813 1101 1886 quae
1124 1803 1238 1858 tamen
1263 1784 1344 1884 quia

335 1906 418 1978 trita
439 1909 486 2006 (c)
499 1926 604 1997 sunt,
624 1908 762 1982 silentio
782 1909 885 1982 velim
898 1908 1095 2010 praeterire.
1118 1906 1190 1981 Sed
1206 1935 1251 1979 ne
1270 1905 1348 2005 quis

326 2023 435 2096 etiam
461 2026 672 2098 munusculo
698 2053 734 2099 se
763 2027 962 2125 suspicetur
989 2026 1038 2127 (d)
1072 2025 1345 2110 defraudatum,

326 2169 442 2215 unum
469 2143 564 2216 vobis
591 2144 698 2218 huius
729 2146 781 2217 rei
808 2173 935 2246 ponam
954 2144 1217 2231 testimonium,
1249 2141 1345 2242 quod
1428 2157 1430 2159 ’

327 2290 425 2335 meae
455 2264 646 2338 clausulam
670 2265 770 2339 dabit
796 2266 974 2365 epitomae.
1004 2263 1060 2337 De
1088 2262 1346 2364 perturbatione

328 2408 510 2455 sumamus
529 2384 755 2484 exemplum,
787 2411 878 2484 quae
904 2382 1073 2456 dictiones
1102 2385 1149 2481 (e)
1178 2378 1347 2454 multifor-

329 2526 428 2590 mes,
458 2501 637 2600 variasque
667 2502 814 2575 aliarum
843 2500 1134 2575 sententiolarum
1163 2500 1200 2572 in
1227 2497 1347 2570 eadem

328 2622 504 2695 sententia
532 2622 807 2723 interceptiones
835 2623 923 2696 solet
953 2648 1150 2722 apponere:
1177 2616 1270 2719 quod
1301 2619 1349 2689 vi·

330 2739 421 2812 tium
441 2757 648 2839 perversum
660 2741 805 2842 quidem
825 2742 1004 2827 ordinem,
1026 2766 1135 2839 paene
1157 2755 1272 2810 tamen
1288 2735 1350 2808 irn-

329 2861 551 2950 mutabilem,
572 2889 634 2960 per
654 2889 774 2934 omnes
789 2878 902 2934 textus
915 2860 1109 2931 lectionum
1126 2857 1283 2931 intulerit
1306 2859 1345 2953 (l)

328 2980 560 3055 autoritatem
580 2981 633 3055 Ex
652 2982 781 3080 quihus
801 3000 853 3055 est
873 2980 961 3053 illud
981 2978 1123 3052 Aeneae
1142 2977 1348 3051 mithridati-

332 3099 366 3173 ci
384 3100 468 3172 belli
486 3101 687 3191 historiam,
707 3104 813 3175 immo
836 3101 1064 3198 tragoediam,
1083 3096 1347 3174 lacrimabiliter

328 3219 569 3295 enarrantis:“
594 3220 671 3308 illo,
692 3221 810 3320 inquit
830 3221 947 3307 enirn,
967 3247 1106 3291 narrare
1118 3216 1345 3317 proponimus

332 3394 357 3428 ,‚
385 3340 479 3437 (quo
500 3340 643 3414 metro?
662 3339 856 3438 dactylico)
879 3340 974 3440 quod
994 3338 1186 3412 maximum
1216 3335 1344 3408 scimus

331 3515 356 3547 ,‚
384 3477 519 3556 gestum
538 3478 590 3534 est
612 3462 768 3557 hellum3
787 3461 824 3534 in
851 3461 931 3549 illo,
958 3460 1127 3559 inquam,
1152 3457 1347 3555 eodemque

331 3636 356 3667 ,‚
381 3608 452 3680 quo
467 3582 702 3654 ¹uicensimum
725 3599 758 3654 et
777 3583 945 3682 quintum
970 3580 1095 3655 aetatis
1127 3579 1344 3678 expleveram

331 3751 355 3784 „
382 3723 525 3772 anuum.
554 3700 642 3798 (hoc
664 3701 759 3773 enim
780 3702 825 3772 ita
846 3729 920 3773 esse
948 3697 1087 3772 Aeneas
1114 3725 1169 3770 me
1197 3695 1343 3794 docuit)

351 3950 354 3965 ι
407 3985 445 4047 (ι)
461 3996 519 4035 llum
537 4007 577 4048 pro
594 3986 715 4047 raphano?
761 3989 801 4054 (li)
825 3991 880 4049 Qud.
907 3992 1095 4049 depullsrraerw·
1135 3989 1171 4048 (c.)
1190 3988 1243 4031 eod·
1263 3993 1336 4028 triurn-

331 4053 371 4123 (d)
388 4064 442 4109 eod.
459 4073 595 4122 susciperet.
628 4065 666 4127 (e)
691 4068 744 4111 Cod·
770 4070 836 4110 dicti.
870 4068 905 4129 (s)
922 4069 978 4116 eod,
994 4069 1108 4115 inoluit,
1131 4056 1298 4126 peotuolerltl
