3382 5206
568 594 812 664 Qutusrronrs
838 599 1156 654 cursinarrcatrs.
1266 581 1336 676 349

340 726 535 819 scriptorum
556 721 732 810 imparium
753 717 875 806 primus
894 716 1021 806 gignit,
1038 715 1096 781 sed
1116 740 1181 784 non
1199 721 1363 810 gignitur:

339 830 499 896 secundus
515 855 575 896 nec
591 831 715 921 gignit,
738 851 798 896 nec
823 827 988 917 gigniturt
1009 828 1125 892 tertius
1141 846 1247 897 autem
1261 832 1369 923 gigni-

339 957 408 1030 tur,
426 940 483 1008 sed
503 967 568 1008 non
578 940 704 1032 gignit:
730 961 869 1028 quorum
895 935 1015 1026 singuli
1033 938 1151 1029 quibus
1169 942 1364 1008 conveniant

247 1136 251 1144 Ι
336 1051 480 1137 personis
511 1075 608 1119 nemo
636 1049 766 1115 dubitat
791 1045 921 1114 fidelis:
948 1048 1088 1113 maxime
1117 1071 1193 1136 cum
1217 1051 1361 1141 gentium

338 1161 526 1251 philosophi
552 1178 689 1253 propter
713 1183 811 1250 supra
841 1159 961 1226 dictam
987 1162 1118 1226 causam
1142 1160 1363 1250 septenarium

336 1272 503 1342 Minervae
533 1272 784 1354 adtribueriut‚
806 1288 839 1337 ct
862 1293 919 1338 nos
945 1268 995 1335 illi
1019 1271 1230 1359 sapientiae,
1258 1294 1357 1364 quam

331 1380 538 1450 numerando
557 1397 681 1448 constat
697 1429 707 1464 ,
723 1403 904 1470 numquam
923 1377 1105 1468 simplicem
1118 1402 1184 1446 non
1204 1404 1278 1448 esse.

311 1503 317 1510 '
422 1493 475 1559 23.
499 1490 565 1559 Sed
580 1491 656 1583 quia
672 1488 714 1560 de
730 1489 798 1574 his,
812 1507 847 1555 ut
860 1488 941 1557 mihi
957 1491 1063 1557 visum
1077 1491 1233 1573 est‚'satis
1253 1489 1358 1556 disse-

331 1599 380 1664 rui
397 1601 432 1662 in
446 1595 597 1666 libellulo
612 1622 709 1689 quem
723 1598 875 1689 precibus
888 1597 1026 1666 fratrum
1041 1615 1171 1666 coactus
1185 1597 1228 1665 de
1241 1619 1356 1663 nume·

333 1733 369 1775 ro
384 1733 556 1793 mensura,
567 1727 598 1776 et
607 1709 753 1800 pondere
767 1709 846 1777 olim
856 1706 947 1777 edidi
959 1733 1055 1799 super
1069 1706 1231 1775 calculum
1243 1711 1356 1778 Victo·

330 1821 370 1884 rii
384 1817 451 1908 (ι),
470 1821 594 1888 idcirco
609 1821 664 1886 hio
684 1819 779 1909 plura
800 1818 910 1886 dicere
929 1818 1118 1910 supersedi,
1133 1804 1175 1886 ne
1189 1817 1353 1908 prolixitas

330 1928 520 1999 karitativae
550 1928 705 2019 epistolae
730 1928 893 1996 fastidium
920 1929 1086 2021 ingereret
1111 1928 1240 1996 lectoris
1264 1930 1354 2020 igna-

325 2043 405 2109 viae.
421 2042 520 2110 Unde
550 2042 693 2134 quodam
723 2039 915 2132 compendio
941 2044 1125 2109 evisceratis
1150 2041 1354 2108 obiectarem

325 2155 555 2244 quaestionum
572 2156 718 2237 intimis,
743 2177 824 2243 quas
851 2169 955 2219 vestra
976 2150 1159 2219 fraternitas
1179 2151 1353 2241 perlegen-

329 2263 371 2328 do
394 2262 571 2347 discutiat,
595 2262 800 2332 discutiendo
817 2261 989 2354 perlegat,
1015 2264 1193 2329 terminum
1218 2260 1270 2331 his
1294 2265 1354 2327 im·

332 2393 456 2460 ponere
481 2370 638 2451 decrevi;
665 2372 803 2438 maxime
826 2371 904 2460 quia
932 2369 1126 2459 disputando
1148 2373 1284 2458 perveni
1311 2369 1353 2435 ad

326 2505 401 2549 eum
427 2483 483 2575 qui
507 2500 556 2549 est
572 2483 702 2549 initium
725 2499 757 2547 et
779 2480 862 2548 finis.
887 2480 1010 2551 Valete.

361 2702 366 2713 '
391 2691 432 2766 (t)
450 2693 584 2748 Prolixum
593 2707 633 2749 est
644 2714 729 2766 neque
740 2696 827 2748 adhuc
839 2695 973 2762 vulgatum
983 2693 1034 2747 hoc
1044 2690 1163 2748 abbonis
1173 2710 1253 2763 opus.
1263 2693 1336 2762 quod

335 2801 383 2853 ego
400 2786 509 2857 quidem
528 2786 556 2839 iu
575 2787 688 2858 antiquo
705 2788 796 2842 codice
813 2788 888 2854 lego.
906 2798 934 2840 et
958 2785 1102 2854 aliquando
1125 2785 1246 2838 editurus
1263 2802 1334 2838 sum.

335 2874 481 2930 Perbonam
501 2877 607 2930 interim
632 2878 661 2931 in
685 2896 715 2932 eo
741 2878 850 2948 legendo
872 2875 951 2931 hausi
974 2875 1123 2932 notitiam,
1149 2877 1223 2946 qaod
1241 2894 1333 2949 nempe

335 2965 414 3021 abbo
432 2980 460 3022 et
484 2969 628 3038 Virgilium
652 2973 871 3039 grammaticum,
896 2989 911 3022 a
936 2989 976 3024 me
1001 2986 1072 3023 nunc
1095 2969 1230 3038 vulgatum
1246 3005 1253 3026 ‚
1272 2989 1335 3043 prae

335 3057 458 3113 manibus
475 3059 614 3119 habebat.
633 3072 661 3115 et
681 3065 753 3134 quod
779 3063 896 3115 eiusdem
915 3064 1030 3134 patriam
1049 3060 1171 3116 Tolosam
1189 3079 1245 3116 csse
1261 3065 1333 3117 scic·

332 3150 399 3210 bat.
417 3152 547 3223 nobisque
566 3155 657 3210 insciis
675 3156 824 3222 gratissime
842 3154 977 3227 patefecit·
997 3156 1039 3208 Sic
1058 3154 1128 3207 enim
1147 3154 1239 3209 Abho:
1259 3160 1332 3209 scri-

330 3248 417 3314 pulus
436 3247 604 3318 appenditur
623 3249 710 3300 0XVI·
728 3249 826 3318 grunis
853 3248 936 3298 lentis
952 3282 960 3303 ,
979 3249 1045 3299 licet
1069 3258 1252 3300 rincuws
1270 3260 1330 3300 To-

334 3351 479 3393 tosfflvs
492 3341 523 3389 in
537 3342 594 3390 suis
609 3341 751 3409 opusculis
765 3351 872 3390 asserat
890 3342 1005 3407 pensari
1020 3340 1245 3408 ·XV111··granis
1263 3335 1330 3389 lior·-

329 3429 378 3481 dei
396 3465 403 3486 ‚
427 3445 617 3482 anriumeranr
642 3433 698 3482 tria
725 3449 815 3502 grona
841 3431 964 3500 singulis
990 3431 1112 3500 siliquis.
1141 3426 1219 3493 Quod
1244 3441 1331 3483 autem

334 3520 516 3591 supradictum
537 3522 713 3576 tetimonium
736 3522 762 3575 iu
782 3523 862 3575 editis
880 3541 895 3573 a
913 3541 953 3575 me
973 3521 1081 3590 Virgilii
1105 3522 1223 3594 epistolis
1242 3541 1329 3590 gram·

334 3613 504 3667 maticalibus
523 3633 575 3667 uon
594 3626 736 3679 occurrat;
757 3616 794 3668 nil
814 3616 926 3672 mirum.
947 3632 1060 3684 namque
1078 3626 1105 3669 et
1125 3616 1177 3669 alia
1196 3617 1329 3671 exstitisse

336 3703 442 3772 Virgilii
461 3705 560 3777 scripta
580 3706 657 3760 dere
677 3710 847 3774 grammatica
866 3707 972 3760 scimus.
