3382 5206
462 575 531 673 390
727 599 756 645 s.
783 597 971 646 stonum
997 595 1153 648 cannas.

436 703 603 771 Dividitur
630 702 737 769 modio
769 701 846 767 dum
867 720 992 770 torrens
1013 700 1132 770 sextilis
1155 705 1256 786 orbe,

438 812 500 896 Qni
525 811 618 877 nobis
646 812 762 874 iterum
791 825 951 875 restaurat
972 807 1089 896 gaudia
1112 811 1256 893 mentis,

434 920 521 983 Dum
546 917 670 983 vicibus
701 916 837 983 redeunt
858 914 1015 982 solemnia
1039 911 1119 982 scsta
1146 919 1301 1004 Mariae,

436 1023 477 1088 Et
501 1023 681 1091 veneranda
705 1022 764 1111 piis
786 1021 922 1113 flagrant
943 1020 1062 1087 altaria
1081 1021 1182 1088 donis.

438 1132 525 1196 llaec
549 1128 663 1196 domus
693 1131 828 1197 interius
856 1126 1040 1216 resplendet
1066 1126 1141 1194 lnce
1161 1153 1300 1214 serena,

417 1239 540 1320 'Quam
565 1235 612 1304 sol
634 1260 695 1327 per
717 1238 834 1303 vitreas
861 1235 1010 1303 inlustrat
1038 1233 1124 1302 forte
1147 1233 1300 1305 fenestras

438 1341 588 1430 Limpida
610 1341 772 1432 quadrato
797 1341 980 1406 diffundens
1006 1339 1130 1407 lumina
1160 1342 1293 1432 templo.

434 1445 581 1513 Plurima
605 1445 760 1512 basilicae
780 1462 855 1511 sunt
881 1463 1073 1511 ornamenta
1096 1449 1259 1530 recentis,

437 1550 546 1619 Aurea
575 1553 729 1618 contortis
756 1552 936 1617 flavescunt
962 1551 1060 1639 pallia
1079 1551 1167 1636 filis,

435 1662 527 1744 Quae
546 1677 620 1724 sunt
647 1657 756 1724 altaris
788 1660 872 1725 sacri
898 1656 1056 1726 velamina
1081 1658 1207 1748 pulcra.

435 1763 562 1832 Ararene
583 1783 682 1856 atque
710 1764 791 1829 calix
821 1766 955 1853 gemmis
979 1763 1127 1854 fulgescit
1155 1781 1312 1854 opertus,

434 1872 481 1938 Ut
502 1868 626 1938 caelum
652 1871 765 1936 rutilat
790 1870 889 1938 stellis
910 1869 1102 1938 ardentibus
1125 1889 1257 1960 aptum,

351 1968 357 1979 ยน
435 1977 491 2046 Sic
514 1976 578 2042 lata
603 1994 735 2067 argento
757 1995 881 2043 constat
903 1974 1062 2043 fabricata
1091 1995 1207 2066 patena
1224 2027 1258 2062 ,.

434 2084 523 2165 Quae
540 2081 648 2148 divina
669 2099 790 2174 gerunt
813 2100 940 2149 nostrae
956 2081 1170 2148 medicamina
1194 2085 1299 2165 vitae,

438 2185 586 2275 Corpore
606 2210 681 2250 nam
703 2187 827 2254 Christi
847 2211 1007 2277 sacroque
1029 2210 1145 2254 cruore
1173 2190 1347 2254 nutrimur.

435 2290 499 2357 Hic
520 2291 627 2357 crucis
644 2316 680 2356 ex
701 2316 781 2358 auro
797 2289 991 2380 splendescit
1010 2289 1131 2356 lamina
1152 2289 1268 2374 fulvo,

437 2391 640 2486 Argentique
666 2395 763 2462 simul
791 2397 924 2485 gemmis
952 2412 1066 2459 ornata
1096 2394 1236 2463 metalla.

435 2500 497 2567 Hic
524 2526 655 2593 quoqne
679 2501 861 2567 turibulum
891 2499 1049 2589 capitellis
1074 2499 1220 2592 undique
1245 2502 1391 2569 cinctum

435 2603 561 2671 Pendet
585 2606 626 2672 de
646 2631 793 2689 summo,
814 2605 938 2673 fumosa
967 2606 1125 2674 foramina
1144 2605 1321 2696 pandens,

434 2708 485 2774 De
506 2711 627 2799 quibus
654 2711 849 2776 ambrosiam
870 2713 1042 2800 spirabunt
1073 2727 1144 2775 tura
1167 2711 1283 2777 sabaea

432 2811 573 2897 Quando
596 2815 778 2881 sacerdotes
811 2816 920 2882 missas
948 2816 1062 2883 offerre
1086 2803 1252 2881 iubentur.

436 2914 534 2982 Nunc
560 2917 647 2984 clara
668 2921 816 3010 ingenito
844 2918 971 2985 dicatur
995 2920 1097 3009 gloria
1120 2921 1232 3008 patri,

436 3018 507 3086 Nec
528 3023 633 3088 minus
655 3041 685 3090 et
712 3025 819 3115 genito
848 3043 1018 3114 promatur
1047 3022 1149 3116 gloria
1177 3040 1279 3089 nato,

435 3121 574 3215 Spiritus
599 3146 697 3219 atque
721 3154 813 3197 sacer
836 3129 977 3195 consorti
997 3127 1095 3198 laude
1116 3126 1254 3194 sruatnr.
