3382 5206
548 562 611 628 518
848 584 874 630 s.
901 576 1079 628 senescau
1104 579 1148 627 aa
1173 580 1214 626 ns

519 697 669 771 quaeest
694 682 727 747 iu
751 681 877 745 Libano
902 676 1043 748 dicens,
1069 679 1109 744 da
1126 677 1234 745 'liliam
1258 695 1346 744 tuam
1371 677 1437 743 filio
1469 702 1544 745 meo

490 781 492 785 ⁷
520 809 654 853 uxorem
671 823 686 863 ,1
705 803 736 853 et
761 785 895 876 reliqua.
921 789 962 853 Es
986 784 1173 873 psalmista,
1199 785 1305 850 oruuia
1328 782 1418 874 ligus
1443 782 1546 847 silva-

496 889 799 974 .rum·erultasse,
824 909 855 957 et
879 892 1011 956 llumina
1040 913 1196 954 marinum
1224 886 1389 976 plausibus
1412 885 1546 968 lusisse,

520 1020 718 1088 camposque
750 996 1007 1087 gratulabundos
1036 997 1195 1068 extitisse,
1227 995 1268 1060 ab
1298 992 1473 1060 inanimale
1501 994 1544 1056 ad

522 1101 661 1170 snituale
688 1102 908 1190 metaphorice
932 1101 1053 1168 retulit,
1079 1101 1120 1166 Et
1138 1099 1220 1165 illud
1239 1100 1422 1190 po'efticumz
1440 1115 1546 1166 mater

521 1232 576 1276 me
598 1209 730 1301 genuit,
754 1226 787 1272 et
810 1205 924 1272 eadem
949 1231 1022 1273 mox
1037 1206 1181 1295 gignitur
1204 1231 1239 1270 os
1258 1228 1319 1268 me.
1340 1204 1381 1268 Et
1402 1202 1481 1293 quid
1504 1201 1546 1267 de

522 1316 621 1380 mutis
645 1331 699 1380 aut
724 1315 827 1378 brutis
856 1313 1113 1378 ratiocinationis
1141 1327 1332 1402 argumenta
1363 1311 1547 1397 requirun-

520 1414 603 1490 tur?
626 1443 701 1485 cum
718 1419 813 1483 etiam
837 1418 1089 1506 sapientissimus
1113 1433 1304 1481 cunctorum
1323 1431 1411 1479 retro
1429 1436 1545 1503 regum

520 1541 553 1591 et
576 1520 728 1612 deinceps
744 1524 984 1592 nasciturorum
1002 1523 1036 1586 ia
1053 1520 1239 1589 ecclesiaste
1256 1519 1446 1611 frequenter
1458 1508 1546 1585 stul-

519 1631 717 1696 tissimorum
740 1629 884 1717 personis
908 1645 1019 1694 utatur
1043 1628 1155 1695 dicens
1176 1656 1186 1698 ε
1211 1627 1292 1718 quid
1317 1627 1417 1691 babet
1440 1624 1543 1690 homo

519 1735 663 1813 iumento
686 1732 843 1822 amplius,
859 1752 914 1799 aut
936 1737 1063 1825 sapiens
1086 1729 1205 1803 stulto?
1226 1750 1256 1801 et
1280 1751 1386 1801 cetera
1410 1730 1543 1798 similia.

565 1841 656 1907 Haec
680 1840 803 1905 idcirco
829 1839 966 1907 diximus
991 1865 1033 1905 ne
1048 1841 1119 1930 quis
1142 1835 1226 1906 forte
1251 1863 1332 1905 novo
1357 1863 1414 1904 nos
1433 1856 1465 1904 et
1489 1839 1545 1903 in·

518 1948 634 2014 usitato
659 1944 786 2011 dicendi
813 1964 1005 2038 argumento
1030 1948 1177 2034 priorum
1197 1947 1336 2037 vestigiis
1355 1947 1429 2010 trito
1450 1967 1545 2034 prae

517 2051 605 2119 dicta
628 2053 810 2143 aenigmata
836 2054 991 2119 cecinisse
1015 2054 1204 2120 arbitretur.
1230 2053 1271 2118 Et
1294 2070 1328 2117 ut
1356 2051 1543 2117 evidentius

516 2156 635 2224 harum
660 2181 772 2223 rerum
797 2159 878 2223 ratio
903 2156 1094 2226 claresceret
1117 2157 1276 2249 legitimos
1307 2159 1424 2246 septies
1455 2181 1545 2247 qua-

517 2279 626 2332 ternos
649 2283 829 2333 metrorum
847 2265 977 2355 pedes,
1001 2266 1122 2356 quibus
1147 2266 1321 2332 universas
1346 2287 1411 2328 non
1434 2261 1544 2328 solum

514 2370 713 2461 principalia
738 2389 812 2439 octo
835 2390 980 2463 genera,
1003 2371 1278 2461 progrediuntur,
1304 2393 1417 2434 rerum
1440 2368 1547 2434 etism

515 2477 638 2565 species
662 2500 746 2567 quae
768 2504 806 2546 er
829 2477 943 2546 eadem
966 2479 1065 2566 stirpe
1088 2475 1273 2566 pululantes
1297 2472 1459 2562 centuplis
1474 2498 1544 2540 me·

516 2598 642 2649 trorum
656 2581 828 2651 frondibus
842 2601 1080 2650 contexuntur,
1103 2580 1327 2658 subdidimus3
1352 2599 1384 2647 et
1405 2581 1543 2670 siugulis

514 2690 700 2782 quibusque
724 2688 863 2780 pedibus
885 2708 1009 2756 tautam
1033 2688 1259 2778 eremplorum
1285 2692 1410 2779 copiam
1436 2713 1541 2754 accu-

512 2794 672 2862 mulantes
697 2820 734 2862 ex
760 2796 894 2862 diversis
919 2798 1107 2862 orationum
1133 2797 1280 2884 partibus
1307 2798 1543 2885 congessimus,

516 2919 673 2990 quautam
698 2899 741 2966 ad
764 2906 937 2990 praesentis
960 2903 1109 2992 opusculi
1133 2926 1283 2968 normam
1312 2927 1371 2990 pro
1401 2899 1542 2968 eviden-

516 3007 607 3072 tioris
631 3004 743 3072 indicii
767 3009 869 3098 gratia
894 3007 1039 3075 sufficere
1063 3007 1328 3076 credidimusset
1347 3003 1435 3095 quod
1457 3029 1543 3092 pro-

515 3106 650 3178 fessores
674 3109 880 3179 celeberrimi
905 3108 1061 3178 uniformi
1087 3113 1227 3178 nominis
1249 3109 1395 3199 exemplo
1418 3133 1543 3198 propa·

513 3213 595 3283 lasse
617 3233 817 3299 noscuntur,
840 3241 897 3283 nos
925 3215 1114 3283 eorumdem
1139 3217 1271 3307 vestigia
1297 3216 1420 3282 enixius
1442 3215 1542 3279 incla-

513 3334 658 3409 gentes,
678 3320 870 3388 uberiorem
894 3320 1116 3410 exemplorum
1144 3319 1315 3386 formulam
1345 3317 1542 3385 enucleabi-

510 3438 596 3489 mus.
621 3419 739 3511 Neque
763 3424 852 3490 euim
876 3426 909 3488 io
936 3441 1001 3491 tam
1027 3424 1124 3492 derisa
1149 3425 1245 3490 totius
1269 3423 1436 3488 latinitatis
1457 3422 1538 3488 silva
1576 3441 1580 3448 '

511 3542 545 3593 et
566 3530 743 3595 nemorosis
765 3525 969 3617 syllabarum
992 3527 1147 3610 saltibus,
1163 3527 1220 3592 ubi
1244 3525 1283 3593 de
1306 3524 1441 3615 singulis
1464 3552 1543 3593 ser-

510 3629 633 3698 borum
654 3631 823 3699 radicibus
847 3632 1042 3724 multiplices
1061 3634 1246 3726 regularum
1269 3631 1468 3699 ramusculos
1485 3658 1538 3724 pu·

510 3733 631 3806 lalasse
644 3740 778 3828 antiqua
795 3757 940 3807 veterum
961 3741 1092 3806 traditio
1118 3739 1283 3819 declarat,
1301 3739 1440 3803 rudibus
1457 3737 1541 3804 laci-

510 3840 545 3910 le
564 3844 733 3933 negotium
752 3843 1035 3934 deprehenditur,
1052 3864 1083 3914 et
1106 3848 1296 3935 praesertim
1312 3847 1471 3912 metricae
1487 3871 1545 3912 ar-

506 3950 548 4018 tis
572 3949 742 4040 disciplina
767 3954 973 4038 carentibus,
987 3971 1017 4021 et
1044 3952 1185 4045 qualiter
1201 3952 1252 4019 rel
1275 3978 1340 4045 quo
1357 3969 1454 4042 pacto
1470 3952 1548 4020 lon·.

496 4078 565 4148 ,gae
586 4073 619 4124 et
650 4058 765 4126 breves
794 4058 966 4153 syllabae,
996 4061 1050 4139 vel
1079 4065 1177 4128 etiam
1205 4085 1394 4129 communes
1418 4061 1538 4127 utrubi
