<?xml version="1.0" encoding="UTF-8"?>
<!DOCTYPE html PUBLIC "-//W3C//DTD XHTML 1.0 Transitional//EN"
    "http://www.w3.org/TR/xhtml1/DTD/xhtml1-transitional.dtd">
<html xmlns="http://www.w3.org/1999/xhtml" xml:lang="en" lang="en">
 <head>
  <title>
</title>
<meta http-equiv="Content-Type" content="text/html;charset=utf-8" />
  <meta name='ocr-system' content='tesseract 3.04.00' />
  <meta name='ocr-capabilities' content='ocr_page ocr_carea ocr_par ocr_line ocrx_word'/>
</head>
<body>
  <div class='ocr_page' id='page_1' title='image "./classicorumauct00vatigoog_0058.png"; bbox 0 0 3382 5206; ppageno 0'>
   <div class='ocr_carea' id='block_1_1' title="bbox 426 733 1241 1089">
    <p class='ocr_par' dir='ltr' id='par_1_1' title="bbox 426 733 1241 1089">
     <span class='ocr_line' id='line_1_1' title="bbox 519 733 1152 847; baseline -0.009 0"><span class='ocrx_word' id='word_1_1' title='bbox 519 736 617 847; x_wconf 90' lang='lat' dir='ltr'><strong>DE</strong></span> <span class='ocrx_word' id='word_1_2' title='bbox 659 733 710 845; x_wconf 87' lang='lat' dir='ltr'><strong>S.</strong></span> <span class='ocrx_word' id='word_1_3' title='bbox 752 734 1152 843; x_wconf 83' lang='lat' dir='ltr'>ALDHELMO</span> 
     </span>
     <span class='ocr_line' id='line_1_2' title="bbox 426 964 1241 1089; baseline 0.001 -40"><span class='ocrx_word' id='word_1_4' title='bbox 426 965 702 1089; x_wconf 75' lang='lat' dir='ltr'><strong>arrscoro</strong></span> <span class='ocrx_word' id='word_1_5' title='bbox 732 964 811 1049; x_wconf 77' lang='lat' dir='ltr'><strong>Er</strong></span> <span class='ocrx_word' id='word_1_6' title='bbox 841 964 1241 1052; x_wconf 75' lang='lat' dir='ltr'><strong>caanuanco,</strong></span> 
     </span>
    </p>
   </div>
   <div class='ocr_carea' id='block_1_2' title="bbox 324 1229 1352 3401">
    <p class='ocr_par' dir='ltr' id='par_1_2' title="bbox 324 1229 1352 3401">
     <span class='ocr_line' id='line_1_3' title="bbox 328 1229 1351 1427; baseline 0 -30"><span class='ocrx_word' id='word_1_7' title='bbox 328 1229 413 1405; x_wconf 77' lang='lat' dir='ltr'><strong>S·</strong></span> <span class='ocrx_word' id='word_1_8' title='bbox 443 1318 649 1409; x_wconf 78' lang='lat' dir='ltr'><strong>aldhelmi,</strong></span> <span class='ocrx_word' id='word_1_9' title='bbox 669 1321 866 1396; x_wconf 73' lang='lat' dir='ltr'><strong>doctissimi</strong></span> <span class='ocrx_word' id='word_1_10' title='bbox 880 1320 1081 1419; x_wconf 86' lang='lat' dir='ltr'><strong>Anglorum</strong></span> <span class='ocrx_word' id='word_1_11' title='bbox 1100 1321 1273 1421; x_wconf 77' lang='lat' dir='ltr'><strong>magistri,</strong></span> <span class='ocrx_word' id='word_1_12' title='bbox 1288 1326 1351 1427; x_wconf 87' lang='lat' dir='ltr'><strong>qui</strong></span> 
     </span>
     <span class='ocr_line' id='line_1_4' title="bbox 326 1445 1350 1549; baseline 0.004 -27"><span class='ocrx_word' id='word_1_13' title='bbox 326 1448 473 1549; x_wconf 81' lang='lat' dir='ltr'><strong>septimo</strong></span> <span class='ocrx_word' id='word_1_14' title='bbox 500 1445 683 1521; x_wconf 83' lang='lat' dir='ltr'><strong>christiani</strong></span> <span class='ocrx_word' id='word_1_15' title='bbox 703 1447 778 1519; x_wconf 88' lang='lat' dir='ltr'><strong>aevi</strong></span> <span class='ocrx_word' id='word_1_16' title='bbox 797 1447 939 1521; x_wconf 89' lang='lat' dir='ltr'><strong>saeculo</strong></span> <span class='ocrx_word' id='word_1_17' title='bbox 961 1461 1142 1546; x_wconf 84' lang='lat' dir='ltr'><strong>tamquam</strong></span> <span class='ocrx_word' id='word_1_18' title='bbox 1161 1445 1258 1521; x_wconf 86' lang='lat' dir='ltr'><strong>sidus</strong></span> <span class='ocrx_word' id='word_1_19' title='bbox 1278 1447 1350 1527; x_wconf 85' lang='lat' dir='ltr'><strong>elu-</strong></span> 
     </span>
     <span class='ocr_line' id='line_1_5' title="bbox 324 1569 1352 1669; baseline 0.002 -23"><span class='ocrx_word' id='word_1_20' title='bbox 324 1572 398 1661; x_wconf 81' lang='lat' dir='ltr'><strong>xit,</strong></span> <span class='ocrx_word' id='word_1_21' title='bbox 423 1571 649 1647; x_wconf 89' lang='lat' dir='ltr'><strong>luculentum</strong></span> <span class='ocrx_word' id='word_1_22' title='bbox 672 1569 717 1644; x_wconf 91' lang='lat' dir='ltr'><strong>de</strong></span> <span class='ocrx_word' id='word_1_23' title='bbox 744 1572 971 1669; x_wconf 88' lang='lat' dir='ltr'><strong>granunatica</strong></span> <span class='ocrx_word' id='word_1_24' title='bbox 991 1599 1033 1645; x_wconf 93' lang='lat' dir='ltr'><strong>ac</strong></span> <span class='ocrx_word' id='word_1_25' title='bbox 1054 1572 1200 1645; x_wconf 88' lang='lat' dir='ltr'><strong>metrica</strong></span> <span class='ocrx_word' id='word_1_26' title='bbox 1226 1602 1265 1645; x_wconf 82' lang='lat' dir='ltr'><strong>rc</strong></span> <span class='ocrx_word' id='word_1_27' title='bbox 1285 1589 1352 1648; x_wconf 86' lang='lat' dir='ltr'><strong>tra·</strong></span> 
     </span>
     <span class='ocr_line' id='line_1_6' title="bbox 326 1694 1351 1797; baseline -0.001 -26"><span class='ocrx_word' id='word_1_28' title='bbox 326 1710 484 1786; x_wconf 79' lang='lat' dir='ltr'><strong>etatum,</strong></span> <span class='ocrx_word' id='word_1_29' title='bbox 504 1696 675 1797; x_wconf 89' lang='lat' dir='ltr'><strong>quum.in</strong></span> <span class='ocrx_word' id='word_1_30' title='bbox 697 1695 846 1795; x_wconf 90' lang='lat' dir='ltr'><strong>antiquo</strong></span> <span class='ocrx_word' id='word_1_31' title='bbox 864 1713 933 1773; x_wconf 82' lang='lat' dir='ltr'><strong>vat.</strong></span> <span class='ocrx_word' id='word_1_32' title='bbox 956 1695 1081 1770; x_wconf 88' lang='lat' dir='ltr'><strong>codice</strong></span> <span class='ocrx_word' id='word_1_33' title='bbox 1102 1694 1351 1793; x_wconf 64' lang='lat' dir='ltr'><strong>offendissem</strong></span> 
     </span>
     <span class='ocr_line' id='line_1_7' title="bbox 324 1810 1345 1894; baseline -0.001 -2"><span class='ocrx_word' id='word_1_34' title='bbox 324 1816 422 1892; x_wconf 84' lang='lat' dir='ltr'><strong>dolui</strong></span> <span class='ocrx_word' id='word_1_35' title='bbox 447 1846 531 1892; x_wconf 87' lang='lat' dir='ltr'><strong>sane</strong></span> <span class='ocrx_word' id='word_1_36' title='bbox 558 1810 594 1891; x_wconf 79' lang='lat' dir='ltr'><strong>et</strong></span> <span class='ocrx_word' id='word_1_37' title='bbox 623 1818 809 1892; x_wconf 78' lang='lat' dir='ltr'><strong>clarissimi</strong></span> <span class='ocrx_word' id='word_1_38' title='bbox 836 1820 988 1892; x_wconf 89' lang='lat' dir='ltr'><strong>hominis</strong></span> <span class='ocrx_word' id='word_1_39' title='bbox 1020 1836 1056 1892; x_wconf 86' lang='lat' dir='ltr'><strong>ct</strong></span> <span class='ocrx_word' id='word_1_40' title='bbox 1085 1847 1158 1894; x_wconf 91' lang='lat' dir='ltr'><strong>non</strong></span> <span class='ocrx_word' id='word_1_41' title='bbox 1187 1836 1345 1893; x_wconf 91' lang='lat' dir='ltr'><strong>contem·</strong></span> 
     </span>
     <span class='ocr_line' id='line_1_8' title="bbox 329 1940 1349 2048; baseline 0.003 -35"><span class='ocrx_word' id='word_1_42' title='bbox 329 1940 440 2015; x_wconf 85' lang='lat' dir='ltr'><strong>nendi</strong></span> <span class='ocrx_word' id='word_1_43' title='bbox 458 1940 573 2041; x_wconf 85' lang='lat' dir='ltr'><strong>operis</strong></span> <span class='ocrx_word' id='word_1_44' title='bbox 593 1941 727 2018; x_wconf 86' lang='lat' dir='ltr'><strong>satum:</strong></span> <span class='ocrx_word' id='word_1_45' title='bbox 747 1960 934 2043; x_wconf 84' lang='lat' dir='ltr'><strong>propterea</strong></span> <span class='ocrx_word' id='word_1_46' title='bbox 954 1942 1049 2048; x_wconf 87' lang='lat' dir='ltr'><strong>quod</strong></span> <span class='ocrx_word' id='word_1_47' title='bbox 1068 1942 1107 2016; x_wconf 89' lang='lat' dir='ltr'><strong>in</strong></span> <span class='ocrx_word' id='word_1_48' title='bbox 1129 1959 1231 2019; x_wconf 87' lang='lat' dir='ltr'><strong>tanto</strong></span> <span class='ocrx_word' id='word_1_49' title='bbox 1250 1960 1349 2043; x_wconf 81' lang='lat' dir='ltr'><strong>typo-</strong></span> 
     </span>
     <span class='ocr_line' id='line_1_9' title="bbox 329 2066 1350 2170; baseline 0.003 -31"><span class='ocrx_word' id='word_1_50' title='bbox 329 2066 511 2165; x_wconf 85' lang='lat' dir='ltr'><strong>graphicae</strong></span> <span class='ocrx_word' id='word_1_51' title='bbox 538 2067 622 2140; x_wconf 87' lang='lat' dir='ltr'><strong>artis</strong></span> <span class='ocrx_word' id='word_1_52' title='bbox 640 2083 766 2159; x_wconf 87' lang='lat' dir='ltr'><strong>motu,</strong></span> <span class='ocrx_word' id='word_1_53' title='bbox 786 2067 948 2143; x_wconf 90' lang='lat' dir='ltr'><strong>nondum</strong></span> <span class='ocrx_word' id='word_1_54' title='bbox 968 2069 1129 2170; x_wconf 88' lang='lat' dir='ltr'><strong>publicae</strong></span> <span class='ocrx_word' id='word_1_55' title='bbox 1150 2067 1244 2143; x_wconf 90' lang='lat' dir='ltr'><strong>lucis</strong></span> <span class='ocrx_word' id='word_1_56' title='bbox 1264 2096 1350 2145; x_wconf 88' lang='lat' dir='ltr'><strong>usu·</strong></span> 
     </span>
     <span class='ocr_line' id='line_1_10' title="bbox 329 2189 1347 2296; baseline -0.004 -28"><span class='ocrx_word' id='word_1_57' title='bbox 329 2220 402 2268; x_wconf 78' lang='lat' dir='ltr'><strong>mm</strong></span> <span class='ocrx_word' id='word_1_58' title='bbox 421 2194 697 2294; x_wconf 85' lang='lat' dir='ltr'><strong>impetraverant.</strong></span> <span class='ocrx_word' id='word_1_59' title='bbox 717 2189 945 2296; x_wconf 87' lang='lat' dir='ltr'><strong>Quamquam</strong></span> <span class='ocrx_word' id='word_1_60' title='bbox 967 2194 1074 2292; x_wconf 87' lang='lat' dir='ltr'><strong>igitur</strong></span> <span class='ocrx_word' id='word_1_61' title='bbox 1099 2220 1272 2267; x_wconf 81' lang='lat' dir='ltr'><strong>novarum</strong></span> <span class='ocrx_word' id='word_1_62' title='bbox 1293 2220 1347 2265; x_wconf 91' lang='lat' dir='ltr'><strong>re·</strong></span> 
     </span>
     <span class='ocr_line' id='line_1_11' title="bbox 329 2306 1350 2419; baseline -0.002 -28"><span class='ocrx_word' id='word_1_63' title='bbox 329 2306 590 2419; x_wconf 58' lang='lat' dir='ltr'><strong>rum&#39;ponderc</strong></span> <span class='ocrx_word' id='word_1_64' title='bbox 615 2345 824 2417; x_wconf 86' lang='lat' dir='ltr'><strong>premerer,</strong></span> <span class='ocrx_word' id='word_1_65' title='bbox 856 2317 959 2392; x_wconf 90' lang='lat' dir='ltr'><strong>nolui</strong></span> <span class='ocrx_word' id='word_1_66' title='bbox 984 2335 1101 2393; x_wconf 86' lang='lat' dir='ltr'><strong>tamen</strong></span> <span class='ocrx_word' id='word_1_67' title='bbox 1130 2318 1350 2418; x_wconf 88' lang='lat' dir='ltr'><strong>praeclarum</strong></span> 
     </span>
     <span class='ocr_line' id='line_1_12' title="bbox 328 2441 1346 2541; baseline 0 -28"><span class='ocrx_word' id='word_1_68' title='bbox 328 2441 521 2516; x_wconf 79' lang='lat' dir='ltr'><strong>hunccine</strong></span> <span class='ocrx_word' id='word_1_69' title='bbox 552 2459 719 2541; x_wconf 81' lang='lat' dir='ltr'><strong>respectu</strong></span> <span class='ocrx_word' id='word_1_70' title='bbox 752 2469 909 2541; x_wconf 87' lang='lat' dir='ltr'><strong>curaque</strong></span> <span class='ocrx_word' id='word_1_71' title='bbox 939 2442 1101 2516; x_wconf 92' lang='lat' dir='ltr'><strong>libellum</strong></span> <span class='ocrx_word' id='word_1_72' title='bbox 1132 2441 1346 2515; x_wconf 76' lang='lat' dir='ltr'><strong>dimittere:</strong></span> 
     </span>
     <span class='ocr_line' id='line_1_13' title="bbox 327 2563 1347 2667; baseline -0.004 -28"><span class='ocrx_word' id='word_1_73' title='bbox 327 2567 412 2667; x_wconf 87' lang='lat' dir='ltr'><strong>quin</strong></span> <span class='ocrx_word' id='word_1_74' title='bbox 437 2564 605 2667; x_wconf 89' lang='lat' dir='ltr'><strong>protinus</strong></span> <span class='ocrx_word' id='word_1_75' title='bbox 632 2566 725 2665; x_wconf 79' lang='lat' dir='ltr'><strong>typis</strong></span> <span class='ocrx_word' id='word_1_76' title='bbox 753 2564 912 2652; x_wconf 88' lang='lat' dir='ltr'><strong>tradidi,</strong></span> <span class='ocrx_word' id='word_1_77' title='bbox 933 2582 975 2638; x_wconf 88' lang='lat' dir='ltr'><strong>ut</strong></span> <span class='ocrx_word' id='word_1_78' title='bbox 999 2566 1128 2638; x_wconf 90' lang='lat' dir='ltr'><strong>ceteris</strong></span> <span class='ocrx_word' id='word_1_79' title='bbox 1154 2563 1347 2639; x_wconf 86' lang='lat' dir='ltr'><strong>voluminis</strong></span> 
     </span>
     <span class='ocr_line' id='line_1_14' title="bbox 328 2687 1352 2786; baseline -0.004 -22"><span class='ocrx_word' id='word_1_80' title='bbox 328 2693 394 2764; x_wconf 90' lang='lat' dir='ltr'><strong>mei</strong></span> <span class='ocrx_word' id='word_1_81' title='bbox 411 2689 454 2762; x_wconf 89' lang='lat' dir='ltr'><strong>de</strong></span> <span class='ocrx_word' id='word_1_82' title='bbox 474 2717 513 2763; x_wconf 90' lang='lat' dir='ltr'><strong>re</strong></span> <span class='ocrx_word' id='word_1_83' title='bbox 534 2689 758 2786; x_wconf 90' lang='lat' dir='ltr'><strong>grammatica</strong></span> <span class='ocrx_word' id='word_1_84' title='bbox 768 2689 972 2763; x_wconf 89' lang='lat' dir='ltr'><strong>auctoribus</strong></span> <span class='ocrx_word' id='word_1_85' title='bbox 985 2717 1104 2764; x_wconf 88' lang='lat' dir='ltr'><strong>comes</strong></span> <span class='ocrx_word' id='word_1_86' title='bbox 1119 2688 1229 2762; x_wconf 85' lang='lat' dir='ltr'><strong>lieret.</strong></span> <span class='ocrx_word' id='word_1_87' title='bbox 1244 2687 1352 2762; x_wconf 86' lang='lat' dir='ltr'><strong>Prae·</strong></span> 
     </span>
     <span class='ocr_line' id='line_1_15' title="bbox 331 2811 1351 2914; baseline -0.005 -26"><span class='ocrx_word' id='word_1_88' title='bbox 331 2814 418 2888; x_wconf 87' lang='lat' dir='ltr'><strong>cedit</strong></span> <span class='ocrx_word' id='word_1_89' title='bbox 437 2813 670 2914; x_wconf 88' lang='lat' dir='ltr'><strong>amplissimus</strong></span> <span class='ocrx_word' id='word_1_90' title='bbox 696 2812 740 2886; x_wconf 93' lang='lat' dir='ltr'><strong>ad</strong></span> <span class='ocrx_word' id='word_1_91' title='bbox 769 2811 954 2886; x_wconf 81' lang='lat' dir='ltr'><strong>Acircium</strong></span> <span class='ocrx_word' id='word_1_92' title='bbox 978 2811 1183 2911; x_wconf 83' lang='lat' dir='ltr'><strong>Anglorum</strong></span> <span class='ocrx_word' id='word_1_93' title='bbox 1210 2837 1351 2908; x_wconf 87' lang='lat' dir='ltr'><strong>regem,</strong></span> 
     </span>
     <span class='ocr_line' id='line_1_16' title="bbox 331 2932 1347 3032; baseline -0.003 -26"><span class='ocrx_word' id='word_1_94' title='bbox 331 2935 427 3009; x_wconf 85' lang='lat' dir='ltr'><strong>cuius</strong></span> <span class='ocrx_word' id='word_1_95' title='bbox 446 2949 570 3007; x_wconf 88' lang='lat' dir='ltr'><strong>noster</strong></span> <span class='ocrx_word' id='word_1_96' title='bbox 590 2932 755 3005; x_wconf 87' lang='lat' dir='ltr'><strong>iuvenilia</strong></span> <span class='ocrx_word' id='word_1_97' title='bbox 773 2932 890 3006; x_wconf 89' lang='lat' dir='ltr'><strong>studia</strong></span> <span class='ocrx_word' id='word_1_98' title='bbox 910 2934 1001 3006; x_wconf 77' lang='lat' dir='ltr'><strong>rexit</strong></span> <span class='ocrx_word' id='word_1_99' title='bbox 1018 2991 1027 3021; x_wconf 84' lang='lat'><strong>,</strong></span> <span class='ocrx_word' id='word_1_100' title='bbox 1047 2933 1211 3032; x_wconf 82' lang='lat' dir='ltr'><strong>prologus</strong></span> <span class='ocrx_word' id='word_1_101' title='bbox 1231 2932 1278 3004; x_wconf 90' lang='lat' dir='ltr'><strong>de</strong></span> <span class='ocrx_word' id='word_1_102' title='bbox 1298 2957 1347 3003; x_wconf 89' lang='lat' dir='ltr'><strong>se-</strong></span> 
     </span>
     <span class='ocr_line' id='line_1_17' title="bbox 330 3054 1349 3157; baseline -0.005 -25"><span class='ocrx_word' id='word_1_103' title='bbox 330 3058 475 3157; x_wconf 83' lang='lat' dir='ltr'><strong>ptenarii</strong></span> <span class='ocrx_word' id='word_1_104' title='bbox 498 3058 652 3132; x_wconf 82' lang='lat' dir='ltr'><strong>virtute:</strong></span> <span class='ocrx_word' id='word_1_105' title='bbox 684 3083 791 3157; x_wconf 91' lang='lat' dir='ltr'><strong>quam</strong></span> <span class='ocrx_word' id='word_1_106' title='bbox 823 3055 958 3129; x_wconf 90' lang='lat' dir='ltr'><strong>idcirco</strong></span> <span class='ocrx_word' id='word_1_107' title='bbox 990 3054 1201 3133; x_wconf 85' lang='lat' dir='ltr'><strong>Aldhelmus</strong></span> <span class='ocrx_word' id='word_1_108' title='bbox 1233 3054 1349 3130; x_wconf 82' lang='lat' dir='ltr'><strong>verbis</strong></span> 
     </span>
     <span class='ocr_line' id='line_1_18' title="bbox 330 3178 1351 3280; baseline -0.003 -26"><span class='ocrx_word' id='word_1_109' title='bbox 330 3197 376 3255; x_wconf 89' lang='lat' dir='ltr'><strong>tot</strong></span> <span class='ocrx_word' id='word_1_110' title='bbox 392 3209 597 3280; x_wconf 83' lang='lat' dir='ltr'><strong>exaggerare</strong></span> <span class='ocrx_word' id='word_1_111' title='bbox 611 3181 771 3267; x_wconf 82' lang='lat' dir='ltr'><strong>videtur,</strong></span> <span class='ocrx_word' id='word_1_112' title='bbox 796 3195 839 3253; x_wconf 88' lang='lat' dir='ltr'><strong>ut</strong></span> <span class='ocrx_word' id='word_1_113' title='bbox 854 3197 987 3280; x_wconf 87' lang='lat' dir='ltr'><strong>septem</strong></span> <span class='ocrx_word' id='word_1_114' title='bbox 1008 3181 1140 3253; x_wconf 89' lang='lat' dir='ltr'><strong>artium</strong></span> <span class='ocrx_word' id='word_1_115' title='bbox 1153 3178 1351 3252; x_wconf 89' lang='lat' dir='ltr'><strong>liberalium</strong></span> 
     </span>
     <span class='ocr_line' id='line_1_19' title="bbox 332 3299 1351 3401; baseline -0.003 -26"><span class='ocrx_word' id='word_1_116' title='bbox 332 3305 393 3377; x_wconf 85' lang='lat' dir='ltr'><strong>rim</strong></span> <span class='ocrx_word' id='word_1_117' title='bbox 416 3303 651 3379; x_wconf 84' lang='lat' dir='ltr'><strong>commendet.</strong></span> <span class='ocrx_word' id='word_1_118' title='bbox 672 3299 840 3377; x_wconf 79' lang='lat' dir='ltr'><strong>Profecto</strong></span> <span class='ocrx_word' id='word_1_119' title='bbox 860 3300 900 3373; x_wconf 90' lang='lat' dir='ltr'><strong>in</strong></span> <span class='ocrx_word' id='word_1_120' title='bbox 921 3302 987 3374; x_wconf 90' lang='lat' dir='ltr'><strong>hoc</strong></span> <span class='ocrx_word' id='word_1_121' title='bbox 1001 3299 1172 3401; x_wconf 88' lang='lat' dir='ltr'><strong>opusculo</strong></span> <span class='ocrx_word' id='word_1_122' title='bbox 1188 3318 1224 3373; x_wconf 86' lang='lat' dir='ltr'><strong>et</strong></span> <span class='ocrx_word' id='word_1_123' title='bbox 1241 3326 1351 3397; x_wconf 88' lang='lat' dir='ltr'><strong>gram·</strong></span> 
     </span>
    </p>
   </div>
   <div class='ocr_carea' id='block_1_3' title="bbox 332 3423 1354 4022">
    <p class='ocr_par' dir='ltr' id='par_1_3' title="bbox 332 3423 1354 4022">
     <span class='ocr_line' id='line_1_20' title="bbox 332 3423 1352 3528; baseline -0.008 -26"><span class='ocrx_word' id='word_1_124' title='bbox 332 3430 539 3505; x_wconf 83' lang='lat' dir='ltr'><strong>matiealium</strong></span> <span class='ocrx_word' id='word_1_125' title='bbox 558 3443 826 3528; x_wconf 85' lang='lat' dir='ltr'><strong>praeceptorum</strong></span> <span class='ocrx_word' id='word_1_126' title='bbox 846 3427 973 3499; x_wconf 85' lang='lat' dir='ltr'><strong>sanitas</strong></span> <span class='ocrx_word' id='word_1_127' title='bbox 989 3426 1202 3527; x_wconf 84' lang='lat' dir='ltr'><strong>plerumque</strong></span> <span class='ocrx_word' id='word_1_128' title='bbox 1217 3423 1352 3510; x_wconf 85' lang='lat' dir='ltr'><strong>clucet,</strong></span> 
     </span>
     <span class='ocr_line' id='line_1_21' title="bbox 334 3546 1350 3648; baseline -0.008 -24"><span class='ocrx_word' id='word_1_129' title='bbox 334 3569 364 3625; x_wconf 87' lang='lat' dir='ltr'><strong>et</strong></span> <span class='ocrx_word' id='word_1_130' title='bbox 388 3551 499 3626; x_wconf 87' lang='lat' dir='ltr'><strong>multa</strong></span> <span class='ocrx_word' id='word_1_131' title='bbox 528 3552 632 3624; x_wconf 89' lang='lat' dir='ltr'><strong>etiam</strong></span> <span class='ocrx_word' id='word_1_132' title='bbox 658 3550 800 3648; x_wconf 84' lang='lat' dir='ltr'><strong>prolana</strong></span> <span class='ocrx_word' id='word_1_133' title='bbox 828 3549 1007 3639; x_wconf 80' lang='lat' dir='ltr'><strong>eruditio,</strong></span> <span class='ocrx_word' id='word_1_134' title='bbox 1033 3548 1164 3622; x_wconf 87' lang='lat' dir='ltr'><strong>latinae</strong></span> <span class='ocrx_word' id='word_1_135' title='bbox 1193 3546 1350 3645; x_wconf 87' lang='lat' dir='ltr'><strong>denique</strong></span> 
     </span>
     <span class='ocr_line' id='line_1_22' title="bbox 334 3666 1354 3775; baseline -0.01 -26"><span class='ocrx_word' id='word_1_136' title='bbox 334 3676 536 3750; x_wconf 86' lang='lat' dir='ltr'><strong>elocutionis</strong></span> <span class='ocrx_word' id='word_1_137' title='bbox 563 3674 740 3774; x_wconf 81' lang='lat' dir='ltr'><strong>peculiare</strong></span> <span class='ocrx_word' id='word_1_138' title='bbox 775 3674 951 3775; x_wconf 90' lang='lat' dir='ltr'><strong>quoddam</strong></span> <span class='ocrx_word' id='word_1_139' title='bbox 984 3702 1096 3770; x_wconf 87' lang='lat' dir='ltr'><strong>genus</strong></span> <span class='ocrx_word' id='word_1_140' title='bbox 1124 3686 1279 3772; x_wconf 88' lang='lat' dir='ltr'><strong>apparet.</strong></span> <span class='ocrx_word' id='word_1_141' title='bbox 1307 3666 1354 3740; x_wconf 90' lang='lat' dir='ltr'><strong>Et</strong></span> 
     </span>
     <span class='ocr_line' id='line_1_23' title="bbox 334 3797 1352 3901; baseline -0.006 -30"><span class='ocrx_word' id='word_1_142' title='bbox 334 3798 434 3897; x_wconf 91' lang='lat' dir='ltr'><strong>digna</strong></span> <span class='ocrx_word' id='word_1_143' title='bbox 453 3798 604 3901; x_wconf 84' lang='lat' dir='ltr'><strong>quidem</strong></span> <span class='ocrx_word' id='word_1_144' title='bbox 622 3797 803 3871; x_wconf 86' lang='lat' dir='ltr'><strong>Aldlrelmi</strong></span> <span class='ocrx_word' id='word_1_145' title='bbox 823 3799 936 3871; x_wconf 88' lang='lat' dir='ltr'><strong>nostri</strong></span> <span class='ocrx_word' id='word_1_146' title='bbox 951 3798 1108 3872; x_wconf 89' lang='lat' dir='ltr'><strong>latinitas</strong></span> <span class='ocrx_word' id='word_1_147' title='bbox 1127 3814 1221 3886; x_wconf 84' lang='lat' dir='ltr'><strong>erat,</strong></span> <span class='ocrx_word' id='word_1_148' title='bbox 1243 3817 1352 3896; x_wconf 90' lang='lat' dir='ltr'><strong>quam</strong></span> 
     </span>
     <span class='ocr_line' id='line_1_24' title="bbox 336 3918 1352 4022; baseline -0.006 -29"><span class='ocrx_word' id='word_1_149' title='bbox 336 3922 499 4020; x_wconf 80' lang='lat' dir='ltr'><strong>singulari</strong></span> <span class='ocrx_word' id='word_1_150' title='bbox 520 3922 642 3996; x_wconf 88' lang='lat' dir='ltr'><strong>studio</strong></span> <span class='ocrx_word' id='word_1_151' title='bbox 669 3922 907 4019; x_wconf 83' lang='lat' dir='ltr'><strong>illustrarem3</strong></span> <span class='ocrx_word' id='word_1_152' title='bbox 932 3922 1141 4022; x_wconf 89' lang='lat' dir='ltr'><strong>praesertim</strong></span> <span class='ocrx_word' id='word_1_153' title='bbox 1168 3918 1253 4020; x_wconf 91' lang='lat' dir='ltr'><strong>quia</strong></span> <span class='ocrx_word' id='word_1_154' title='bbox 1273 3944 1352 4016; x_wconf 88' lang='lat' dir='ltr'><strong>per·</strong></span> 
     </span>
    </p>
   </div>
   <div class='ocr_carea' id='block_1_4' title="bbox 333 4043 1348 4243">
    <p class='ocr_par' dir='ltr' id='par_1_4' title="bbox 333 4043 1348 4243">
     <span class='ocr_line' id='line_1_25' title="bbox 333 4043 1348 4144; baseline -0.006 -23"><span class='ocrx_word' id='word_1_155' title='bbox 333 4049 435 4123; x_wconf 89' lang='lat' dir='ltr'><strong>multa</strong></span> <span class='ocrx_word' id='word_1_156' title='bbox 456 4049 535 4124; x_wconf 87' lang='lat' dir='ltr'><strong>eius</strong></span> <span class='ocrx_word' id='word_1_157' title='bbox 556 4065 611 4122; x_wconf 85' lang='lat' dir='ltr'><strong>est</strong></span> <span class='ocrx_word' id='word_1_158' title='bbox 629 4049 788 4140; x_wconf 88' lang='lat' dir='ltr'><strong>novitas,</strong></span> <span class='ocrx_word' id='word_1_159' title='bbox 809 4050 860 4123; x_wconf 92' lang='lat' dir='ltr'><strong>ita</strong></span> <span class='ocrx_word' id='word_1_160' title='bbox 877 4065 920 4125; x_wconf 88' lang='lat' dir='ltr'><strong>ut</strong></span> <span class='ocrx_word' id='word_1_161' title='bbox 938 4047 1119 4123; x_wconf 88' lang='lat' dir='ltr'><strong>mediocre</strong></span> <span class='ocrx_word' id='word_1_162' title='bbox 1141 4043 1348 4144; x_wconf 88' lang='lat' dir='ltr'><strong>glossarium</strong></span> 
     </span>
     <span class='ocr_line' id='line_1_26' title="bbox 947 4174 1067 4243; baseline -0.008 1"><span class='ocrx_word' id='word_1_163' title='bbox 947 4174 1023 4221; x_wconf 62' lang='lat' dir='ltr'><em>W</em></span> <span class='ocrx_word' id='word_1_164' title='bbox 1052 4198 1067 4243; x_wconf 91' lang='lat'>1</span> 
     </span>
    </p>
   </div>
   <div class='ocr_carea' id='block_1_5' title="bbox 0 0 1704 5206">
    <p class='ocr_par' dir='ltr' id='par_1_5' title="bbox 0 0 1704 5206">
     <span class='ocr_line' id='line_1_27' title="bbox 0 0 1704 5206; baseline 0 0"><span class='ocrx_word' id='word_1_165' title='bbox 0 0 1704 5206; x_wconf 95' lang='lat' dir='ltr'><strong> </strong></span> 
     </span>
    </p>
   </div>
  </div>
 </body>
</html>
