<?xml version="1.0" encoding="UTF-8"?>
<!DOCTYPE html PUBLIC "-//W3C//DTD XHTML 1.0 Transitional//EN"
    "http://www.w3.org/TR/xhtml1/DTD/xhtml1-transitional.dtd">
<html xmlns="http://www.w3.org/1999/xhtml" xml:lang="en" lang="en">
 <head>
  <title>
</title>
<meta http-equiv="Content-Type" content="text/html;charset=utf-8" />
  <meta name='ocr-system' content='tesseract 3.04.00' />
  <meta name='ocr-capabilities' content='ocr_page ocr_carea ocr_par ocr_line ocrx_word'/>
</head>
<body>
  <div class='ocr_page' id='page_1' title='image "./classicorumauct00vatigoog_0570.png"; bbox 0 0 3382 5206; ppageno 0'>
   <div class='ocr_carea' id='block_1_1' title="bbox 349 610 1368 821">
    <p class='ocr_par' dir='ltr' id='par_1_1' title="bbox 349 610 1368 821">
     <span class='ocr_line' id='line_1_1' title="bbox 713 610 1351 700; baseline 0.006 -27"><span class='ocrx_word' id='word_1_1' title='bbox 713 627 757 674; x_wconf 87' lang='lat' dir='ltr'>nr</span> <span class='ocrx_word' id='word_1_2' title='bbox 788 616 1013 676; x_wconf 67' lang='lat' dir='ltr'>&#39;srrrnuamot</span> <span class='ocrx_word' id='word_1_3' title='bbox 1239 690 1244 697; x_wconf 92' lang='lat'><em>.</em></span> <span class='ocrx_word' id='word_1_4' title='bbox 1287 610 1351 700; x_wconf 81' lang='lat'>507</span> 
     </span>
     <span class='ocr_line' id='line_1_2' title="bbox 349 713 1368 821; baseline -0.002 -24"><span class='ocrx_word' id='word_1_5' title='bbox 349 724 501 821; x_wconf 77' lang='lat' dir='ltr'>quidem,</span> <span class='ocrx_word' id='word_1_6' title='bbox 526 744 562 797; x_wconf 87' lang='lat' dir='ltr'>ct</span> <span class='ocrx_word' id='word_1_7' title='bbox 575 726 720 794; x_wconf 83' lang='lat' dir='ltr'>arbitror</span> <span class='ocrx_word' id='word_1_8' title='bbox 733 775 744 809; x_wconf 88' lang='lat'>,</span> <span class='ocrx_word' id='word_1_9' title='bbox 756 725 868 797; x_wconf 80' lang='lat' dir='ltr'>divino</span> <span class='ocrx_word' id='word_1_10' title='bbox 878 713 1001 792; x_wconf 84' lang='lat' dir='ltr'>imbuti</span> <span class='ocrx_word' id='word_1_11' title='bbox 1016 723 1198 819; x_wconf 75' lang='lat' dir='ltr'>mugisteric</span> <span class='ocrx_word' id='word_1_12' title='bbox 1224 746 1255 796; x_wconf 87' lang='lat' dir='ltr'>et</span> <span class='ocrx_word' id='word_1_13' title='bbox 1270 752 1368 819; x_wconf 87' lang='lat' dir='ltr'>prae·</span> 
     </span>
    </p>
   </div>
   <div class='ocr_carea' id='block_1_2' title="bbox 271 831 1367 2094">
    <p class='ocr_par' dir='ltr' id='par_1_2' title="bbox 271 831 1367 2094">
     <span class='ocr_line' id='line_1_3' title="bbox 344 831 1367 929; baseline 0.003 -25"><span class='ocrx_word' id='word_1_14' title='bbox 344 855 513 928; x_wconf 78' lang='lat' dir='ltr'><strong>ceptorum</strong></span> <span class='ocrx_word' id='word_1_15' title='bbox 538 838 687 907; x_wconf 76' lang='lat' dir='ltr'>instructi</span> <span class='ocrx_word' id='word_1_16' title='bbox 715 833 894 924; x_wconf 82' lang='lat' dir='ltr'>exemplc‚-</span> <span class='ocrx_word' id='word_1_17' title='bbox 910 834 973 904; x_wconf 85' lang='lat' dir='ltr'>boc</span> <span class='ocrx_word' id='word_1_18' title='bbox 999 831 1367 929; x_wconf 76' lang='lat' dir='ltr'>successurae·pcsteri-&#39;</span> 
     </span>
     <span class='ocr_line' id='line_1_4' title="bbox 344 930 1366 1036; baseline 0.003 -26"><span class='ocrx_word' id='word_1_19' title='bbox 344 946 402 1011; x_wconf 87' lang='lat' dir='ltr'>tati</span> <span class='ocrx_word' id='word_1_20' title='bbox 418 946 483 1012; x_wconf 87' lang='lat' dir='ltr'>rite</span> <span class='ocrx_word' id='word_1_21' title='bbox 496 945 675 1011; x_wconf 86' lang='lat' dir='ltr'>ruminasse</span> <span class='ocrx_word' id='word_1_22' title='bbox 686 959 718 1011; x_wconf 93' lang='lat' dir='ltr'>et</span> <span class='ocrx_word' id='word_1_23' title='bbox 731 930 1081 1035; x_wconf 52' lang='lat' dir='ltr'>regulariter&#39;ructusse</span> <span class='ocrx_word' id='word_1_24' title='bbox 1095 941 1213 1012; x_wconf 81' lang='lat' dir='ltr'>referri</span> <span class='ocrx_word' id='word_1_25' title='bbox 1228 962 1366 1036; x_wconf 82' lang='lat' dir='ltr'>queunt,</span> 
     </span>
     <span class='ocr_line' id='line_1_5' title="bbox 344 1048 1364 1142; baseline 0.002 -26"><span class='ocrx_word' id='word_1_26' title='bbox 344 1049 434 1140; x_wconf 88' lang='lat' dir='ltr'>quod</span> <span class='ocrx_word' id='word_1_27' title='bbox 463 1051 505 1117; x_wconf 90' lang='lat' dir='ltr'>ab</span> <span class='ocrx_word' id='word_1_28' title='bbox 532 1051 601 1142; x_wconf 89' lang='lat' dir='ltr'>ipsc</span> <span class='ocrx_word' id='word_1_29' title='bbox 620 1051 820 1118; x_wconf 83' lang='lat' dir='ltr'>tenerrimae</span> <span class='ocrx_word' id='word_1_30' title='bbox 841 1049 997 1142; x_wconf 82' lang='lat' dir='ltr'>rudisque</span> <span class='ocrx_word' id='word_1_31' title='bbox 1023 1048 1179 1117; x_wconf 85' lang='lat' dir='ltr'>infantiae</span> <span class='ocrx_word' id='word_1_32' title='bbox 1200 1054 1364 1123; x_wconf 78' lang='lat' dir='ltr'>nutritore·</span> 
     </span>
     <span class='ocr_line' id='line_1_6' title="bbox 343 1153 1366 1247; baseline 0.003 -27"><span class='ocrx_word' id='word_1_33' title='bbox 343 1156 463 1223; x_wconf 85' lang='lat' dir='ltr'>ceteris</span> <span class='ocrx_word' id='word_1_34' title='bbox 483 1155 717 1223; x_wconf 85' lang='lat' dir='ltr'>ruminandum</span> <span class='ocrx_word' id='word_1_35' title='bbox 731 1172 763 1222; x_wconf 90' lang='lat' dir='ltr'>et</span> <span class='ocrx_word' id='word_1_36' title='bbox 777 1153 976 1221; x_wconf 87' lang='lat' dir='ltr'>ructandum</span> <span class='ocrx_word' id='word_1_37' title='bbox 991 1154 1130 1245; x_wconf 77' lang='lat' dir='ltr'>gratuita</span> <span class='ocrx_word' id='word_1_38' title='bbox 1150 1178 1366 1247; x_wconf 87' lang='lat' dir='ltr'>praecurren-</span> 
     </span>
     <span class='ocr_line' id='line_1_7' title="bbox 342 1261 1364 1353; baseline 0.004 -27"><span class='ocrx_word' id='word_1_39' title='bbox 342 1275 377 1327; x_wconf 85' lang='lat' dir='ltr'>te</span> <span class='ocrx_word' id='word_1_40' title='bbox 395 1264 498 1353; x_wconf 75' lang='lat' dir='ltr'>gratia</span> <span class='ocrx_word' id='word_1_41' title='bbox 526 1264 696 1331; x_wconf 86' lang='lat' dir='ltr'>accessisse</span> <span class='ocrx_word' id='word_1_42' title='bbox 713 1284 871 1329; x_wconf 88' lang='lat' dir='ltr'>meruere.</span> <span class='ocrx_word' id='word_1_43' title='bbox 893 1261 979 1327; x_wconf 86' lang='lat' dir='ltr'>Nam</span> <span class='ocrx_word' id='word_1_44' title='bbox 998 1286 1141 1332; x_wconf 89' lang='lat' dir='ltr'>summus</span> <span class='ocrx_word' id='word_1_45' title='bbox 1166 1261 1364 1332; x_wconf 82' lang='lat' dir='ltr'>ecclesiasti-</span> 
     </span>
     <span class='ocr_line' id='line_1_8' title="bbox 344 1368 1365 1465; baseline 0.006 -31"><span class='ocrx_word' id='word_1_46' title='bbox 344 1392 401 1437; x_wconf 87' lang='lat' dir='ltr'>cae</span> <span class='ocrx_word' id='word_1_47' title='bbox 432 1369 678 1459; x_wconf 70' lang='lat' dir='ltr'><strong>dispensationis</strong></span> <span class='ocrx_word' id='word_1_48' title='bbox 712 1386 842 1453; x_wconf 80' lang='lat' dir='ltr'>auctor,</span> <span class='ocrx_word' id='word_1_49' title='bbox 870 1385 903 1437; x_wconf 91' lang='lat' dir='ltr'>et</span> <span class='ocrx_word' id='word_1_50' title='bbox 935 1369 1122 1459; x_wconf 74' lang='lat' dir='ltr'>primitivae</span> <span class='ocrx_word' id='word_1_51' title='bbox 1153 1368 1365 1465; x_wconf 82' lang='lat' dir='ltr'>inlustrisque</span> 
     </span>
     <span class='ocr_line' id='line_1_9' title="bbox 341 1470 1365 1566; baseline 0.002 -28"><span class='ocrx_word' id='word_1_52' title='bbox 341 1470 483 1543; x_wconf 77' lang='lat' dir='ltr'>familiae</span> <span class='ocrx_word' id='word_1_53' title='bbox 500 1473 717 1559; x_wconf 67' lang='lat' dir='ltr'>infirmatur,</span> <span class='ocrx_word' id='word_1_54' title='bbox 732 1489 831 1566; x_wconf 81' lang='lat' dir='ltr'>quem</span> <span class='ocrx_word' id='word_1_55' title='bbox 851 1471 1013 1564; x_wconf 86' lang='lat' dir='ltr'>psalmus,</span> <span class='ocrx_word' id='word_1_56' title='bbox 1029 1491 1067 1540; x_wconf 90' lang='lat' dir='ltr'>ut</span> <span class='ocrx_word' id='word_1_57' title='bbox 1090 1476 1250 1564; x_wconf 81' lang='lat' dir='ltr'>praesenti</span> <span class='ocrx_word' id='word_1_58' title='bbox 1273 1497 1365 1543; x_wconf 89' lang='lat' dir='ltr'>ccm-</span> 
     </span>
     <span class='ocr_line' id='line_1_10' title="bbox 271 1575 1361 1671; baseline 0.001 -27"><span class='ocrx_word' id='word_1_59' title='bbox 271 1632 273 1636; x_wconf 56' lang='grc'><strong>,</strong></span> <span class='ocrx_word' id='word_1_60' title='bbox 342 1579 423 1664; x_wconf 88' lang='lat' dir='ltr'>petit</span> <span class='ocrx_word' id='word_1_61' title='bbox 445 1577 724 1669; x_wconf 74' lang='lat' dir='ltr'><strong>explanandarum</strong></span> <span class='ocrx_word' id='word_1_62' title='bbox 751 1601 862 1644; x_wconf 87' lang='lat' dir='ltr'>rernm</span> <span class='ocrx_word' id='word_1_63' title='bbox 884 1575 1098 1646; x_wconf 78' lang='lat' dir='ltr'>adminiculo,</span> <span class='ocrx_word' id='word_1_64' title='bbox 1110 1578 1361 1671; x_wconf 76' lang='lat' dir='ltr'>septuagesimus</span> 
     </span>
     <span class='ocr_line' id='line_1_11' title="bbox 344 1679 1366 1774; baseline 0.003 -29"><span class='ocrx_word' id='word_1_65' title='bbox 344 1684 498 1771; x_wconf 88' lang='lat' dir='ltr'>septimus</span> <span class='ocrx_word' id='word_1_66' title='bbox 523 1706 641 1773; x_wconf 82' lang='lat' dir='ltr'>panem</span> <span class='ocrx_word' id='word_1_67' title='bbox 673 1680 754 1749; x_wconf 84' lang='lat' dir='ltr'>caeli</span> <span class='ocrx_word' id='word_1_68' title='bbox 783 1698 816 1750; x_wconf 87' lang='lat' dir='ltr'>et</span> <span class='ocrx_word' id='word_1_69' title='bbox 834 1704 952 1772; x_wconf 82' lang='lat' dir='ltr'>panem</span> <span class='ocrx_word' id='word_1_70' title='bbox 970 1679 1160 1774; x_wconf 80' lang='lat' dir='ltr'>angelorum</span> <span class='ocrx_word' id='word_1_71' title='bbox 1183 1681 1366 1774; x_wconf 78' lang='lat' dir='ltr'>figuraliter</span> 
     </span>
     <span class='ocr_line' id='line_1_12' title="bbox 342 1785 1364 1881; baseline 0.002 -26"><span class='ocrx_word' id='word_1_72' title='bbox 342 1790 485 1858; x_wconf 81' lang='lat' dir='ltr'>vocitans</span> <span class='ocrx_word' id='word_1_73' title='bbox 496 1792 662 1881; x_wconf 67' lang='lat' dir='ltr'>expressit,</span> <span class='ocrx_word' id='word_1_74' title='bbox 676 1806 801 1878; x_wconf 86' lang='lat' dir='ltr'>septem</span> <span class='ocrx_word' id='word_1_75' title='bbox 815 1812 937 1879; x_wconf 88' lang='lat' dir='ltr'>panum</span> <span class='ocrx_word' id='word_1_76' title='bbox 951 1785 1168 1881; x_wconf 78' lang='lat' dir='ltr'>fragminibus</span> <span class='ocrx_word' id='word_1_77' title='bbox 1183 1788 1295 1856; x_wconf 85' lang='lat' dir='ltr'>divina</span> <span class='ocrx_word' id='word_1_78' title='bbox 1309 1816 1364 1881; x_wconf 90' lang='lat' dir='ltr'>po·</span> 
     </span>
     <span class='ocr_line' id='line_1_13' title="bbox 341 1896 1365 1988; baseline 0.003 -25"><span class='ocrx_word' id='word_1_79' title='bbox 341 1898 404 1966; x_wconf 89' lang='lat' dir='ltr'>tius</span> <span class='ocrx_word' id='word_1_80' title='bbox 426 1896 656 1966; x_wconf 86' lang='lat' dir='ltr'>benedictione</span> <span class='ocrx_word' id='word_1_81' title='bbox 680 1897 923 1980; x_wconf 68' lang='lat' dir='ltr'>crescentibus,</span> <span class='ocrx_word' id='word_1_82' title='bbox 942 1920 1041 1988; x_wconf 81' lang='lat' dir='ltr'>quarn</span> <span class='ocrx_word' id='word_1_83' title='bbox 1071 1896 1246 1967; x_wconf 84' lang='lat' dir='ltr'>lurconum</span> <span class='ocrx_word' id='word_1_84' title='bbox 1278 1898 1365 1966; x_wconf 84' lang='lat' dir='ltr'>rictu</span> 
     </span>
     <span class='ocr_line' id='line_1_14' title="bbox 342 1991 1361 2094; baseline 0.003 -25"><span class='ocrx_word' id='word_1_85' title='bbox 342 1991 582 2071; x_wconf 67' lang='lat' dir='ltr'>conscientium</span> <span class='ocrx_word' id='word_1_86' title='bbox 603 2005 835 2072; x_wconf 85' lang='lat' dir='ltr'>minuentibus·</span> <span class='ocrx_word' id='word_1_87' title='bbox 854 2002 945 2071; x_wconf 84' lang='lat' dir='ltr'>milia</span> <span class='ocrx_word' id='word_1_88' title='bbox 971 2006 1134 2072; x_wconf 67' lang='lat' dir='ltr'>uirorum,</span> <span class='ocrx_word' id='word_1_89' title='bbox 1162 2020 1294 2094; x_wconf 83' lang='lat' dir='ltr'>excepta</span> <span class='ocrx_word' id='word_1_90' title='bbox 1309 2029 1361 2073; x_wconf 90' lang='lat' dir='ltr'>se·</span> 
     </span>
    </p>
   </div>
   <div class='ocr_carea' id='block_1_3' title="bbox 336 2106 1409 2412">
    <p class='ocr_par' dir='ltr' id='par_1_3' title="bbox 336 2106 1409 2412">
     <span class='ocr_line' id='line_1_15' title="bbox 339 2106 1409 2207; baseline 0.007 -35"><span class='ocrx_word' id='word_1_91' title='bbox 339 2106 437 2173; x_wconf 86' lang='lat' dir='ltr'>cundi</span> <span class='ocrx_word' id='word_1_92' title='bbox 453 2114 557 2175; x_wconf 80' lang='lat' dir='ltr'>&#39;serus</span> <span class='ocrx_word' id='word_1_93' title='bbox 583 2125 737 2193; x_wconf 84' lang='lat' dir='ltr'>caterva,</span> <span class='ocrx_word' id='word_1_94' title='bbox 760 2107 1001 2200; x_wconf 80' lang='lat' dir='ltr'>evangeliorum</span> <span class='ocrx_word' id='word_1_95' title='bbox 1027 2124 1114 2177; x_wconf 80' lang='lat' dir='ltr'>testu</span> <span class='ocrx_word' id='word_1_96' title='bbox 1140 2126 1293 2178; x_wconf 89' lang='lat' dir='ltr'>narrante</span> <span class='ocrx_word' id='word_1_97' title='bbox 1308 2108 1359 2179; x_wconf 85' lang='lat' dir='ltr'>lc·</span> <span class='ocrx_word' id='word_1_98' title='bbox 1396 2182 1409 2207; x_wconf 51' lang='lat'><strong>·</strong></span> 
     </span>
     <span class='ocr_line' id='line_1_16' title="bbox 336 2211 1368 2305; baseline 0.004 -27"><span class='ocrx_word' id='word_1_99' title='bbox 336 2213 425 2302; x_wconf 72' lang='lat' dir='ltr'>gitur</span> <span class='ocrx_word' id='word_1_100' title='bbox 443 2216 568 2303; x_wconf 81' lang='lat' dir='ltr'>&#39;pariare</span> <span class='ocrx_word' id='word_1_101' title='bbox 594 2232 625 2282; x_wconf 86' lang='lat' dir='ltr'>et</span> <span class='ocrx_word' id='word_1_102' title='bbox 641 2212 775 2282; x_wconf 75' lang='lat' dir='ltr'>adfatim</span> <span class='ocrx_word' id='word_1_103' title='bbox 791 2216 944 2296; x_wconf 86' lang='lat' dir='ltr'>satiasse,</span> <span class='ocrx_word' id='word_1_104' title='bbox 964 2211 1168 2305; x_wconf 86' lang='lat' dir='ltr'>sublatisque</span> <span class='ocrx_word' id='word_1_105' title='bbox 1198 2212 1368 2305; x_wconf 79' lang='lat' dir='ltr'>fragmen-&#39;</span> 
     </span>
     <span class='ocr_line' id='line_1_17' title="bbox 343 2316 1366 2412; baseline 0.006 -30"><span class='ocrx_word' id='word_1_106' title='bbox 343 2336 448 2393; x_wconf 88' lang='lat' dir='ltr'>torum</span> <span class='ocrx_word' id='word_1_107' title='bbox 463 2319 629 2412; x_wconf 83' lang='lat' dir='ltr'>reliquiis,</span> <span class='ocrx_word' id='word_1_108' title='bbox 643 2337 675 2386; x_wconf 90' lang='lat' dir='ltr'>et</span> <span class='ocrx_word' id='word_1_109' title='bbox 691 2319 834 2388; x_wconf 73' lang='lat' dir='ltr'>collectis</span> <span class='ocrx_word' id='word_1_110' title='bbox 846 2316 1049 2390; x_wconf 86' lang='lat' dir='ltr'>bucellarnm</span> <span class='ocrx_word' id='word_1_111' title='bbox 1067 2319 1217 2387; x_wconf 76' lang='lat' dir='ltr'>crustulis</span> <span class='ocrx_word' id='word_1_112' title='bbox 1240 2323 1274 2386; x_wconf 90' lang='lat' dir='ltr'>in</span> <span class='ocrx_word' id='word_1_113' title='bbox 1290 2317 1366 2388; x_wconf 86' lang='lat' dir='ltr'>lru·&#39;</span> 
     </span>
    </p>
   </div>
   <div class='ocr_carea' id='block_1_4' title="bbox 335 2423 1363 3576">
    <p class='ocr_par' dir='ltr' id='par_1_4' title="bbox 341 2423 1363 2622">
     <span class='ocr_line' id='line_1_18' title="bbox 341 2423 1363 2515; baseline 0.004 -25"><span class='ocrx_word' id='word_1_114' title='bbox 341 2441 388 2490; x_wconf 89' lang='lat' dir='ltr'>sta</span> <span class='ocrx_word' id='word_1_115' title='bbox 409 2423 582 2492; x_wconf 84' lang='lat' dir='ltr'>confractis</span> <span class='ocrx_word' id='word_1_116' title='bbox 600 2444 724 2515; x_wconf 89' lang='lat' dir='ltr'>septem</span> <span class='ocrx_word' id='word_1_117' title='bbox 743 2426 859 2495; x_wconf 86' lang='lat' dir='ltr'>corbes</span> <span class='ocrx_word' id='word_1_118' title='bbox 884 2424 936 2493; x_wconf 78' lang='lat' dir='ltr'>vel</span> <span class='ocrx_word' id='word_1_119' title='bbox 955 2423 1080 2493; x_wconf 75' lang='lat' dir='ltr'>cistella</span> <span class='ocrx_word' id='word_1_120' title='bbox 1100 2425 1260 2514; x_wconf 87' lang='lat' dir='ltr'>stupendo</span> <span class='ocrx_word' id='word_1_121' title='bbox 1283 2450 1363 2494; x_wconf 90' lang='lat' dir='ltr'>cun·</span> 
     </span>
     <span class='ocr_line' id='line_1_19' title="bbox 341 2531 812 2622; baseline 0.011 -27"><span class='ocrx_word' id='word_1_122' title='bbox 341 2532 401 2596; x_wconf 85' lang='lat' dir='ltr'>ctis</span> <span class='ocrx_word' id='word_1_123' title='bbox 421 2531 604 2621; x_wconf 85' lang='lat' dir='ltr'>spectaculo</span> <span class='ocrx_word' id='word_1_124' title='bbox 626 2532 812 2622; x_wconf 79' lang='lat' dir='ltr'>replevisse.</span> 
     </span>
    </p>

    <p class='ocr_par' dir='ltr' id='par_1_5' title="bbox 335 2635 1357 3576">
     <span class='ocr_line' id='line_1_20' title="bbox 427 2635 1357 2726; baseline 0 -25"><span class='ocrx_word' id='word_1_125' title='bbox 427 2636 497 2706; x_wconf 87' lang='lat' dir='ltr'>Nec</span> <span class='ocrx_word' id='word_1_126' title='bbox 525 2661 591 2704; x_wconf 90' lang='lat' dir='ltr'>uun</span> <span class='ocrx_word' id='word_1_127' title='bbox 619 2635 733 2726; x_wconf 82' lang='lat' dir='ltr'>legalis</span> <span class='ocrx_word' id='word_1_128' title='bbox 753 2636 810 2702; x_wconf 85' lang='lat' dir='ltr'>illa</span> <span class='ocrx_word' id='word_1_129' title='bbox 832 2655 865 2705; x_wconf 91' lang='lat' dir='ltr'>et</span> <span class='ocrx_word' id='word_1_130' title='bbox 887 2636 1007 2703; x_wconf 87' lang='lat' dir='ltr'>fumosa</span> <span class='ocrx_word' id='word_1_131' title='bbox 1034 2635 1238 2705; x_wconf 88' lang='lat' dir='ltr'>iubeleorum</span> <span class='ocrx_word' id='word_1_132' title='bbox 1269 2635 1357 2702; x_wconf 81' lang='lat' dir='ltr'>lesti-</span> 
     </span>
     <span class='ocr_line' id='line_1_21' title="bbox 336 2741 1357 2832; baseline 0.001 -26"><span class='ocrx_word' id='word_1_133' title='bbox 336 2743 416 2809; x_wconf 85' lang='lat' dir='ltr'>vitas</span> <span class='ocrx_word' id='word_1_134' title='bbox 430 2766 590 2811; x_wconf 87' lang='lat' dir='ltr'>annornm</span> <span class='ocrx_word' id='word_1_135' title='bbox 609 2741 870 2809; x_wconf 78' lang='lat' dir='ltr'>bebdomadibus</span> <span class='ocrx_word' id='word_1_136' title='bbox 889 2743 1031 2811; x_wconf 84' lang='lat' dir='ltr'>decursis</span> <span class='ocrx_word' id='word_1_137' title='bbox 1046 2741 1208 2810; x_wconf 81' lang='lat' dir='ltr'>celebrata</span> <span class='ocrx_word' id='word_1_138' title='bbox 1225 2793 1236 2827; x_wconf 86' lang='lat'>‚</span> <span class='ocrx_word' id='word_1_139' title='bbox 1252 2767 1357 2832; x_wconf 87' lang='lat' dir='ltr'>qusn-</span> 
     </span>
     <span class='ocr_line' id='line_1_22' title="bbox 337 2843 1356 2939; baseline 0.005 -32"><span class='ocrx_word' id='word_1_140' title='bbox 337 2843 379 2910; x_wconf 90' lang='lat' dir='ltr'>dc</span> <span class='ocrx_word' id='word_1_141' title='bbox 391 2846 617 2916; x_wconf 75' lang='lat' dir='ltr'>sabbatizante</span> <span class='ocrx_word' id='word_1_142' title='bbox 641 2871 796 2939; x_wconf 73' lang='lat' dir='ltr'>agrorum</span> <span class='ocrx_word' id='word_1_143' title='bbox 821 2845 971 2931; x_wconf 79' lang='lat' dir='ltr'>cultura,</span> <span class='ocrx_word' id='word_1_144' title='bbox 987 2864 1019 2914; x_wconf 90' lang='lat' dir='ltr'>et</span> <span class='ocrx_word' id='word_1_145' title='bbox 1043 2848 1242 2915; x_wconf 70' lang='lat' dir='ltr'>cessantibus</span> <span class='ocrx_word' id='word_1_146' title='bbox 1264 2847 1356 2913; x_wconf 82' lang='lat' dir='ltr'>faba-</span> 
     </span>
     <span class='ocr_line' id='line_1_23' title="bbox 336 2952 1356 3045; baseline 0.006 -32"><span class='ocrx_word' id='word_1_147' title='bbox 336 2952 463 3020; x_wconf 85' lang='lat' dir='ltr'>ricrum</span> <span class='ocrx_word' id='word_1_148' title='bbox 488 2970 733 3043; x_wconf 84' lang='lat' dir='ltr'>rastrorumque</span> <span class='ocrx_word' id='word_1_149' title='bbox 752 2952 985 3042; x_wconf 79' lang='lat' dir='ltr'>pulverulentis</span> <span class='ocrx_word' id='word_1_150' title='bbox 1000 2955 1278 3045; x_wconf 77' lang='lat' dir='ltr'>quassationibus,</span> <span class='ocrx_word' id='word_1_151' title='bbox 1291 2955 1356 3019; x_wconf 92' lang='lat' dir='ltr'>iam</span> 
     </span>
     <span class='ocr_line' id='line_1_24' title="bbox 336 3056 1352 3150; baseline 0.009 -32"><span class='ocrx_word' id='word_1_152' title='bbox 336 3056 467 3149; x_wconf 86' lang='lat' dir='ltr'>iamque</span> <span class='ocrx_word' id='word_1_153' title='bbox 487 3057 637 3128; x_wconf 79' lang='lat' dir='ltr'>volvente</span> <span class='ocrx_word' id='word_1_154' title='bbox 647 3063 766 3128; x_wconf 85' lang='lat' dir='ltr'>mensis</span> <span class='ocrx_word' id='word_1_155' title='bbox 792 3061 920 3150; x_wconf 84' lang='lat' dir='ltr'>septimi</span> <span class='ocrx_word' id='word_1_156' title='bbox 937 3058 1082 3143; x_wconf 84' lang='lat' dir='ltr'>circulo,</span> <span class='ocrx_word' id='word_1_157' title='bbox 1095 3060 1267 3128; x_wconf 85' lang='lat' dir='ltr'>horrisono</span> <span class='ocrx_word' id='word_1_158' title='bbox 1281 3085 1352 3127; x_wconf 84' lang='lat' dir='ltr'>ssen-</span> 
     </span>
     <span class='ocr_line' id='line_1_25' title="bbox 336 3165 1356 3260; baseline 0.003 -29"><span class='ocrx_word' id='word_1_159' title='bbox 336 3166 410 3233; x_wconf 89' lang='lat' dir='ltr'>tcsis</span> <span class='ocrx_word' id='word_1_160' title='bbox 427 3165 560 3239; x_wconf 79' lang='lat' dir='ltr'>llatibns</span> <span class='ocrx_word' id='word_1_161' title='bbox 586 3166 823 3260; x_wconf 81' lang='lat' dir='ltr'>clangebantur</span> <span class='ocrx_word' id='word_1_162' title='bbox 851 3169 1018 3260; x_wconf 79' lang='lat' dir='ltr'>bucinae,</span> <span class='ocrx_word' id='word_1_163' title='bbox 1042 3165 1149 3234; x_wconf 82' lang='lat' dir='ltr'>futura</span> <span class='ocrx_word' id='word_1_164' title='bbox 1182 3169 1356 3259; x_wconf 81' lang='lat' dir='ltr'>mysterio-</span> 
     </span>
     <span class='ocr_line' id='line_1_26' title="bbox 335 3272 1355 3366; baseline 0.006 -30"><span class='ocrx_word' id='word_1_165' title='bbox 335 3294 410 3337; x_wconf 89' lang='lat' dir='ltr'>rum</span> <span class='ocrx_word' id='word_1_166' title='bbox 434 3293 553 3338; x_wconf 87' lang='lat' dir='ltr'>arcana</span> <span class='ocrx_word' id='word_1_167' title='bbox 576 3273 842 3364; x_wconf 78' lang='lat' dir='ltr'>per-allegoriam</span> <span class='ocrx_word' id='word_1_168' title='bbox 867 3273 1045 3366; x_wconf 79' lang='lat' dir='ltr'>figuraliter</span> <span class='ocrx_word' id='word_1_169' title='bbox 1069 3272 1271 3365; x_wconf 82' lang='lat' dir='ltr'>portendisse</span> <span class='ocrx_word' id='word_1_170' title='bbox 1296 3272 1355 3342; x_wconf 83' lang='lat' dir='ltr'>tle·</span> 
     </span>
     <span class='ocr_line' id='line_1_27' title="bbox 335 3375 1356 3479; baseline 0.005 -37"><span class='ocrx_word' id='word_1_171' title='bbox 335 3375 488 3444; x_wconf 86' lang='lat' dir='ltr'>claratur.</span> <span class='ocrx_word' id='word_1_172' title='bbox 515 3380 617 3445; x_wconf 83' lang='lat' dir='ltr'>Porro</span> <span class='ocrx_word' id='word_1_173' title='bbox 644 3378 1061 3479; x_wconf 83' lang='lat' dir='ltr'>sacrosancts&#39;pentsccstis</span> <span class='ocrx_word' id='word_1_174' title='bbox 1084 3377 1266 3447; x_wconf 84' lang='lat' dir='ltr'>solemnitas</span> <span class='ocrx_word' id='word_1_175' title='bbox 1298 3404 1356 3447; x_wconf 91' lang='lat' dir='ltr'>re-</span> 
     </span>
     <span class='ocr_line' id='line_1_28' title="bbox 336 3472 1357 3576; baseline 0.003 -27"><span class='ocrx_word' id='word_1_176' title='bbox 336 3481 443 3550; x_wconf 87' lang='lat' dir='ltr'>voluta</span> <span class='ocrx_word' id='word_1_177' title='bbox 461 3502 495 3552; x_wconf 92' lang='lat' dir='ltr'>et</span> <span class='ocrx_word' id='word_1_178' title='bbox 510 3488 677 3574; x_wconf 86' lang='lat' dir='ltr'>reciproca</span> <span class='ocrx_word' id='word_1_179' title='bbox 692 3505 816 3576; x_wconf 86' lang='lat' dir='ltr'>septem</span> <span class='ocrx_word' id='word_1_180' title='bbox 836 3472 1121 3555; x_wconf 78' lang='lat' dir='ltr'>bebdomadarum</span> <span class='ocrx_word' id='word_1_181' title='bbox 1136 3484 1357 3557; x_wconf 79' lang='lat' dir='ltr'>vicissitudine</span> 
     </span>
    </p>
   </div>
   <div class='ocr_carea' id='block_1_5' title="bbox 335 3589 1390 3688">
    <p class='ocr_par' dir='ltr' id='par_1_6' title="bbox 335 3589 1390 3688">
     <span class='ocr_line' id='line_1_29' title="bbox 335 3589 1390 3688; baseline 0 -32"><span class='ocrx_word' id='word_1_182' title='bbox 335 3612 444 3658; x_wconf 85' lang='lat' dir='ltr'>noune</span> <span class='ocrx_word' id='word_1_183' title='bbox 465 3589 688 3658; x_wconf 85' lang='lat' dir='ltr'>huiuscemodi</span> <span class='ocrx_word' id='word_1_184' title='bbox 712 3592 947 3688; x_wconf 82' lang='lat' dir='ltr'>supputationis</span> <span class='ocrx_word' id='word_1_185' title='bbox 967 3589 1162 3659; x_wconf 84' lang='lat' dir='ltr'>laterculum</span> <span class='ocrx_word' id='word_1_186' title='bbox 1177 3591 1253 3656; x_wconf 88' lang='lat' dir='ltr'>satis</span> <span class='ocrx_word' id='word_1_187' title='bbox 1274 3612 1354 3659; x_wconf 86' lang='lat' dir='ltr'>ecn-</span> <span class='ocrx_word' id='word_1_188' title='bbox 1387 3600 1390 3605; x_wconf 83' lang='lat'>&#39;</span> 
     </span>
    </p>
   </div>
   <div class='ocr_carea' id='block_1_6' title="bbox 328 3692 1351 4101">
    <p class='ocr_par' dir='ltr' id='par_1_7' title="bbox 328 3692 1351 4101">
     <span class='ocr_line' id='line_1_30' title="bbox 331 3692 1351 3787; baseline -0.001 -25"><span class='ocrx_word' id='word_1_189' title='bbox 331 3710 477 3781; x_wconf 80' lang='lat' dir='ltr'>petentur</span> <span class='ocrx_word' id='word_1_190' title='bbox 502 3693 692 3783; x_wconf 73' lang='lat' dir='ltr'>adstipulari</span> <span class='ocrx_word' id='word_1_191' title='bbox 718 3693 924 3764; x_wconf 77' lang='lat' dir='ltr'>dinuscitur?</span> <span class='ocrx_word' id='word_1_192' title='bbox 946 3694 1077 3787; x_wconf 83' lang='lat' dir='ltr'>quando</span> <span class='ocrx_word' id='word_1_193' title='bbox 1105 3692 1288 3784; x_wconf 85' lang='lat' dir='ltr'>paracletus</span> <span class='ocrx_word' id='word_1_194' title='bbox 1313 3718 1351 3761; x_wconf 83' lang='lat' dir='ltr'>er</span> 
     </span>
     <span class='ocr_line' id='line_1_31' title="bbox 331 3796 1351 3888; baseline 0.001 -27"><span class='ocrx_word' id='word_1_195' title='bbox 331 3820 457 3864; x_wconf 81' lang='lat' dir='ltr'>summe</span> <span class='ocrx_word' id='word_1_196' title='bbox 489 3796 653 3867; x_wconf 82' lang='lat' dir='ltr'>caelorum</span> <span class='ocrx_word' id='word_1_197' title='bbox 687 3823 763 3866; x_wconf 82' lang='lat' dir='ltr'>erce</span> <span class='ocrx_word' id='word_1_198' title='bbox 795 3817 864 3888; x_wconf 76' lang='lat' dir='ltr'>post</span> <span class='ocrx_word' id='word_1_199' title='bbox 899 3800 1012 3867; x_wconf 88' lang='lat' dir='ltr'>decem</span> <span class='ocrx_word' id='word_1_200' title='bbox 1042 3797 1171 3869; x_wconf 82' lang='lat' dir='ltr'>dierum</span> <span class='ocrx_word' id='word_1_201' title='bbox 1204 3797 1351 3865; x_wconf 77' lang='lat' dir='ltr'>inducias</span> 
     </span>
     <span class='ocr_line' id='line_1_32' title="bbox 332 3899 1351 3996; baseline 0.004 -28"><span class='ocrx_word' id='word_1_202' title='bbox 332 3899 523 3985; x_wconf 79' lang='lat' dir='ltr'>destinatus,</span> <span class='ocrx_word' id='word_1_203' title='bbox 544 3905 614 3975; x_wconf 88' lang='lat' dir='ltr'>iure</span> <span class='ocrx_word' id='word_1_204' title='bbox 641 3907 755 3996; x_wconf 80' lang='lat' dir='ltr'>pignus</span> <span class='ocrx_word' id='word_1_205' title='bbox 779 3907 958 3995; x_wconf 81' lang='lat' dir='ltr'>prorniscue</span> <span class='ocrx_word' id='word_1_206' title='bbox 980 3903 1177 3973; x_wconf 81' lang='lat' dir='ltr'>hereditatis</span> <span class='ocrx_word' id='word_1_207' title='bbox 1198 3920 1351 3988; x_wconf 79' lang='lat' dir='ltr'>curatus,</span> 
     </span>
     <span class='ocr_line' id='line_1_33' title="bbox 328 4005 1348 4101; baseline 0.008 -34"><span class='ocrx_word' id='word_1_208' title='bbox 328 4005 545 4094; x_wconf 86' lang='lat' dir='ltr'>apostulorum</span> <span class='ocrx_word' id='word_1_209' title='bbox 570 4008 763 4098; x_wconf 64' lang='lat' dir='ltr'>praecordia</span> <span class='ocrx_word' id='word_1_210' title='bbox 778 4033 997 4101; x_wconf 76' lang='lat' dir='ltr'>supernorum</span> <span class='ocrx_word' id='word_1_211' title='bbox 1020 4009 1254 4077; x_wconf 73' lang='lat' dir='ltr'>charismatum</span> <span class='ocrx_word' id='word_1_212' title='bbox 1269 4031 1348 4101; x_wconf 69' lang='lat' dir='ltr'>prn-</span> 
     </span>
    </p>
   </div>
   <div class='ocr_carea' id='block_1_7' title="bbox 325 4108 1355 4208">
    <p class='ocr_par' dir='ltr' id='par_1_8' title="bbox 325 4108 1355 4208">
     <span class='ocr_line' id='line_1_34' title="bbox 325 4108 1355 4208; baseline 0.016 -34"><span class='ocrx_word' id='word_1_213' title='bbox 325 4111 373 4181; x_wconf 84' lang='lat' dir='ltr'>tia</span> <span class='ocrx_word' id='word_1_214' title='bbox 396 4108 575 4184; x_wconf 70' lang='lat' dir='ltr'>fecundans</span> <span class='ocrx_word' id='word_1_215' title='bbox 593 4113 781 4203; x_wconf 67' lang='lat' dir='ltr'>debuerunt</span> <span class='ocrx_word' id='word_1_216' title='bbox 792 4115 911 4187; x_wconf 71' lang='lat' dir='ltr'>vaX·</span> <span class='ocrx_word' id='word_1_217' title='bbox 925 4111 1275 4208; x_wconf 73' lang='lat' dir='ltr'>lisspuarurulcquella</span> <span class='ocrx_word' id='word_1_218' title='bbox 1291 4115 1355 4184; x_wconf 67' lang='lat' dir='ltr'>di·</span> 
     </span>
    </p>
   </div>
   <div class='ocr_carea' id='block_1_8' title="bbox 1504 658 1517 701">
    <p class='ocr_par' dir='ltr' id='par_1_9' title="bbox 1504 658 1517 701">
     <span class='ocr_line' id='line_1_35' title="bbox 1504 658 1517 701; baseline 0 0"><span class='ocrx_word' id='word_1_219' title='bbox 1504 658 1517 701; x_wconf 83' lang='lat' dir='ltr'><em>s</em></span> 
     </span>
    </p>
   </div>
   <div class='ocr_carea' id='block_1_9' title="bbox 0 0 1696 5206">
    <p class='ocr_par' dir='ltr' id='par_1_10' title="bbox 0 0 1696 5206">
     <span class='ocr_line' id='line_1_36' title="bbox 0 0 1696 5206; baseline 0 5"><span class='ocrx_word' id='word_1_220' title='bbox 0 0 1696 5206; x_wconf 95' lang='lat' dir='ltr'> </span> 
     </span>
    </p>
   </div>
  </div>
 </body>
</html>
