3382 5206
540 566 760 630 rotata.⁴
985 538 988 545 ’
1115 541 1180 631 ὥὸ

173 675 273 741 Nunc
296 696 379 763 age,
402 691 478 741 nate
501 675 599 756 vetti,
635 669 757 737 clamat
783 669 983 753 Saturnius,
1005 692 1082 738 acce

216 782 344 865 Quanta
367 781 407 846 sit
431 776 611 863 Alcmena,
628 802 727 868 qnam
745 777 831 846 bona
847 827 857 860 ,
874 799 1039 870 quamque
1062 773 1200 842 decens!

172 886 230 952 En
250 883 369 950 melior·
394 884 519 953 Iunone
535 905 629 961 mea3
660 906 736 969 mea
748 880 855 949 aidera
877 881 1000 959 vincit3

212 989 404 1060 Praeradiat
429 988 539 1057 stellas
552 989 597 1073 ⁴⁸,
618 987 884 1078 obtenebratque
911 985 1008 1055 diem.
1228 987 1355 1117 ''mila-a

599 1141 762 1183 ***

96 1318 148 1384 55,
173 1241 377 1374 Deseritur
400 1307 550 1375 caelum:
575 1310 701 1377 vernuli
728 1309 814 1375 mitia
839 1306 940 1374 odore

213 1413 394 1503 Respiravit
421 1412 567 1498 humus,
593 1417 692 1482 sensit
715 1413 826 1481 adesse
855 1411 942 1480 deos·

168 1517 319 1586 Gaudeat
340 1514 524 1603 Alcmena,
551 1521 602 1586 vir·
624 1520 714 1587 adeat
736 1545 839 1604 auus,
861 1541 937 1585 ecce
960 1538 1132 1582 recurrent

214 1626 402 1722 Ingeminat
427 1631 538 1715 fama,
559 1633 647 1698 iurat
670 1631 784 1699 adesse
808 1647 903 1697 rates·

168 1739 255 1807 Ecce
284 1764 375 1806 meua
401 1741 488 1807 venit
513 1738 734 1829 Amphitryon
759 1739 824 1804 cito
849 1736 991 1829 Byrrhia
1012 1757 1133 1826 surge,

93 1854 148 1921 60.
216 1848 372 1923 Dixerat3
395 1843 554 1913 Alcmena
583 1843 723 1929 clamat,
749 1864 785 1913 at
801 1843 858 1912 ille
875 1861 969 1910 tacet.

168 1951 308 2041 Byrrhia
330 1951 377 2016 aie
400 1973 529 2021 secume
554 1949 670 2017 clamet
693 1948 771 2016 licet
791 1948 873 2015 illa,
896 1946 1000 2014 silon.

213 2057 301 2124 Haec
324 2054 464 2148 vigilet,
487 2055 619 2136 dormi3
643 2058 777 2124 cursitet
801 2055 887 2137 illa,
911 2056 988 2123 iace.

167 2164 233 2231 Hos
254 2162 378 2230 habeat
396 2162 519 2250 ludus,
543 2162 640 2232 labor
657 2163 740 2249 hoa,
763 2180 795 2231 te
815 2163 957 2256 Byrrhia
983 2179 1161 2249 sompnum

210 2266 378 2359 Quicquid
398 2285 497 2360 agant
526 2267 611 2353 alii,
632 2269 674 2335 ait
699 2266 797 2336 labor
817 2269 877 2334 iste
898 2285 982 2334 tuna·

132 2438 141 2454 ,
164 2372 219 2441 Sic
243 2376 365 2441 iterum
378 2372 559 2442 Alcmena:
587 2398 728 2465 propera
748 2374 866 2460 modo,
887 2372 1047 2466 Byrrhia‚
1064 2394 1173 2462 surge.

212 2477 268 2545 Nil
292 2479 423 2550 valuere
447 2505 589 2572 preces,
610 2481 843 2574 addidit⁸ergo
870 2483 983 2547 minas.

165 2589 279 2653 Paruit
302 2585 358 2654 ille
381 2589 488 2657 minis·
513 2590 575 2658 Cui
599 2590 646 2656 aie
669 2588 775 2673 hera,
797 2586 875 2656 litua
893 2588 1005 2670 adito,

211 2691 292 2761 Vela
315 2710 453 2779 notato,
475 2711 561 2762 rates
585 2696 762 2785 prospice,
785 2696 851 2761 viaa
873 2691 971 2761 refer.

165 2801 254 2866 Vera
281 2825 323 2867 ne
345 2801 414 2887 sit,
438 2799 499 2870 aed
517 2827 615 2872 verax
639 2820 697 2870 ut,
728 2827 790 2872 nec
811 2800 887 2868 falaa
906 2850 917 2887 ,
938 2801 979 2866 ait
1001 2822 1086 2883 oro,

206 2909 308 2974 Fama
331 2907 439 2976 redire
462 2909 606 2999 probant
631 2906 873 2999 Amphitryona
895 2929 1015 2973 meum·

164 3012 221 3081 Sic
244 3013 335 3081 hera.
353 3014 408 3087 Sic
435 3038 572 3083 tervuar
596 3017 640 3082 ah
666 3015 807 3109 Byrrhia
831 3032 950 3106 quanta
980 3014 1125 3081 iubetis!

208 3115 358 3186 Audaces
379 3123 477 3187 etiam
501 3123 629 3192 territat
655 3120 743 3188 unda
769 3121 878 3187 maris.

164 3225 276 3291 Litore
300 3226 379 3292 dum
403 3228 522 3311 stabo,
545 3227 667 3320 refugia
685 3253 727 3295 ne
747 3227 902 3295 fluctibus
923 3227 1014 3294 unda
1073 3268 1076 3273 ·

207 3331 262 3397 Me
287 3328 370 3397 ferat
392 3333 427 3397 in
454 3356 631 3422 praecepa,
666 3323 734 3422 ipse
765 3333 889 3399 cavebo
914 3330 1007 3397 mihi.

162 3434 304 3524 Byrrhia
324 3454 403 3503 tunc
426 3438 491 3505 irea
509 3437 593 3504 nulli
617 3436 798 3527 plorandus
813 3438 848 3503 in
871 3461 1006 3528 aequor.

206 3541 294 3625 Quid
320 3559 400 3609 tunc
425 3540 677 3636 Amphitryon?
699 3544 839 3638 Byrrhia
864 3540 975 3612 nullus
1001 3562 1081 3611 erat.

161 3648 210 3715 Ve
231 3646 279 3737 (t)
295 3647 434 3738 pedibus
457 3649 618 3741 laterique
638 3658 734 3719 tneo!
760 3654 867 3742 gravia
890 3670 937 3720 eat
959 3651 1036 3736 via,
1057 3650 1194 3743 longum

210 3753 265 3819 Est
282 3754 344 3819 iter·
367 3752 410 3819 ad
438 3773 600 3844 pontum,
623 3781 688 3823 non
716 3755 879 3826 auditurua
903 3781 952 3827 eo.

245 3934 290 3999 (¹)
312 3936 347 3984 l'e
373 3933 430 3989 tine
450 3934 619 4009 diphthongo
639 3947 669 3990 ut
691 3935 787 3991 scribit
807 3900 921 3991 reatui..

854 4103 895 4166 do
