3382 5206
590 595 631 639 DE
658 593 849 643 Patulcium.
1154 600 1202 674 79

207 720 332 777 tamer
356 701 426 773 hiis
450 699 623 797 gradibus
649 719 904 801 comparatur:
928 702 1020 779 dicis
1047 705 1146 780 enim
1170 736 1231 782 au-

208 824 302 898 dens
327 820 524 898 audentior
544 822 854 914 audentissimus,
878 825 1019 900 instans
1031 826 1229 901 instantior

211 944 525 1035 instantissimus,
550 944 668 1018 fidens
688 945 862 1018 fidentior
881 945 1172 1035 fidentissimus,
1197 976 1230 1021 e-

210 1092 297 1163 gens
322 1065 488 1164 egentior
506 1064 770 1162 egentissimus.
784 1063 849 1139 Sic
863 1084 898 1139 et
909 1065 999 1140 illud
1012 1067 1142 1167 passivi
1153 1095 1230 1140 ver-

210 1183 249 1261 bi
271 1182 461 1283 praeteriti
484 1183 684 1283 temporis,
709 1211 793 1260 cum
816 1183 909 1258 dicis
933 1185 1064 1259 doctus
1084 1185 1239 1260 doctior

209 1302 443 1378 doctissimus
467 1360 477 1394 ,
500 1321 646 1403 paratus
669 1304 828 1404 paratior
850 1305 1132 1405 paratissimus,
1154 1305 1229 1381 lau·

212 1421 320 1495 datus
342 1421 524 1496 laudatior
545 1422 827 1498 laudatissimus.
1023 1417 1025 1436 ³

293 1541 326 1614 8.
351 1538 491 1615 Verum
503 1541 534 1614 si
546 1542 629 1643 quis
647 1541 754 1614 nobis
773 1541 983 1616 dicentibus
995 1544 1228 1648 participium

211 1660 311 1733 verbi
335 1661 440 1735 activi
465 1662 637 1762 temporis
663 1662 866 1762 praesentis
889 1663 1023 1736 habere
1049 1690 1228 1764 compara-

212 1781 324 1854 tionis
348 1785 506 1881 gradus,
531 1784 677 1858 obicere
700 1782 856 1858 voluerit
878 1839 888 1873 ,
911 1810 954 1857 ac
978 1785 1101 1858 dicere
1126 1784 1227 1886 quod

210 1903 355 2003 quoties
379 1904 681 2004 haecparticipia
706 1921 909 2004 comparata
934 1904 1106 1995 suerint,
1131 1933 1226 2006 quae

211 2025 307 2097 infra
320 2052 445 2098 sumus
459 2025 613 2124 posituri
628 2083 644 2115 ,⁴
659 2042 702 2100 ut
715 2024 857 2126 sapiens
870 2052 993 2098 amans
1009 2083 1019 2114 ‚
1038 2027 1125 2129 quia
1136 2029 1226 2101 haec

211 2145 282 2218 rite
307 2164 594 2245 comparantur,
626 2147 776 2220 nomina
801 2146 922 2247 potius
950 2148 1227 2249 participiorum
1252 2139 1255 2146 ³

212 2267 343 2340 similia
366 2269 524 2341 debeant
553 2267 766 2353 aestimari,
791 2295 867 2340 nou
891 2267 981 2338 milri
1005 2267 1150 2341 videtur
1174 2297 1228 2342 ar·

211 2385 378 2483 guendus
403 2403 466 2460 aut
490 2385 600 2460 etiam
611 2384 880 2485 improbandus.
893 2385 971 2460 Nos
989 2413 1136 2487 quoque
1150 2387 1225 2487 ipse

212 2533 288 2578 non
313 2505 517 2604 improbet,
540 2505 606 2605 qui
629 2505 728 2605 quod
754 2532 773 2576 a
796 2504 923 2604 peritis
942 2504 1078 2577 nostris
1099 2505 1228 2579 didici-

213 2654 293 2699 mus
310 2683 319 2715 ,
345 2627 526 2699 instanter
546 2626 777 2700 defendimus
790 2642 900 2727 atque
914 2626 1118 2700 asserimus.
1132 2625 1228 2700 Asti-

212 2747 359 2845 puletur
387 2746 477 2817 milri
505 2745 544 2818 iu
573 2746 642 2818 hoc
665 2745 834 2819 Maevius
860 2744 914 2817 vir
938 2744 976 2817 in
1004 2745 1226 2822 carminibus

212 2865 469 2954 dulcissimus,
492 2866 537 2938 dc
562 2894 636 2967 quo
655 2865 744 2939 illud
762 2894 826 2964 pro
846 2882 996 2939 centum
1021 2883 1098 2943 est:
1121 2880 1145 2912 “
1162 2868 1227 2969 qui

216 3044 240 3077 ,‚
268 2987 386 3057 savum
398 2984 513 3057 mellis
527 3012 601 3057 non
615 3001 709 3057 amat
726 3042 734 3073 ,
754 2984 833 3056 odit
844 3001 908 3058 tua
922 2986 1081 3057 carmina
1098 3042 1108 3074 ‚
1125 2984 1228 3058 Mae-

215 3164 239 3193 „
266 3105 301 3177 vi
316 3162 351 3193 „.
364 3104 432 3179 llic
452 3104 791 3204 eloquentissimum
815 3132 960 3178 carmen
984 3105 1024 3178 in
1043 3122 1126 3178 octo
1149 3134 1228 3205 par·

213 3240 269 3296 tes
297 3224 470 3298 orationis
496 3223 641 3311 edidit,
664 3223 703 3295 in
728 3250 802 3324 quo
824 3224 915 3297 haee
939 3224 1013 3301 ait:
1035 3237 1060 3269 “
1081 3224 1226 3323 partici-

215 3404 241 3436 ‚‚
269 3342 369 3444 pium
390 3345 533 3441 generis
558 3342 676 3416 omnis
699 3359 775 3416 tam
794 3370 837 3416 ex
854 3344 963 3416 verbo
989 3371 1098 3442 quam
1117 3342 1227 3415 ctiam

215 3522 242 3556 ‚,
270 3493 311 3536 ex
340 3463 489 3536 nomine
521 3462 801 3561 comparativum
831 3463 1085 3559 rectogradum
1116 3460 1226 3534 trahit

219 3642 244 3673 „
272 3583 374 3659 iure:
400 3583 463 3657 sed
488 3600 524 3655 et
549 3582 805 3681 superlativum
824 3581 952 3656 eodem
975 3600 1137 3683 receptat
1159 3610 1232 3656 mo·

217 3759 241 3792 ,‚
268 3729 308 3774 re
324 3759 369 3790 ‚‚.
390 3701 435 3773 ln
460 3730 533 3801 quo
559 3702 720 3775 ostendit
745 3729 852 3775 omne
877 3729 991 3796 genus
1009 3730 1084 3774 nou
1109 3703 1226 3775 solum

213 3821 472 3920 appellatorum
483 3821 674 3894 nominum
686 3848 813 3895 verum
831 3819 939 3894 etiam
950 3823 1144 3896 verborum
1156 3822 1225 3895 hiis

212 3938 407 4041 praedictis
427 3938 597 4036 gradibus
619 3941 827 4039 comparari.

293 4092 326 4163 9.
354 4059 454 4135 Sunt
475 4061 584 4136 etiam
609 4064 822 4164 participia,
843 4093 1001 4167 quorum
1020 4066 1128 4139 verba
1150 4093 1224 4138 non
