3382 5206
345 561 414 662 372
693 587 721 631 s.
758 585 961 633 utuntur

320 692 487 784 Quicquid
514 695 549 758 in
575 717 692 759 occasu
719 693 882 786 zephyrus
907 693 1019 778 videt,
1039 717 1135 760 eurus
1159 694 1193 758 in
1215 709 1314 773 ortu,

389 796 509 865 Austro
536 799 629 888 siqua
658 816 794 889 tepent,
821 801 911 889 siqua
936 799 1089 890 aquilone
1114 799 1243 889 rigent,

319 902 404 972 Sunt
433 902 538 969 oculis
561 904 707 969 subiecta
732 905 815 987 tuis,
835 904 913 970 licet
938 905 1062 972 arbiter
1081 903 1187 985 absit,
1369 905 1428 969 65.

389 1007 432 1072 Et
455 1005 559 1074 scelus
581 1006 753 1075 admissum
779 1032 842 1075 nux
864 1009 928 1075 sibi
945 1008 1012 1076 fida
1032 1025 1142 1099 tegat,

320 1108 435 1176 Antris
457 1109 644 1178 claudatur,
676 1129 842 1202 mergatur
864 1114 1021 1197 flumine,
1047 1114 1167 1179 montis

389 1217 537 1306 Desuper
557 1219 681 1287 inmissi
703 1217 902 1308 ponderibus
921 1218 1046 1303 lateat,

321 1321 459 1392 Velctur
478 1323 576 1390 denso
602 1341 761 1391 tectorum
786 1323 949 1403 culmine3
971 1323 1055 1392 solus

390 1431 527 1495 Testem
550 1431 666 1495 vitabit
689 1431 745 1519 qui
769 1429 854 1496 male
878 1453 944 1495 non
970 1428 1080 1497 saciet.

323 1533 447 1626 Lyncei
469 1534 573 1605 fertur
597 1534 700 1603 felicis
724 1538 873 1605 acumine
898 1538 985 1603 visus

391 1642 536 1708 Intentos
556 1643 662 1731 paries
685 1666 750 1709 non
773 1644 913 1710 tenuisse
937 1640 1057 1710 oculos.

322 1747 456 1818 Visibus
485 1748 636 1815 humanis
657 1748 720 1815 lroc
741 1752 772 1815 si
788 1748 837 1836 (ι)
866 1747 996 1816 licuisse
1020 1732 1176 1838 putatur,
1269 1819 1278 1842 Ι,

390 1855 544 1944 Ignotum
567 1858 745 1946 quicquam
769 1853 930 1922 credimus
959 1877 1026 1922 csse
1053 1850 1145 1925 tibi?

324 1960 389 2045 Qui
404 1982 496 2025 mare
510 1963 568 2051 qui
583 1960 710 2028 caelum
724 1977 918 2052 terrasque,
935 1978 969 2028 et
983 1961 1142 2053 quicquid
1156 1963 1191 2027 in
1203 1958 1255 2024 his
1269 1974 1316 2024 ost
1372 1963 1424 2050 75.

394 2065 559 2134 Omnibus
581 2068 733 2133 immixtis
758 2083 848 2133 extra
873 2066 923 2156 (a)
951 2065 1003 2136 vel
1026 2069 1114 2133 intra
1137 2067 1232 2159 regis.

325 2173 398 2241 Nec
418 2176 541 2255 miron
565 2176 702 2266 proprio
724 2193 840 2265 parent
860 2174 1021 2244 elementa
1042 2176 1188 2265 parenti,

396 2282 439 2347 Et
459 2298 629 2371 penetrata
652 2308 709 2350 suo
731 2301 848 2349 cuncta
871 2299 985 2372 patent
1000 2287 1044 2362 (a)
1073 2281 1215 2348 domino.

322 2383 358 2453 Si
383 2388 555 2476 quisquam
577 2389 646 2453 sinc
666 2413 700 2454 sc
721 2389 840 2476 poterit
862 2412 1021 2476 peccares
1048 2386 1184 2453 latebit:
1250 2464 1251 2467 Ἴ

392 2490 478 2555 Nam
503 2493 528 2558 si
551 2492 721 2579 peccabit,
747 2493 834 2559 testis
855 2490 945 2560 adut
959 2495 1095 2559 animus.
1371 2496 1426 2560 80.

323 2593 414 2683 Ergo
440 2613 499 2685 ego
528 2620 600 2662 sum
629 2596 743 2685 primis
760 2598 809 2676 (h)
833 2621 959 2686 semper
981 2595 1122 2664 lascivus
1147 2595 1189 2661 ab
1211 2596 1325 2679 annis,

393 2697 494 2763 Cuius
520 2723 613 2766 amor
636 2701 731 2766 licitis
758 2703 886 2769 miscuit
903 2700 1043 2779 illicita;

324 2800 463 2887 Audax,
491 2806 658 2895 periurus,
687 2806 877 2893 simulatni,
904 2804 1145 2887 dissimulator,

392 2908 715 2998 Ambitor,varius,
741 2915 889 2999 invidus,
913 2915 1101 3003 impatiens,

324 3014 497 3100 Crudelis,
519 3019 656 3084 rationis
681 3044 795 3111 egens,
821 3021 981 3105 furiosus,
1002 3044 1142 3102 avarus,

394 3122 550 3193 Prosnsor
569 3129 718 3217 proprii,
740 3128 811 3217 plus
829 3132 871 3208 (c)
896 3124 999 3193 aliena
1023 3142 1144 3215 petens.

425 3322 462 3382 (s)
486 3326 543 3371 Cui.
562 3337 656 3382 parent.
722 3325 760 3390 (1.)
783 3328 839 3374 (lud.
862 3335 961 3384 prt'mns.
987 3328 1029 3370 sed
1054 3330 1128 3386 ptrim·
1153 3331 1199 3370 XV·
1226 3321 1278 3374 103.
1292 3334 1343 3382 ρή-

332 3405 377 3443 mt's
393 3401 469 3445 lector
484 3412 586 3446 emisit
607 3412 630 3447 iu
647 3412 721 3449 avertis.
785 3404 821 3466 (c)
844 3407 899 3448 Cod-
924 3410 966 3448 rt.
989 3407 1118 3449 tramant
1140 3404 1234 3462 linquit.
1263 3405 1345 3449 Prosc-

272 3534 275 3541 Ι
330 3488 372 3547 cto*
386 3481 426 3522 luc
442 3481 500 3524 dunc
517 3482 610 3526 litteris
628 3486 649 3524 iu
667 3486 839 3543 iscriptionibus
856 3483 984 3543 significant
999 3484 1062 3540 plus.
1080 3482 1122 3528 Sed
1141 3491 1217 3526 tumen
1231 3485 1273 3527 hoc
1293 3481 1346 3528 lucu

328 3558 401 3614 plura
421 3563 491 3603 etium
510 3561 586 3618 leget-c
603 3561 694 3605 licebit.

407 3731 451 3802 (1)
471 3726 639 3804 Sic'suppleo
659 3734 826 3788 turtunensis
846 3734 943 3786 veteris
962 3734 1141 3787 omissionem.

410 3817 457 3884 (2)
477 3819 503 3869 Si
521 3832 617 3871 cotrtra
630 3820 926 3891 ‚srust1·a,ctsimiliu
940 3820 1039 3872 hubent
1054 3816 1198 3887 aliquando
1214 3817 1339 3869 ultimam

339 3900 462 3968 brevem
482 3906 579 3974 quidni
596 3908 723 3962 Paulinus
744 3908 863 3962 ultim-unt
882 3908 909 3961 in
931 3919 1011 3959 cntra
1032 3917 1059 3959 ct
1082 3907 1160 3957 intra
1190 3903 1248 3955 iure
1278 3906 1339 3974 puri

341 3991 501 4063 corripuerit
511 3989 522 4044 l
