<?xml version="1.0" encoding="UTF-8"?>
<!DOCTYPE html PUBLIC "-//W3C//DTD XHTML 1.0 Transitional//EN"
    "http://www.w3.org/TR/xhtml1/DTD/xhtml1-transitional.dtd">
<html xmlns="http://www.w3.org/1999/xhtml" xml:lang="en" lang="en">
 <head>
  <title>
</title>
<meta http-equiv="Content-Type" content="text/html;charset=utf-8" />
  <meta name='ocr-system' content='tesseract 3.04.00' />
  <meta name='ocr-capabilities' content='ocr_page ocr_carea ocr_par ocr_line ocrx_word'/>
</head>
<body>
  <div class='ocr_page' id='page_1' title='image "./classicorumauct00vatigoog_0651.png"; bbox 0 0 3382 5206; ppageno 0'>
   <div class='ocr_carea' id='block_1_1' title="bbox 605 576 1270 666">
    <p class='ocr_par' dir='ltr' id='par_1_1' title="bbox 605 576 1270 666">
     <span class='ocr_line' id='line_1_1' title="bbox 605 576 1270 666; baseline 0.002 -28"><span class='ocrx_word' id='word_1_1' title='bbox 605 576 669 666; x_wconf 72' lang='lat'>⁵⁹⁰</span> <span class='ocrx_word' id='word_1_2' title='bbox 904 592 929 640; x_wconf 86' lang='grc' dir='ltr'>ι.</span> <span class='ocrx_word' id='word_1_3' title='bbox 954 588 1134 641; x_wconf 75' lang='lat' dir='ltr'>aruncum</span> <span class='ocrx_word' id='word_1_4' title='bbox 1157 592 1201 640; x_wconf 78' lang='lat' dir='ltr'>ur</span> <span class='ocrx_word' id='word_1_5' title='bbox 1225 589 1270 640; x_wconf 75' lang='lat' dir='ltr'>aa</span> 
     </span>
    </p>
   </div>
   <div class='ocr_carea' id='block_1_2' title="bbox 576 691 1628 1311">
    <p class='ocr_par' dir='ltr' id='par_1_2' title="bbox 576 691 1628 1311">
     <span class='ocr_line' id='line_1_2' title="bbox 580 691 1628 784; baseline -0.007 -21"><span class='ocrx_word' id='word_1_6' title='bbox 580 709 839 784; x_wconf 84' lang='lat' dir='ltr'>conponuntur,</span> <span class='ocrx_word' id='word_1_7' title='bbox 860 709 896 759; x_wconf 88' lang='lat' dir='ltr'>ut</span> <span class='ocrx_word' id='word_1_8' title='bbox 917 692 1077 783; x_wconf 74' lang='lat' dir='ltr'>suppressi</span> <span class='ocrx_word' id='word_1_9' title='bbox 1100 694 1371 782; x_wconf 72' lang='lat' dir='ltr'>suppresseram,</span> <span class='ocrx_word' id='word_1_10' title='bbox 1394 691 1548 759; x_wconf 87' lang='lat' dir='ltr'>sustinui</span> <span class='ocrx_word' id='word_1_11' title='bbox 1572 717 1628 759; x_wconf 84' lang='lat' dir='ltr'>su-</span> 
     </span>
     <span class='ocr_line' id='line_1_3' title="bbox 576 796 1555 888; baseline -0.001 -24"><span class='ocrx_word' id='word_1_12' title='bbox 576 798 779 880; x_wconf 82' lang='lat' dir='ltr'>stinueram,</span> <span class='ocrx_word' id='word_1_13' title='bbox 800 797 911 866; x_wconf 81' lang='lat' dir='ltr'>suffeci</span> <span class='ocrx_word' id='word_1_14' title='bbox 935 797 1145 880; x_wconf 83' lang='lat' dir='ltr'>suffeceram,</span> <span class='ocrx_word' id='word_1_15' title='bbox 1165 796 1291 885; x_wconf 86' lang='lat' dir='ltr'>suscepi</span> <span class='ocrx_word' id='word_1_16' title='bbox 1313 819 1555 888; x_wconf 77' lang='lat' dir='ltr'>susceperam.</span> 
     </span>
     <span class='ocr_line' id='line_1_4' title="bbox 647 899 1628 995; baseline -0.005 -24"><span class='ocrx_word' id='word_1_17' title='bbox 647 903 703 971; x_wconf 93' lang='lat' dir='ltr'>Ob</span> <span class='ocrx_word' id='word_1_18' title='bbox 716 904 913 995; x_wconf 72' lang='lat' dir='ltr'>praepositio</span> <span class='ocrx_word' id='word_1_19' title='bbox 927 904 1103 970; x_wconf 80' lang='lat' dir='ltr'>accusativi</span> <span class='ocrx_word' id='word_1_20' title='bbox 1126 926 1218 969; x_wconf 87' lang='lat' dir='ltr'>casus</span> <span class='ocrx_word' id='word_1_21' title='bbox 1231 899 1437 992; x_wconf 86' lang='lat' dir='ltr'>plerumque</span> <span class='ocrx_word' id='word_1_22' title='bbox 1454 902 1505 967; x_wconf 68' lang='grc' dir='ltr'>ὦ·</span> <span class='ocrx_word' id='word_1_23' title='bbox 1520 919 1628 967; x_wconf 86' lang='lat' dir='ltr'>mutat</span> 
     </span>
     <span class='ocr_line' id='line_1_5' title="bbox 578 1009 1625 1105; baseline 0 -30"><span class='ocrx_word' id='word_1_24' title='bbox 578 1011 613 1075; x_wconf 86' lang='lat' dir='ltr'>in</span> <span class='ocrx_word' id='word_1_25' title='bbox 628 1032 701 1075; x_wconf 88' lang='lat' dir='ltr'>eam</span> <span class='ocrx_word' id='word_1_26' title='bbox 722 1032 878 1077; x_wconf 85' lang='lat' dir='ltr'>conversa</span> <span class='ocrx_word' id='word_1_27' title='bbox 900 1009 1041 1105; x_wconf 29' lang='lat' dir='ltr'>literam·</span> <span class='ocrx_word' id='word_1_28' title='bbox 1057 1030 1144 1100; x_wconf 88' lang='lat' dir='ltr'>quac</span> <span class='ocrx_word' id='word_1_29' title='bbox 1164 1027 1357 1100; x_wconf 80' lang='lat' dir='ltr'>sequentem</span> <span class='ocrx_word' id='word_1_30' title='bbox 1381 1010 1533 1076; x_wconf 79' lang='lat' dir='ltr'><strong>inchoat</strong></span> <span class='ocrx_word' id='word_1_31' title='bbox 1549 1034 1625 1078; x_wconf 89' lang='lat' dir='ltr'>ora-</span> 
     </span>
     <span class='ocr_line' id='line_1_6' title="bbox 577 1096 1625 1205; baseline -0.001 -26"><span class='ocrx_word' id='word_1_32' title='bbox 577 1112 676 1181; x_wconf 85' lang='lat' dir='ltr'>tionis</span> <span class='ocrx_word' id='word_1_33' title='bbox 697 1096 920 1205; x_wconf 73' lang='lat' dir='ltr'>particulim,</span> <span class='ocrx_word' id='word_1_34' title='bbox 943 1131 979 1180; x_wconf 92' lang='lat' dir='ltr'>ut</span> <span class='ocrx_word' id='word_1_35' title='bbox 1001 1131 1077 1204; x_wconf 91' lang='lat' dir='ltr'>peto</span> <span class='ocrx_word' id='word_1_36' title='bbox 1102 1129 1238 1204; x_wconf 78' lang='lat' dir='ltr'>appet03</span> <span class='ocrx_word' id='word_1_37' title='bbox 1262 1131 1371 1180; x_wconf 87' lang='lat' dir='ltr'>ut-</span> <span class='ocrx_word' id='word_1_38' title='bbox 1394 1114 1533 1181; x_wconf 83' lang='lat' dir='ltr'>Troiae</span> <span class='ocrx_word' id='word_1_39' title='bbox 1557 1115 1625 1180; x_wconf 86' lang='lat' dir='ltr'>sub</span> 
     </span>
     <span class='ocr_line' id='line_1_7' title="bbox 579 1217 1623 1311; baseline 0 -28"><span class='ocrx_word' id='word_1_40' title='bbox 579 1219 751 1286; x_wconf 83' lang='lat' dir='ltr'>moenibus</span> <span class='ocrx_word' id='word_1_41' title='bbox 773 1217 847 1285; x_wconf 87' lang='lat' dir='ltr'>altis</span> <span class='ocrx_word' id='word_1_42' title='bbox 870 1219 1007 1311; x_wconf 80' lang='lat' dir='ltr'>contigit</span> <span class='ocrx_word' id='word_1_43' title='bbox 1028 1235 1181 1310; x_wconf 88' lang='lat' dir='ltr'>oppetere</span> <span class='ocrx_word' id='word_1_44' title='bbox 1194 1255 1249 1286; x_wconf 90' lang='lat'>-.</span> <span class='ocrx_word' id='word_1_45' title='bbox 1273 1219 1418 1309; x_wconf 91' lang='lat' dir='ltr'>Oppono</span> <span class='ocrx_word' id='word_1_46' title='bbox 1449 1221 1623 1308; x_wconf 85' lang='lat' dir='ltr'>opposui,</span> 
     </span>
    </p>
   </div>
   <div class='ocr_carea' id='block_1_3' title="bbox 569 1323 1622 4167">
    <p class='ocr_par' dir='ltr' id='par_1_3' title="bbox 569 1323 1622 4167">
     <span class='ocr_line' id='line_1_8' title="bbox 576 1323 1622 1415; baseline -0.002 -25"><span class='ocrx_word' id='word_1_47' title='bbox 576 1325 742 1391; x_wconf 86' lang='lat' dir='ltr'>occumbo</span> <span class='ocrx_word' id='word_1_48' title='bbox 764 1325 932 1409; x_wconf 91' lang='lat' dir='ltr'>occubui,</span> <span class='ocrx_word' id='word_1_49' title='bbox 962 1325 1044 1394; x_wconf 87' lang='lat' dir='ltr'>cado</span> <span class='ocrx_word' id='word_1_50' title='bbox 1072 1323 1185 1394; x_wconf 91' lang='lat' dir='ltr'>occido</span> <span class='ocrx_word' id='word_1_51' title='bbox 1208 1324 1297 1415; x_wconf 88' lang='lat' dir='ltr'>quod</span> <span class='ocrx_word' id='word_1_52' title='bbox 1324 1341 1374 1391; x_wconf 90' lang='lat' dir='ltr'>est</span> <span class='ocrx_word' id='word_1_53' title='bbox 1395 1325 1561 1414; x_wconf 85' lang='lat' dir='ltr'>patientis</span> <span class='ocrx_word' id='word_1_54' title='bbox 1589 1342 1622 1392; x_wconf 88' lang='lat' dir='ltr'>et</span> 
     </span>
     <span class='ocr_line' id='line_1_9' title="bbox 576 1427 1619 1520; baseline -0.001 -27"><span class='ocrx_word' id='word_1_55' title='bbox 576 1430 719 1520; x_wconf 62' lang='lat' dir='ltr'>agentis,</span> <span class='ocrx_word' id='word_1_56' title='bbox 742 1446 780 1495; x_wconf 91' lang='lat' dir='ltr'>ut</span> <span class='ocrx_word' id='word_1_57' title='bbox 802 1451 886 1499; x_wconf 85' lang='lat' dir='ltr'>ruo:</span> <span class='ocrx_word' id='word_1_58' title='bbox 910 1448 1110 1498; x_wconf 80' lang='lat' dir='ltr'>ommutesco</span> <span class='ocrx_word' id='word_1_59' title='bbox 1125 1431 1304 1497; x_wconf 68' lang='lat' dir='ltr'>ommutui,</span> <span class='ocrx_word' id='word_1_60' title='bbox 1330 1427 1442 1495; x_wconf 88' lang='lat' dir='ltr'>officio</span> <span class='ocrx_word' id='word_1_61' title='bbox 1459 1431 1562 1496; x_wconf 87' lang='lat' dir='ltr'>offeci</span> <span class='ocrx_word' id='word_1_62' title='bbox 1582 1430 1619 1492; x_wconf 86' lang='lat' dir='ltr'>id</span> 
     </span>
     <span class='ocr_line' id='line_1_10' title="bbox 573 1532 1617 1624; baseline -0.001 -23"><span class='ocrx_word' id='word_1_63' title='bbox 573 1550 622 1601; x_wconf 84' lang='lat' dir='ltr'>est</span> <span class='ocrx_word' id='word_1_64' title='bbox 642 1538 766 1617; x_wconf 77' lang='lat' dir='ltr'>nocui&#39;,</span> <span class='ocrx_word' id='word_1_65' title='bbox 791 1535 892 1602; x_wconf 83' lang='lat' dir='ltr'>oilero</span> <span class='ocrx_word' id='word_1_66' title='bbox 908 1533 1023 1603; x_wconf 89' lang='lat' dir='ltr'>obtuli.</span> <span class='ocrx_word' id='word_1_67' title='bbox 1048 1532 1103 1602; x_wconf 86' lang='lat' dir='ltr'>Ad</span> <span class='ocrx_word' id='word_1_68' title='bbox 1120 1551 1239 1602; x_wconf 85' lang='lat' dir='ltr'>statum</span> <span class='ocrx_word' id='word_1_69' title='bbox 1256 1534 1435 1624; x_wconf 86' lang='lat' dir='ltr'>pristinum</span> <span class='ocrx_word' id='word_1_70' title='bbox 1459 1558 1617 1601; x_wconf 69' lang='lat' dir='ltr'>reversa,</span> 
     </span>
     <span class='ocr_line' id='line_1_11' title="bbox 574 1638 1612 1743; baseline -0.007 -35"><span class='ocrx_word' id='word_1_71' title='bbox 574 1638 706 1709; x_wconf 77' lang='lat' dir='ltr'>offulcio</span> <span class='ocrx_word' id='word_1_72' title='bbox 718 1641 836 1726; x_wconf 83' lang='lat' dir='ltr'>offulsi,</span> <span class='ocrx_word' id='word_1_73' title='bbox 847 1641 971 1709; x_wconf 81' lang='lat' dir='ltr'>offusco</span> <span class='ocrx_word' id='word_1_74' title='bbox 986 1641 1153 1724; x_wconf 84' lang='lat' dir='ltr'>offuscavi,</span> <span class='ocrx_word' id='word_1_75' title='bbox 1162 1641 1265 1724; x_wconf 81' lang='lat' dir='ltr'>offuit,</span> <span class='ocrx_word' id='word_1_76' title='bbox 1279 1638 1428 1722; x_wconf 85' lang='lat' dir='ltr'>offendit,</span> <span class='ocrx_word' id='word_1_77' title='bbox 1445 1640 1612 1743; x_wconf 45' lang='grc' dir='ltr'>οοοιιφι,</span> 
     </span>
     <span class='ocr_line' id='line_1_12' title="bbox 573 1744 1609 1838; baseline -0.003 -25"><span class='ocrx_word' id='word_1_78' title='bbox 573 1744 745 1815; x_wconf 71' lang='lat' dir='ltr'>occalluit.</span> <span class='ocrx_word' id='word_1_79' title='bbox 775 1747 814 1813; x_wconf 91' lang='lat' dir='ltr'>ln</span> <span class='ocrx_word' id='word_1_80' title='bbox 837 1750 1033 1838; x_wconf 86' lang='lat' dir='ltr'>praepositio</span> <span class='ocrx_word' id='word_1_81' title='bbox 1061 1746 1227 1814; x_wconf 88' lang='lat' dir='ltr'>interdum</span> <span class='ocrx_word' id='word_1_82' title='bbox 1249 1773 1291 1815; x_wconf 74' lang='lat' dir='ltr'>aa</span> <span class='ocrx_word' id='word_1_83' title='bbox 1311 1744 1463 1812; x_wconf 87' lang='lat' dir='ltr'>litteram</span> <span class='ocrx_word' id='word_1_84' title='bbox 1488 1749 1524 1811; x_wconf 91' lang='lat' dir='ltr'>in</span> <span class='ocrx_word' id='word_1_85' title='bbox 1551 1770 1609 1812; x_wconf 88' lang='lat' dir='ltr'>.m.</span> 
     </span>
     <span class='ocr_line' id='line_1_13' title="bbox 573 1854 1607 1945; baseline 0 -27"><span class='ocrx_word' id='word_1_86' title='bbox 573 1871 770 1921; x_wconf 68' lang='lat' dir='ltr'>commutat,</span> <span class='ocrx_word' id='word_1_87' title='bbox 785 1872 819 1920; x_wconf 92' lang='lat' dir='ltr'>ut</span> <span class='ocrx_word' id='word_1_88' title='bbox 832 1856 905 1943; x_wconf 85' lang='lat' dir='ltr'>pius</span> <span class='ocrx_word' id='word_1_89' title='bbox 918 1857 1030 1944; x_wconf 81' lang='lat' dir='ltr'>pietas,</span> <span class='ocrx_word' id='word_1_90' title='bbox 1043 1855 1161 1945; x_wconf 87' lang='lat' dir='ltr'>impius</span> <span class='ocrx_word' id='word_1_91' title='bbox 1176 1855 1335 1944; x_wconf 82' lang='lat' dir='ltr'>impietas,</span> <span class='ocrx_word' id='word_1_92' title='bbox 1348 1854 1527 1943; x_wconf 89' lang='lat' dir='ltr'>improbus</span> <span class='ocrx_word' id='word_1_93' title='bbox 1542 1857 1607 1919; x_wconf 90' lang='lat' dir='ltr'>im·</span> 
     </span>
     <span class='ocr_line' id='line_1_14' title="bbox 572 1957 1608 2049; baseline 0.001 -26"><span class='ocrx_word' id='word_1_94' title='bbox 572 1957 732 2047; x_wconf 80' lang='lat' dir='ltr'>probitas,</span> <span class='ocrx_word' id='word_1_95' title='bbox 744 1958 892 2049; x_wconf 86' lang='lat' dir='ltr'>imploro.</span> <span class='ocrx_word' id='word_1_96' title='bbox 902 1960 1021 2028; x_wconf 89' lang='lat' dir='ltr'>Cicero</span> <span class='ocrx_word' id='word_1_97' title='bbox 1031 1963 1063 2026; x_wconf 93' lang='lat' dir='ltr'>in</span> <span class='ocrx_word' id='word_1_98' title='bbox 1073 1959 1161 2028; x_wconf 92' lang='lat' dir='ltr'>libro</span> <span class='ocrx_word' id='word_1_99' title='bbox 1171 1959 1192 1998; x_wconf 66' lang='lat'>⁴*</span> <span class='ocrx_word' id='word_1_100' title='bbox 1202 1959 1406 2028; x_wconf 87' lang='lat' dir='ltr'>·XV·omues</span> <span class='ocrx_word' id='word_1_101' title='bbox 1415 1958 1563 2047; x_wconf 91' lang='lat' dir='ltr'>imploro</span> <span class='ocrx_word' id='word_1_102' title='bbox 1575 1977 1608 2024; x_wconf 86' lang='lat' dir='ltr'>et</span> 
     </span>
     <span class='ocr_line' id='line_1_15' title="bbox 571 2062 1611 2151; baseline -0.004 -18"><span class='ocrx_word' id='word_1_103' title='bbox 571 2062 782 2133; x_wconf 84' lang='lat' dir='ltr'>obtestor-</span> <span class='ocrx_word' id='word_1_104' title='bbox 799 2067 982 2151; x_wconf 90' lang='lat' dir='ltr'>lmmuuis,</span> <span class='ocrx_word' id='word_1_105' title='bbox 1009 2068 1193 2134; x_wconf 88' lang='lat' dir='ltr'>immunitas</span> <span class='ocrx_word' id='word_1_106' title='bbox 1207 2104 1217 2133; x_wconf 74' lang='lat' dir='ltr'>s</span> <span class='ocrx_word' id='word_1_107' title='bbox 1241 2065 1395 2134; x_wconf 90' lang='lat' dir='ltr'>immanis</span> <span class='ocrx_word' id='word_1_108' title='bbox 1410 2103 1422 2132; x_wconf 72' lang='lat' dir='ltr'>s</span> <span class='ocrx_word' id='word_1_109' title='bbox 1448 2067 1611 2132; x_wconf 88' lang='lat' dir='ltr'>immani-</span> 
     </span>
     <span class='ocr_line' id='line_1_16' title="bbox 571 2169 1610 2264; baseline 0 -29"><span class='ocrx_word' id='word_1_110' title='bbox 571 2183 644 2237; x_wconf 83' lang='lat' dir='ltr'>tass</span> <span class='ocrx_word' id='word_1_111' title='bbox 668 2171 853 2260; x_wconf 86' lang='lat' dir='ltr'>impunitas·</span> <span class='ocrx_word' id='word_1_112' title='bbox 873 2170 1071 2264; x_wconf 82' lang='lat' dir='ltr'>Augustinus</span> <span class='ocrx_word' id='word_1_113' title='bbox 1083 2171 1152 2240; x_wconf 83' lang='lat' dir='ltr'>afer</span> <span class='ocrx_word' id='word_1_114' title='bbox 1165 2209 1182 2230; x_wconf 82' lang='lat'><em>-</em></span> <span class='ocrx_word' id='word_1_115' title='bbox 1198 2170 1282 2239; x_wconf 89' lang='lat' dir='ltr'>nihil</span> <span class='ocrx_word' id='word_1_116' title='bbox 1307 2188 1353 2237; x_wconf 85' lang='lat' dir='ltr'>est</span> <span class='ocrx_word' id='word_1_117' title='bbox 1378 2169 1550 2239; x_wconf 83' lang='lat' dir='ltr'>infelicius</span> <span class='ocrx_word' id='word_1_118' title='bbox 1564 2171 1610 2235; x_wconf 84' lang='lat' dir='ltr'>ie.-</span> 
     </span>
     <span class='ocr_line' id='line_1_17' title="bbox 571 2270 1609 2367; baseline 0.001 -28"><span class='ocrx_word' id='word_1_119' title='bbox 571 2270 694 2341; x_wconf 87' lang='lat' dir='ltr'>licitate</span> <span class='ocrx_word' id='word_1_120' title='bbox 716 2294 936 2366; x_wconf 70' lang='lat' dir='ltr'>peccantum,</span> <span class='ocrx_word' id='word_1_121' title='bbox 956 2302 1022 2367; x_wconf 91' lang='lat' dir='ltr'>quo</span> <span class='ocrx_word' id='word_1_122' title='bbox 1039 2275 1185 2366; x_wconf 86' lang='lat' dir='ltr'>poenalis</span> <span class='ocrx_word' id='word_1_123' title='bbox 1209 2277 1354 2342; x_wconf 88' lang='lat' dir='ltr'>nutritur</span> <span class='ocrx_word' id='word_1_124' title='bbox 1369 2278 1552 2366; x_wconf 89' lang='lat' dir='ltr'>impunitas</span> <span class='ocrx_word' id='word_1_125' title='bbox 1569 2313 1609 2340; x_wconf 89' lang='grc'>-.</span> 
     </span>
     <span class='ocr_line' id='line_1_18' title="bbox 571 2379 1606 2472; baseline 0 -27"><span class='ocrx_word' id='word_1_126' title='bbox 571 2379 691 2448; x_wconf 82' lang='lat' dir='ltr'>imbuo</span> <span class='ocrx_word' id='word_1_127' title='bbox 703 2383 848 2449; x_wconf 87' lang='lat' dir='ltr'>imbutus</span> <span class='ocrx_word' id='word_1_128' title='bbox 858 2383 1058 2451; x_wconf 83' lang='lat' dir='ltr'>immortalis</span> <span class='ocrx_word' id='word_1_129' title='bbox 1070 2383 1137 2449; x_wconf 82' lang='lat' dir='ltr'>Aut</span> <span class='ocrx_word' id='word_1_130' title='bbox 1146 2383 1214 2469; x_wconf 86' lang='lat' dir='ltr'>ipsa</span> <span class='ocrx_word' id='word_1_131' title='bbox 1222 2383 1459 2472; x_wconf 86' lang='lat' dir='ltr'>praepositione</span> <span class='ocrx_word' id='word_1_132' title='bbox 1473 2383 1606 2472; x_wconf 82' lang='lat' dir='ltr'>integra</span> 
     </span>
     <span class='ocr_line' id='line_1_19' title="bbox 570 2485 1604 2578; baseline -0.002 -24"><span class='ocrx_word' id='word_1_133' title='bbox 570 2485 778 2555; x_wconf 80' lang='lat' dir='ltr'>cohaerentia</span> <span class='ocrx_word' id='word_1_134' title='bbox 794 2506 1075 2578; x_wconf 90' lang='lat' dir='ltr'>corrumpuntur,</span> <span class='ocrx_word' id='word_1_135' title='bbox 1097 2507 1133 2554; x_wconf 91' lang='lat' dir='ltr'>ut</span> <span class='ocrx_word' id='word_1_136' title='bbox 1144 2489 1242 2557; x_wconf 88' lang='lat' dir='ltr'>salsus</span> <span class='ocrx_word' id='word_1_137' title='bbox 1262 2487 1447 2578; x_wconf 85' lang='lat' dir='ltr'>impulsus,</span> <span class='ocrx_word' id='word_1_138' title='bbox 1472 2491 1604 2577; x_wconf 86' lang='lat' dir='ltr'>sapiens</span> 
     </span>
     <span class='ocr_line' id='line_1_20' title="bbox 572 2591 1606 2682; baseline -0.004 -21"><span class='ocrx_word' id='word_1_139' title='bbox 572 2591 749 2681; x_wconf 78' lang='lat' dir='ltr'>iusipiens,</span> <span class='ocrx_word' id='word_1_140' title='bbox 768 2609 859 2682; x_wconf 83' lang='lat' dir='ltr'>aptus</span> <span class='ocrx_word' id='word_1_141' title='bbox 874 2595 1022 2682; x_wconf 89' lang='lat' dir='ltr'>ineptus,</span> <span class='ocrx_word' id='word_1_142' title='bbox 1040 2610 1145 2661; x_wconf 89' lang='lat' dir='ltr'>castus</span> <span class='ocrx_word' id='word_1_143' title='bbox 1161 2596 1312 2660; x_wconf 75' lang='lat' dir='ltr'>incestu.</span> <span class='ocrx_word' id='word_1_144' title='bbox 1325 2591 1497 2682; x_wconf 88' lang='lat' dir='ltr'>Vergilius</span> <span class='ocrx_word' id='word_1_145' title='bbox 1510 2629 1560 2643; x_wconf 92' lang='lat'>-</span> <span class='ocrx_word' id='word_1_146' title='bbox 1574 2593 1606 2657; x_wconf 88' lang='lat' dir='ltr'>in</span> 
     </span>
     <span class='ocr_line' id='line_1_21' title="bbox 572 2694 1605 2778; baseline 0.002 -16"><span class='ocrx_word' id='word_1_147' title='bbox 572 2694 731 2764; x_wconf 84' lang='lat' dir='ltr'>thalamos</span> <span class='ocrx_word' id='word_1_148' title='bbox 758 2721 871 2765; x_wconf 85' lang='lat' dir='ltr'>ausum</span> <span class='ocrx_word' id='word_1_149' title='bbox 888 2699 1047 2767; x_wconf 83' lang='lat' dir='ltr'>incestare</span> <span class='ocrx_word' id='word_1_150' title='bbox 1074 2722 1235 2766; x_wconf 88' lang='lat' dir='ltr'>novercae</span> <span class='ocrx_word' id='word_1_151' title='bbox 1247 2736 1315 2767; x_wconf 89' lang='lat'>-.</span> <span class='ocrx_word' id='word_1_152' title='bbox 1333 2700 1434 2766; x_wconf 88' lang='lat' dir='ltr'>Facio</span> <span class='ocrx_word' id='word_1_153' title='bbox 1460 2697 1605 2778; x_wconf 84' lang='lat' dir='ltr'>inficio,</span> 
     </span>
     <span class='ocr_line' id='line_1_22' title="bbox 572 2805 1606 2897; baseline 0.003 -29"><span class='ocrx_word' id='word_1_154' title='bbox 572 2805 664 2894; x_wconf 87' lang='lat' dir='ltr'>capio</span> <span class='ocrx_word' id='word_1_155' title='bbox 686 2805 828 2895; x_wconf 87' lang='lat' dir='ltr'>incipio,</span> <span class='ocrx_word' id='word_1_156' title='bbox 852 2809 972 2875; x_wconf 90' lang='lat' dir='ltr'>amicus</span> <span class='ocrx_word' id='word_1_157' title='bbox 985 2808 1157 2888; x_wconf 88' lang='lat' dir='ltr'>inimicus,</span> <span class='ocrx_word' id='word_1_158' title='bbox 1179 2830 1300 2897; x_wconf 87' lang='lat' dir='ltr'>aequus</span> <span class='ocrx_word' id='word_1_159' title='bbox 1314 2807 1473 2894; x_wconf 88' lang='lat' dir='ltr'>iniquus,</span> <span class='ocrx_word' id='word_1_160' title='bbox 1496 2830 1606 2894; x_wconf 88' lang='lat' dir='ltr'>quae-</span> 
     </span>
     <span class='ocr_line' id='line_1_23' title="bbox 571 2910 1604 3003; baseline 0.002 -29"><span class='ocrx_word' id='word_1_161' title='bbox 571 2932 609 2975; x_wconf 91' lang='lat' dir='ltr'>ro</span> <span class='ocrx_word' id='word_1_162' title='bbox 627 2910 758 3002; x_wconf 88' lang='lat' dir='ltr'>inquiro</span> <span class='ocrx_word' id='word_1_163' title='bbox 772 2950 783 2980; x_wconf 57' lang='grc' dir='ltr'><strong>ι</strong></span> <span class='ocrx_word' id='word_1_164' title='bbox 797 2914 924 3001; x_wconf 85' lang='lat' dir='ltr'>partior</span> <span class='ocrx_word' id='word_1_165' title='bbox 942 2914 1099 3003; x_wconf 87' lang='lat' dir='ltr'>inpertior</span> <span class='ocrx_word' id='word_1_166' title='bbox 1113 2963 1123 2998; x_wconf 87' lang='lat'><strong>‚</strong></span> <span class='ocrx_word' id='word_1_167' title='bbox 1137 2928 1279 2978; x_wconf 84' lang='lat' dir='ltr'>armatus</span> <span class='ocrx_word' id='word_1_168' title='bbox 1293 2913 1449 2994; x_wconf 86' lang='lat' dir='ltr'>inermis,</span> <span class='ocrx_word' id='word_1_169' title='bbox 1470 2912 1604 2976; x_wconf 86' lang='lat' dir='ltr'>barba-</span> 
     </span>
     <span class='ocr_line' id='line_1_24' title="bbox 571 3016 1606 3104; baseline 0 -25"><span class='ocrx_word' id='word_1_170' title='bbox 571 3030 621 3081; x_wconf 87' lang='lat' dir='ltr'>tus</span> <span class='ocrx_word' id='word_1_171' title='bbox 643 3017 817 3086; x_wconf 70' lang='lat' dir='ltr'>inberbis,</span> <span class='ocrx_word' id='word_1_172' title='bbox 845 3016 1015 3085; x_wconf 88' lang='lat' dir='ltr'>damnatus</span> <span class='ocrx_word' id='word_1_173' title='bbox 1036 3017 1209 3085; x_wconf 88' lang='lat' dir='ltr'>indemnis.</span> <span class='ocrx_word' id='word_1_174' title='bbox 1233 3016 1303 3082; x_wconf 90' lang='lat' dir='ltr'>Con</span> <span class='ocrx_word' id='word_1_175' title='bbox 1325 3017 1526 3104; x_wconf 85' lang='lat' dir='ltr'>praepositio</span> <span class='ocrx_word' id='word_1_176' title='bbox 1548 3033 1606 3080; x_wconf 88' lang='lat' dir='ltr'>aut</span> 
     </span>
     <span class='ocr_line' id='line_1_25' title="bbox 571 3120 1607 3212; baseline 0.002 -29"><span class='ocrx_word' id='word_1_177' title='bbox 571 3120 689 3208; x_wconf 81' lang='lat' dir='ltr'>ipsein</span> <span class='ocrx_word' id='word_1_178' title='bbox 710 3121 930 3212; x_wconf 88' lang='lat' dir='ltr'>conpositione</span> <span class='ocrx_word' id='word_1_179' title='bbox 947 3124 1192 3212; x_wconf 72' lang='lat' dir='ltr'>corrumpitur,</span> <span class='ocrx_word' id='word_1_180' title='bbox 1211 3138 1246 3185; x_wconf 92' lang='lat' dir='ltr'>ut</span> <span class='ocrx_word' id='word_1_181' title='bbox 1267 3143 1482 3201; x_wconf 87' lang='lat' dir='ltr'>commoveo,</span> <span class='ocrx_word' id='word_1_182' title='bbox 1505 3145 1607 3186; x_wconf 91' lang='lat' dir='ltr'>com·</span> 
     </span>
     <span class='ocr_line' id='line_1_26' title="bbox 572 3227 1606 3311; baseline 0.003 -22"><span class='ocrx_word' id='word_1_183' title='bbox 572 3227 752 3311; x_wconf 87' lang='lat' dir='ltr'>mercium,</span> <span class='ocrx_word' id='word_1_184' title='bbox 774 3251 847 3296; x_wconf 89' lang='lat' dir='ltr'>meo</span> <span class='ocrx_word' id='word_1_185' title='bbox 871 3251 1038 3311; x_wconf 87' lang='lat' dir='ltr'>commeo,</span> <span class='ocrx_word' id='word_1_186' title='bbox 1061 3242 1184 3293; x_wconf 88' lang='lat' dir='ltr'>meatus</span> <span class='ocrx_word' id='word_1_187' title='bbox 1204 3241 1423 3307; x_wconf 87' lang='lat' dir='ltr'>commeatus,</span> <span class='ocrx_word' id='word_1_188' title='bbox 1444 3227 1606 3292; x_wconf 78' lang='lat' dir='ltr'>coruubo</span> 
     </span>
     <span class='ocr_line' id='line_1_27' title="bbox 572 3329 1607 3425; baseline -0.005 -25"><span class='ocrx_word' id='word_1_189' title='bbox 572 3357 609 3400; x_wconf 86' lang='lat' dir='ltr'>ro</span> <span class='ocrx_word' id='word_1_190' title='bbox 632 3357 777 3418; x_wconf 88' lang='lat' dir='ltr'>corruo,</span> <span class='ocrx_word' id='word_1_191' title='bbox 798 3359 996 3425; x_wconf 86' lang='lat' dir='ltr'>corrumpo,</span> <span class='ocrx_word' id='word_1_192' title='bbox 1014 3333 1182 3424; x_wconf 90' lang='lat' dir='ltr'>colloquor</span> <span class='ocrx_word' id='word_1_193' title='bbox 1213 3330 1441 3421; x_wconf 88' lang='lat' dir='ltr'>colloquium,</span> <span class='ocrx_word' id='word_1_194' title='bbox 1473 3329 1607 3423; x_wconf 86' lang='lat' dir='ltr'>collega</span> 
     </span>
     <span class='ocr_line' id='line_1_28' title="bbox 570 3434 1606 3530; baseline -0.001 -26"><span class='ocrx_word' id='word_1_195' title='bbox 570 3438 763 3530; x_wconf 80' lang='lat' dir='ltr'>collegium,</span> <span class='ocrx_word' id='word_1_196' title='bbox 782 3437 951 3524; x_wconf 89' lang='lat' dir='ltr'>collectio,</span> <span class='ocrx_word' id='word_1_197' title='bbox 965 3439 1185 3521; x_wconf 84' lang='lat' dir='ltr'>collectanea,</span> <span class='ocrx_word' id='word_1_198' title='bbox 1201 3434 1403 3503; x_wconf 88' lang='lat' dir='ltr'>colludium:</span> <span class='ocrx_word' id='word_1_199' title='bbox 1427 3450 1483 3499; x_wconf 87' lang='lat' dir='ltr'>aut</span> <span class='ocrx_word' id='word_1_200' title='bbox 1499 3459 1606 3503; x_wconf 85' lang='lat' dir='ltr'>acce·</span> 
     </span>
     <span class='ocr_line' id='line_1_29' title="bbox 570 3541 1608 3633; baseline -0.007 -23"><span class='ocrx_word' id='word_1_201' title='bbox 570 3545 683 3612; x_wconf 87' lang='lat' dir='ltr'>dentes</span> <span class='ocrx_word' id='word_1_202' title='bbox 711 3545 892 3611; x_wconf 84' lang='lat' dir='ltr'>orationum</span> <span class='ocrx_word' id='word_1_203' title='bbox 914 3561 1022 3633; x_wconf 83' lang='lat' dir='ltr'>partes</span> <span class='ocrx_word' id='word_1_204' title='bbox 1042 3545 1248 3632; x_wconf 82' lang='lat' dir='ltr'>corrumpit,</span> <span class='ocrx_word' id='word_1_205' title='bbox 1271 3542 1340 3629; x_wconf 90' lang='lat' dir='ltr'>ipsa</span> <span class='ocrx_word' id='word_1_206' title='bbox 1370 3557 1526 3606; x_wconf 85' lang='lat' dir='ltr'>manente</span> <span class='ocrx_word' id='word_1_207' title='bbox 1547 3541 1608 3604; x_wconf 89' lang='lat' dir='ltr'>in·</span> 
     </span>
     <span class='ocr_line' id='line_1_30' title="bbox 569 3645 1609 3742; baseline -0.002 -27"><span class='ocrx_word' id='word_1_208' title='bbox 569 3667 686 3742; x_wconf 84' lang='lat' dir='ltr'>tegra,</span> <span class='ocrx_word' id='word_1_209' title='bbox 711 3648 815 3716; x_wconf 82' lang='lat' dir='ltr'>fateor</span> <span class='ocrx_word' id='word_1_210' title='bbox 844 3648 1003 3716; x_wconf 87' lang='lat' dir='ltr'>confiteor</span> <span class='ocrx_word' id='word_1_211' title='bbox 1029 3646 1215 3731; x_wconf 81' lang='lat' dir='ltr'>confessus,</span> <span class='ocrx_word' id='word_1_212' title='bbox 1239 3646 1377 3738; x_wconf 82' lang='lat' dir='ltr'>gradior</span> <span class='ocrx_word' id='word_1_213' title='bbox 1403 3645 1609 3736; x_wconf 85' lang='lat' dir='ltr'>congredior</span> 
     </span>
     <span class='ocr_line' id='line_1_31' title="bbox 571 3750 1612 3846; baseline -0.007 -23"><span class='ocrx_word' id='word_1_214' title='bbox 571 3778 782 3846; x_wconf 79' lang='lat' dir='ltr'>congressus,</span> <span class='ocrx_word' id='word_1_215' title='bbox 801 3770 914 3821; x_wconf 89' lang='lat' dir='ltr'>cantus</span> <span class='ocrx_word' id='word_1_216' title='bbox 938 3772 1137 3822; x_wconf 66' lang='lat' dir='ltr'>concentus,</span> <span class='ocrx_word' id='word_1_217' title='bbox 1160 3752 1281 3820; x_wconf 86' lang='lat' dir='ltr'>scando</span> <span class='ocrx_word' id='word_1_218' title='bbox 1309 3750 1520 3819; x_wconf 72' lang='lat' dir='ltr'>conscendo,</span> <span class='ocrx_word' id='word_1_219' title='bbox 1543 3770 1612 3817; x_wconf 86' lang='lat' dir='ltr'>sta·</span> 
     </span>
     <span class='ocr_line' id='line_1_32' title="bbox 571 3860 1612 3945; baseline -0.006 -17"><span class='ocrx_word' id='word_1_220' title='bbox 571 3879 629 3928; x_wconf 91' lang='lat' dir='ltr'>tuo</span> <span class='ocrx_word' id='word_1_221' title='bbox 654 3862 843 3945; x_wconf 89' lang='lat' dir='ltr'>constituo,</span> <span class='ocrx_word' id='word_1_222' title='bbox 875 3884 956 3928; x_wconf 88' lang='lat' dir='ltr'>cano</span> <span class='ocrx_word' id='word_1_223' title='bbox 985 3861 1153 3942; x_wconf 89' lang='lat' dir='ltr'>concino,</span> <span class='ocrx_word' id='word_1_224' title='bbox 1186 3862 1271 3926; x_wconf 89' lang='lat' dir='ltr'>iacio</span> <span class='ocrx_word' id='word_1_225' title='bbox 1300 3860 1462 3936; x_wconf 73' lang='lat' dir='ltr'>conici03</span> <span class='ocrx_word' id='word_1_226' title='bbox 1494 3876 1532 3923; x_wconf 88' lang='lat' dir='ltr'>ut</span> <span class='ocrx_word' id='word_1_227' title='bbox 1562 3895 1612 3910; x_wconf 90' lang='lat'>--</span> 
     </span>
     <span class='ocr_line' id='line_1_33' title="bbox 571 3965 1605 4058; baseline -0.004 -24"><span class='ocrx_word' id='word_1_228' title='bbox 571 3968 722 4058; x_wconf 88' lang='lat' dir='ltr'>princeps</span> <span class='ocrx_word' id='word_1_229' title='bbox 746 3966 917 4035; x_wconf 87' lang='lat' dir='ltr'>a&#39;rdcntcm</span> <span class='ocrx_word' id='word_1_230' title='bbox 944 3969 1082 4034; x_wconf 88' lang='lat' dir='ltr'>coniecit</span> <span class='ocrx_word' id='word_1_231' title='bbox 1111 3966 1264 4056; x_wconf 84' lang='lat' dir='ltr'>lampada</span> <span class='ocrx_word' id='word_1_232' title='bbox 1286 3970 1420 4032; x_wconf 83' lang='lat' dir='ltr'>Turnus</span> <span class='ocrx_word' id='word_1_233' title='bbox 1443 4002 1501 4031; x_wconf 85' lang='grc'>-.</span> <span class='ocrx_word' id='word_1_234' title='bbox 1530 3965 1605 4031; x_wconf 86' lang='lat' dir='ltr'>Ca-</span> 
     </span>
     <span class='ocr_line' id='line_1_34' title="bbox 571 4054 1609 4167; baseline -0.003 -27"><span class='ocrx_word' id='word_1_235' title='bbox 571 4074 614 4142; x_wconf 87' lang='lat' dir='ltr'>do</span> <span class='ocrx_word' id='word_1_236' title='bbox 641 4072 804 4154; x_wconf 78' lang='lat' dir='ltr'>coneid03</span> <span class='ocrx_word' id='word_1_237' title='bbox 842 4091 879 4141; x_wconf 84' lang='lat' dir='ltr'>ut</span> <span class='ocrx_word' id='word_1_238' title='bbox 906 4111 952 4125; x_wconf 94' lang='grc'><strong>-</strong></span> <span class='ocrx_word' id='word_1_239' title='bbox 980 4054 1252 4167; x_wconf 49' lang='lat' dir='ltr'>quare&#39;concidit</span> <span class='ocrx_word' id='word_1_240' title='bbox 1285 4070 1391 4139; x_wconf 81' lang='lat' dir='ltr'>vultus</span> <span class='ocrx_word' id='word_1_241' title='bbox 1422 4089 1497 4138; x_wconf 85' lang='lat' dir='ltr'>tuus</span> <span class='ocrx_word' id='word_1_242' title='bbox 1527 4103 1609 4153; x_wconf 90' lang='lat'>-,</span> 
     </span>
    </p>
   </div>
   <div class='ocr_carea' id='block_1_4' title="bbox 28 0 1696 5206">
    <p class='ocr_par' dir='ltr' id='par_1_4' title="bbox 28 0 1696 5206">
     <span class='ocr_line' id='line_1_35' title="bbox 28 0 1696 5206; baseline 0 1"><span class='ocrx_word' id='word_1_243' title='bbox 28 0 1696 5206; x_wconf 95' lang='lat' dir='ltr'> </span> 
     </span>
    </p>
   </div>
  </div>
 </body>
</html>
