3382 5206
376 564 420 640 18
751 582 901 633 estnon
928 584 949 631 t.
1387 659 1389 662 Ι

344 695 378 767 ·i·
399 718 536 794 semper
553 691 679 765 habeat
701 746 712 778 ‚
738 705 774 762 et
792 688 968 789 producte
987 688 1130 763 dicatur
1154 689 1236 763 filiis
1259 746 1268 777 ,
1293 686 1362 786 gla-

344 812 414 886 diis
437 869 447 902 ,
468 809 580 909 gabiis
603 865 612 896 ,
634 807 815 908 sapientiis
838 862 848 897 ‚
869 807 987 906 gloriis
1009 862 1019 897 ‚
1038 808 1221 898 brachiis,
1243 805 1365 906 gaudi·

346 932 402 1019 is,
424 928 590 1005 colludiis
612 930 669 1029 (a).
690 924 833 999 sivero
852 926 1089 1002 nominativus
1111 955 1211 1003 casus
1230 927 1262 999 ·i·
1280 943 1364 1001 ante

343 1051 571 1126 novissimam
591 1048 755 1149 syllabam
773 1075 846 1122 non
864 1049 1030 1123 babuerit
1043 1107 1053 1138 ‚
1065 1066 1101 1123 et
1118 1047 1288 1122 ablativus
1309 1076 1364 1122 ca·

347 1194 409 1245 sus
425 1168 481 1243 vel
500 1169 639 1243 dativus
659 1167 696 1240 in
711 1166 762 1251 is·
780 1167 892 1241 suerit
909 1167 1118 1241 tenninatus
1140 1223 1151 1256 ,
1179 1192 1251 1239 non
1277 1166 1367 1240 duo-

347 1290 416 1363 bus
442 1288 501 1378 ·i·‚
529 1285 589 1360 sed
615 1284 751 1382 virgula
777 1300 918 1359 tantum
943 1303 1007 1360 aut
1029 1284 1102 1359 solo
1130 1312 1215 1359 sono
1239 1311 1366 1359 accen·

350 1427 462 1509 tuque
482 1407 721 1509 producemus
735 1405 800 1479 hos
819 1404 973 1506 plurales
995 1405 1175 1479 casusboc
1187 1404 1310 1493 modo,
1324 1422 1366 1478 ut

347 1529 484 1618 bracis,
504 1528 637 1627 globis,
660 1526 788 1614 calvis,
807 1525 996 1614 machiris‚
1017 1525 1214 1614 machinis,
1233 1523 1366 1612 donis,

347 1646 585 1723 tabernaculis
608 1703 617 1734 ,
645 1663 682 1718 et
702 1644 837 1719 ceteris.

432 1762 487 1841 15.
506 1763 618 1839 Nunc
637 1763 680 1837 de
700 1763 901 1838 accusativo
920 1788 1004 1837 casu
1022 1762 1085 1863 (ι).
1105 1758 1260 1835 Videtur
1279 1761 1367 1833 mihi
1416 1761 1417 1765 ’

346 1882 570 1957 accusativus
584 1909 685 1956 casus
698 1882 791 1954 inter
808 1897 944 1955 ceteros
955 1879 1088 1979 aliquid
1100 1880 1227 1953 babere
1248 1879 1369 1952 cuius·

348 2002 432 2076 dam
455 2001 661 2103 praelativae
688 2002 898 2091 firmitatis,
924 2001 1021 2075 sicut
1048 2016 1084 2073 et
1112 1999 1206 2073 inter
1234 2016 1368 2072 ceteras

346 2124 538 2197 verborum
558 2123 833 2222 significationes
857 2122 1013 2197 activum
1031 2120 1199 2195 verbum:
1219 2117 1369 2192 undeet

343 2242 510 2320 nonnulli
527 2262 687 2319 veterum
710 2245 760 2343 (b)
782 2243 1027 2318 accusativum
1046 2270 1167 2316 casum
1184 2241 1290 2314 verbo
1309 2268 1365 2314 ac-

346 2362 417 2436 tivo
437 2363 581 2440 nonnisi
599 2363 642 2436 ‹le
664 2390 790 2460 genere
811 2361 1008 2435 masculino
1029 2361 1123 2434 sumi
1141 2360 1287 2438 omnino
1306 2359 1366 2432 de-
1392 2422 1401 2439 .

342 2480 427 2554 bere
448 2481 656 2555 statuebant
668 2478 786 2554 Cuius
805 2479 1019 2579 quaestionis
1039 2477 1165 2552 solutio
1183 2478 1270 2550 haec
1290 2479 1366 2554 erit.

346 2598 472 2673 Genus
492 2599 732 2676 masculinum
751 2597 883 2672 dicitur
902 2625 1007 2672 omne
1028 2596 1124 2697 quod
1135 2599 1277 2670 firmum
1298 2613 1369 2673 estc

349 2717 446 2790 unde
466 2735 503 2791 et
519 2719 631 2792 sortes
649 2719 800 2794 feminae
812 2719 984 2793 dicuntur
996 2723 1174 2818 viragines
1187 2721 1234 2817 (c)
1249 2749 1258 2794 t
1274 2717 1370 2790 unde

346 2833 491 2910 Erithea
517 2836 606 2910 Nini
628 2838 718 2936 regis
748 2866 837 2913 uxor
867 2840 942 2912 suis
969 2837 1179 2912 olivantibus
1202 2837 1250 2938 (d)
1273 2836 1369 2911 dice·

345 2954 405 3030 bat
427 3009 439 3045 ‚
465 2955 576 3029 nolite
597 2982 651 3031 me
673 2956 793 3031 dicero
813 2957 982 3030 seminam
1001 2957 1085 3058 quia
1103 2956 1155 3030 vir
1175 2984 1263 3031 sum.
1290 2953 1367 3031 Hoc

425 3136 465 3202 (s)
483 3137 539 3183 c0t·
559 3137 669 3183 colludis
694 3144 766 3185 stiam
783 3143 805 3185 in
824 3145 934 3201 attegias·
983 3138 1165 3200 (b)1ncodics
1183 3140 1365 3184 additurum·

350 3216 463 3267 mune,
485 3217 549 3277 quod
574 3227 609 3262 sat
637 3220 782 3277 superfluum
800 3236 808 3277 ᾗ
829 3221 883 3279 qnia
911 3221 1019 3280 seqnitur
1046 3218 1116 3278 poulo
1139 3229 1191 3278 post
1216 3222 1364 3264 statuebant.

353 3290 390 3356 (e)
407 3296 476 3339 Deest
492 3296 514 3337 in
532 3293 582 3338 eod·
600 3296 641 3338 tos
658 3295 806 3342 vos-tulum·
845 3294 886 3358 (d)
903 3303 961 3343 num
977 3311 1019 3355 pro
1035 3291 1182 3343 clientibus?

428 3429 472 3500 (ι)
491 3431 568 3483 Hune
582 3428 635 3484 lere
647 3430 676 3484 in
688 3431 773 3485 locum
792 3433 960 3485 inserendum
971 3431 1038 3484 mihi
1054 3431 1160 3486 videtur
1179 3433 1359 3487 testimonium

355 3519 439 3570 nostri
457 3517 584 3586 virgilii,
602 3518 676 3586 quod
696 3519 794 3572 recitat
813 3518 976 3573 Gaiulredus
991 3519 1177 3587 grammaticus
1196 3520 1314 3575 ineditus
1334 3521 1362 3574 in

357 3604 465 3673 reginae
482 3623 573 3659 svecae
590 3604 682 3658 codice
701 3606 824 3659 vaticano
849 3619 983 3678 pervetere
1006 3626 1034 3680 p·
1059 3622 1088 3678 9-
1107 3607 1155 3660 sic.
1176 3612 1363 3661 Accusativus

357 3695 393 3745 ab
411 3695 479 3746 aliis
497 3697 604 3745 activus
617 3705 751 3758 vocatus-3
771 3699 861 3767 quia.
881 3698 1001 3768 Virgilio
1021 3708 1163 3752 testante.
1180 3717 1197 3747 a
1217 3701 1295 3751 verbo
1314 3720 1366 3751 oc-

359 3797 446 3837 cisso.
470 3779 503 3832 id
523 3792 563 3832 cst
589 3798 667 3852 ago,
693 3779 853 3833 derivatur.
882 3783 953 3835 Inde
984 3784 1079 3836 Ciceto
1104 3782 1176 3835 dicit
1196 3796 1213 3820 ⁴⁴
1233 3798 1364 3837 accusate

358 3870 437 3944 quod
454 3883 559 3924 rectam
576 3884 619 3924 est
639 3907 656 3929 ‚.
674 3870 724 3924 lsoc
738 3885 780 3925 est
793 3876 883 3946 agite.
901 3877 969 3927 Item
991 3877 1140 3928 Terentius
1160 3888 1177 3910 ‘⁶
1197 3894 1289 3948 quone
1308 3896 1364 3928 non

357 3958 499 4009 accusatis
508 3960 711 4028 paenitentiam
723 3954 736 4009 ,²
748 3995 766 4016 ‚,
782 3957 831 4012 lsoc
844 3972 885 4012 est
899 3962 998 4034 agitis·
1017 3962 1091 4020 Hoc,
1105 3962 1213 4034 inquam
1225 4000 1233 4022 ‚
1247 3965 1364 4019 testimo-

362 4041 438 4099 nium
455 4058 488 4096 ex
507 4042 599 4098 codice
618 4043 788 4118 neapolitano
808 4044 896 4102 nescio
914 4049 1047 4120 quomodo
1064 4050 1196 4105 excidisse
1215 4050 1331 4106 videtur.
