3382 5206
729 614 771 661 nu
797 615 934 663 souma.
1287 618 1311 694 9

323 720 420 809 rati,
439 693 536 820 quid
556 745 681 817 graece
699 718 829 794 dieitur
847 721 993 794 thronus
1015 734 1034 796 ε’
1049 721 1144 796 unde
1165 722 1279 823 etqui
1298 723 1336 794 in

326 866 366 911 eo
382 839 481 913 sedet
499 839 597 912 thora
618 836 666 937 (a)
683 860 696 927 ·,
713 837 751 910 id
771 855 920 929 cetron,
940 839 1154 915 nominatur.

403 958 437 1034 5.
458 955 557 1032 Sunt
576 973 695 1031 tamen
713 957 885 1057 quaedam
900 958 1043 1033 nomina
1061 958 1258 1060 quaeduas
1276 987 1337 1060 per

328 1074 441 1149 omnia
459 1074 713 1150 declinationes
736 1075 865 1151 habere
891 1092 1120 1167 noscuntur,
1147 1094 1188 1152 ut
1206 1077 1338 1152 laetitia

327 1192 496 1267 laetamen
527 1247 539 1284 ,
566 1192 832 1268 calciamentum
862 1192 1053 1268 calciamen
1077 1252 1087 1285 ,
1114 1210 1336 1270 examentum

327 1338 470 1388 namen
492 1370 504 1403 ‚
528 1328 759 1388 stramentum
784 1330 970 1402 stramen,
995 1316 1257 1389 firmamentum
1281 1315 1338 1388 fir·

328 1459 465 1509 mamert
489 1491 499 1525 ,
527 1436 659 1535 species
677 1438 888 1537 specimen,
917 1453 951 1510 et
971 1453 1108 1513 cetera.
1137 1436 1250 1511 Immo
1269 1437 1337 1509 hoe

328 1552 487 1627 addimus
505 1553 601 1653 quod
619 1572 691 1628 tres
709 1555 763 1629 vel
782 1571 947 1657 quattuor
958 1554 1209 1630 declinationes
1220 1555 1339 1655 pleris-

328 1698 395 1772 que
414 1672 621 1746 nominibus
639 1673 822 1764 eveniant,
837 1676 932 1748 siout
944 1671 1337 1762 estlaetitia‚laetities,

330 1790 506 1866 laetamen.
520 1789 592 1864 Sed
604 1791 776 1893 quaedam
790 1812 914 1868 eorum
928 1793 1176 1867 discretionem
1185 1793 1336 1881 habent,

330 1911 497 2012 quaedam
514 1938 595 2002 vero
614 1928 757 2013 propter
774 1913 883 1987 solam
902 1914 1142 2001 inventionem
1160 1913 1268 1987 scribi
1285 1912 1337 1987 di·

332 2049 459 2106 cuntur
488 2061 500 2128 ;
529 2032 624 2134 quod
650 2048 811 2107 tamena
839 2035 1012 2136 plerisque
1043 2032 1230 2110 doctorum
1260 2033 1336 2108 lieri

332 2153 472 2227 omnino
490 2180 588 2253 posse
607 2170 781 2251 negatur,
807 2154 1063 2229 adfirmantium
1083 2156 1223 2230 nullum
1242 2155 1338 2255 peni-

332 2286 384 2344 tus
404 2297 539 2344 nomen
560 2288 623 2345 aut
641 2272 791 2346 verbum
811 2289 874 2358 aut
893 2272 1051 2375 aliquam
1064 2274 1240 2348 orationis
1259 2300 1337 2373 par·
1394 2348 1398 2355 ,

331 2407 432 2478 tem,
460 2391 569 2465 immo
597 2391 736 2466 nullam
761 2419 877 2493 paene
908 2392 1071 2492 syllabam
1099 2411 1158 2467 aut
1188 2393 1336 2467 litteram

332 2507 431 2579 scribi
450 2534 524 2587 non
542 2509 673 2583 ratione
692 2509 856 2609 plenam,
875 2509 930 2583 vel
948 2510 1098 2611 quadam
1117 2510 1171 2583 sui
1188 2510 1338 2609 proprie·

331 2642 415 2717 tate,
435 2630 597 2728 potuisse.
617 2629 692 2705 Nos
712 2628 864 2731 denique
884 2659 967 2706 oum
985 2631 1134 2706 dicimus
1152 2630 1337 2717 laetitiam,

332 2747 582 2824 iucunditatem
608 2751 715 2825 animi
745 2751 978 2850 significamus
1006 2751 1163 2826 stabilem
1190 2766 1225 2822 et
1254 2777 1338 2849 quo·

332 2865 511 2942 dammodo
536 2896 745 2968 perennem:
770 2887 806 2943 at
833 2870 996 2945 laetitiam
1019 2871 1069 2971 (h)
1093 2870 1121 2942 si
1149 2869 1337 2958 dicamus,

332 2989 476 3062 subitam
487 3018 558 3063 esse
568 2989 821 3088 intellegimus:
841 3008 876 3064 et
887 2991 1059 3065 laetamen
1072 2990 1212 3088 gratiam
1225 2989 1338 3063 cuius-

332 3107 410 3182 dam
427 3110 562 3183 additae
583 3110 816 3208 gratulationis
839 3115 886 3211 (c)
908 3111 1109 3187 iudicamus

408 3232 442 3308 6.
469 3230 532 3306 Est
552 3233 654 3306 etiam
673 3259 815 3335 vesper,
835 3263 974 3336 vespere
998 3292 1008 3323 ‚
1027 3260 1209 3333 vesperum
1232 3254 1345 3320 ‚ves-⁴

332 3378 420 3450 pera
440 3350 508 3424 Hic
530 3378 628 3426 casus
647 3353 880 3427 nominativus
899 3352 1114 3453 quadruplex
1135 3370 1186 3426 est
1208 3382 1219 3447 3
1240 3352 1339 3423 cuius

331 3467 524 3543 differentia
543 3470 747 3561 haeserit,
774 3471 867 3572 quod
895 3499 1014 3571 vesper
1039 3469 1182 3570 quidem
1210 3467 1338 3541 dicitur

331 3589 614 3689 quotiescumque
634 3590 685 3663 sol
704 3591 877 3680 nubibus,
897 3610 960 3665 aut
977 3583 1062 3665 luna
1082 3589 1338 3688 ferruginibus‚

331 3735 549 3809 quacumque
570 3708 640 3780 diei
660 3726 721 3783 aut
738 3712 850 3786 noctis
870 3712 955 3786 hora
976 3713 1155 3810 obtegatur
1184 3742 1193 3786 ε
1220 3726 1254 3782 et
1274 3711 1339 3782 hoc

330 3845 528 3916 neutrum,
556 3853 677 3928 vesper
695 3831 844 3930 vesperis
863 3832 996 3932 vesperi
1023 3858 1141 3931 vesper
1170 3855 1320 3928 vespere.

406 4052 442 4113 (a)
460 4056 497 4098 lta
512 4054 565 4100 rod.
616 4050 658 4118 (b)
673 4055 727 4102 cod.
747 4059 829 4104 iterum
848 4057 977 4104 institunt.
1024 4056 1061 4123 (o)
1077 4058 1133 4110 Cod-
1147 4057 1341 4116 gratulationem.
