3382 5206
697 638 742 683 DE
768 633 993 684 nonomen.

330 754 477 808 personam.
505 736 577 790 ilaec
604 737 657 791 trio
684 748 748 790 runt
768 748 826 791 tan-

329 837 403 881 turn,
422 842 486 892 ego,
505 836 535 879 ru
545 863 553 882 .
565 825 618 879 ille.
638 826 715 878 llunc
735 843 825 879 eorum

327 911 490 977 singulorum
515 929 638 979 generum
664 911 825 967 declinatio-

264 1052 269 1061 ,
326 1016 385 1049 nem
414 998 571 1053 subicimus·
602 1002 657 1068 Ego
682 1015 824 1071 pronomen

327 1084 456 1142 linitum,
484 1086 586 1154 generis
604 1085 706 1144 omnis,
724 1088 823 1154 figurae

326 1173 455 1244 simplicis
464 1211 471 1231 ‚
480 1175 584 1228 numeri
592 1175 750 1242 singularis,
762 1193 824 1246 per-

325 1279 405 1317 sonae
423 1263 537 1334 primae,
560 1281 637 1317 cesus
649 1263 824 1320 nominativi·

326 1350 399 1422 quod
428 1349 605 1404 declinabitur
635 1351 686 1404 sic.
714 1349 824 1404 llumeri

326 1438 483 1507 singularis.
496 1457 560 1507 ego.
575 1440 625 1493 mei
639 1475 647 1497 .
667 1438 750 1497 mihi.
763 1456 823 1495 me·

326 1544 374 1594 ego
395 1565 403 1585 ‚
426 1546 442 1580 u
470 1546 520 1581 me·
545 1529 657 1582 Numeri
686 1528 823 1600 pluralis,

326 1627 541 1672 nos,noslrum.
560 1614 653 1674 nobis.
675 1633 820 1674 nos,nos‚

327 1721 344 1754 a
362 1701 448 1756 nobis.

361 1788 403 1844 Tu
422 1808 564 1864 pronomen
581 1790 688 1844 linitum
704 1791 824 1858 ,generis

325 1881 430 1941 omnis,
455 1883 554 1949 figurae
572 1880 718 1952 simplicis.
732 1899 821 1935 nume·

327 1969 351 2021 ri
360 1968 515 2035 singularis,
536 1985 662 2040 prersonee
671 1968 819 2025 secundae.

327 2071 404 2107 cesus
414 2056 572 2108 nominativi
580 2067 607 2109 et
614 2055 822 2125 vocativi.quod

327 2144 507 2197 declinabitur
524 2145 570 2197 sic.
590 2144 696 2196 Numeri
707 2143 823 2212 singula-

297 2227 738 2293 ¹ris.tu‚tui,tibi0le,tu,
757 2243 821 2285 ete.

326 2314 435 2368 Numeri
454 2316 563 2387 pluralis
583 2353 591 2374 ‚
610 2334 657 2371 ros
675 2354 683 2376 .
704 2329 819 2372 vestrum

326 2412 353 2454 et
373 2413 519 2456 vestrorum
538 2403 595 2475 (r).
619 2402 721 2461 robis.
748 2423 817 2462 ros,

327 2510 387 2549 vos.
406 2510 422 2544 o
439 2490 524 2547 vobis.

363 2583 409 2638 llle
432 2602 576 2655 pronomen
594 2586 716 2645 linitum,
740 2603 818 2655 gene-

326 2675 362 2726 ris
376 2675 529 2731 musculrui.
549 2677 663 2742 figurae.
675 2676 818 2746 simplicis.

326 2762 428 2813 numeri
446 2762 601 2830 singularis.
619 2781 745 2835 personae
770 2776 819 2818 ter·

327 2851 396 2908 tine,
413 2868 487 2905 cesus
501 2852 676 2911 nominativi,
689 2855 762 2924 quod
776 2855 820 2907 de·

327 2939 471 2994 clinnbitur
485 2941 531 2993 slc.
547 2941 655 2994 Numeri
663 2942 819 3010 singularis.

330 3028 395 3084 ille.
414 3027 506 3085 illius,
527 3027 583 3085 illi,
602 3029 766 3088 illum.ille,
785 3030 819 3081 ab

329 3113 381 3165 illo·
400 3115 507 3168 Numeri
524 3116 649 3187 pluralis.
672 3115 729 3172 illi.
758 3117 819 3170 illo-

327 3218 401 3259 rum,
423 3201 492 3260 illis,
521 3203 594 3260 illos.
615 3203 678 3261 illi.
701 3202 736 3254 ab
759 3204 818 3257 illis.

328 3293 438 3347 Generis
450 3293 585 3349 feminini,
594 3294 695 3345 numeri
705 3293 818 3360 singula·

330 3383 387 3438 ris.
415 3383 460 3434 illa
477 3393 505 3435 et
526 3381 617 3440 illnec.
647 3381 736 3438 illius.
757 3383 818 3442 illi,

328 3469 413 3525 illum.
434 3469 495 3526 illo.
513 3467 547 3519 ub
563 3468 617 3520 illa.
635 3469 743 3521 Numeri
758 3469 814 3539 plu·

327 3557 404 3614 ralis,
419 3557 497 3613 illae,
516 3556 618 3607 illarum
632 3593 640 3614 ‚
659 3556 711 3609 illis
722 3594 729 3614 ,
740 3557 798 3611 illas
810 3597 817 3616 ,

326 3644 402 3699 illae.
429 3643 462 3694 nb
486 3643 546 3695 illis·
568 3645 677 3696 Generis
706 3647 815 3702 neutri.

327 3730 426 3787 numeri
445 3729 584 3796 singularis
599 3769 605 3788 ‚
630 3732 713 3789 illud,
726 3734 814 3789 illius.

395 3995 436 4059 (ι)
454 3998 508 4045 cod.
526 4014 564 4043 vos
583 4015 623 4043 vu

1286 611 1357 686 253

885 737 944 794 illi,
963 736 1046 795 illud,
1061 736 1143 796 illud,
1163 735 1198 790 ab
1218 737 1273 792 illo.
1288 739 1383 815 Nmpe·

886 826 910 878 ri
928 825 1056 898 pluralis,
1082 824 1148 883 illu.
1172 824 1294 886 illorumc
1314 826 1384 886 illis.

883 910 944 969 illa,
962 911 997 963 ab
1016 909 1078 964 illis·
1179 933 1182 940 ’

922 1099 951 1156 9.
970 1101 1006 1138 un
1026 1102 1113 1141 neruos
1134 1100 1338 1153 conrnune·

884 1207 1006 1316 Minus
1025 1280 1106 1332 quarn
1123 1263 1202 1318 finite
1219 1263 1305 1321 lorme
1332 1283 1378 1321 sex

882 1347 947 1402 haec
983 1352 1138 1421 pronomina
1170 1354 1289 1410 continet
1315 1365 1377 1409 ron-

882 1451 952 1498 tum.
972 1440 1044 1512 ipse.
1063 1442 1131 1501 iste,
1150 1443 1189 1500 is.
1210 1444 1292 1505 idem,
1306 1445 1376 1505 sibi.

881 1526 936 1579 hic.
972 1528 1050 1582 Nune
1089 1549 1180 1585 eorum
1216 1534 1380 1603 singulorum

880 1631 974 1682 genere
991 1633 1051 1671 cum
1070 1616 1250 1675 declinatione
1275 1621 1373 1676 subici·

881 1717 949 1755 mus.

915 1790 976 1861 Ipse
1007 1807 1150 1861 pronomen
1178 1793 1267 1847 minus
1294 1811 1375 1864 quem

880 1876 1000 1935 finitum,
1015 1881 1118 1946 generis
1131 1881 1287 1940 masculini,
1304 1884 1374 1951 ligu-

881 1980 926 2015 ree
936 1964 1063 2037 simplicis
1076 2004 1084 2025 .
1102 1969 1205 2022 numeri
1215 1968 1374 2038 singularis,

881 2069 956 2107 casus
984 2056 1141 2110 nominativi
1169 2068 1196 2111 et
1225 2058 1342 2112 vocativi
1366 2095 1374 2115 .

880 2143 952 2212 quod
984 2143 1163 2198 declinabitur
1186 2146 1237 2197 sie.
1263 2144 1372 2198 Numeri

878 2232 1035 2300 singularis.
1046 2233 1102 2304 ipse
1111 2233 1151 2287 vel
1159 2233 1246 2304 ipsus.
1269 2234 1371 2303 ipsius.

879 2320 950 2392 ipsi,
968 2323 1074 2393 ipsum,
1094 2321 1217 2392 ipse,ub
1237 2322 1371 2394 ipsollu-

877 2411 942 2462 meri
970 2410 1106 2481 pluralis.
1136 2409 1205 2483 ipsi.
1235 2411 1372 2483 ipsorum.

876 2497 959 2568 ipsis.
979 2499 1067 2569 ipsos,
1087 2499 1157 2569 ipsi,
1174 2497 1209 2549 ab
1229 2498 1301 2570 ipsis·
1317 2500 1372 2553 Ge-

876 2586 947 2639 neris
973 2585 1110 2642 leminiui.
1129 2586 1231 2639 numeri
1248 2585 1369 2654 singule-

875 2672 929 2728 ris,
949 2672 1020 2742 ipso.
1043 2672 1142 2743 ipsius.
1171 2673 1238 2743 ipsi,
1264 2673 1369 2743 ipsam.

876 2762 948 2832 ipsu,
968 2761 1088 2833 abipsa·
1107 2762 1215 2814 Numeri
1235 2761 1346 2832 pluralis
1362 2799 1370 2820 .

877 2850 967 2920 ipsae.
998 2850 1114 2920 ipsorum
1129 2885 1137 2907 ,
1158 2849 1224 2921 ipsis
1238 2886 1245 2906 .
1279 2850 1370 2920 ipsus.

876 2939 964 3009 ipsae,
984 2937 1018 2989 ab
1037 2939 1111 3008 ipsis·
1132 2938 1242 2991 Generis
1261 2938 1370 2996 neutri,

876 3027 978 3080 numeri
988 3027 1144 3094 singularis.
1158 3027 1260 3098 ipsum,
1273 3028 1370 3097 ipsius.

877 3116 949 3184 ipsi,
970 3113 1074 3184 ipsum.
1103 3113 1209 3183 ipsum,
1240 3115 1274 3167 ab
1300 3114 1369 3184 ipso.

875 3205 983 3257 Numeri
1003 3202 1126 3273 pluralis,
1141 3205 1214 3274 ipsa,
1234 3205 1367 3275 ipsorum,

878 3290 961 3361 ipsis,
982 3290 1060 3360 ipse.
1080 3289 1158 3359 ipsa.
1179 3290 1212 3341 ab
1234 3291 1308 3361 ipsis·

911 3379 964 3430 lsrc
980 3395 1123 3448 pronomen
1142 3377 1230 3430 minus
1243 3396 1323 3448 quom
1340 3379 1368 3430 li·

874 3469 983 3523 nituor,
1002 3466 1103 3535 generis
1126 3467 1283 3524 masculini,
1302 3468 1366 3534 figu-

874 3576 918 3611 rae
936 3557 1062 3628 simplicis
1078 3593 1085 3615 .
1099 3556 1200 3610 numeri
1213 3556 1368 3624 singularis.

874 3663 949 3697 casus
969 3643 1144 3701 nominativi,
1165 3644 1238 3713 quod
1255 3643 1369 3696 declina·

873 3734 946 3787 bitur
976 3734 1024 3786 sic.
1057 3731 1166 3786 Numeri
1193 3731 1366 3801 singularis.

625 4009 704 4053 trum,
727 4011 833 4047 vestrum
850 4011 874 4045 el
895 4008 1039 4045 vestrorum·
