3382 5206
764 601 808 648 rr
828 600 937 653 maro.
1279 584 1328 662 53

255 747 283 791 -χ
341 708 403 808 qui
428 707 627 782 secundum
652 706 847 783 litterarum
878 710 1035 785 ordinem
1068 713 1188 788 modos
1219 742 1361 820 quoque

341 829 525 902 verborum
551 829 660 902 ordiri
685 828 810 903 debere
837 848 1075 930 putaverunt,
1098 834 1205 908 itaut
1231 838 1274 910 ab
1299 839 1361 912 im-

340 949 493 1049 perativo
520 950 623 1022 modo
649 948 920 1023 declinationem
953 952 1048 1025 verbi
1081 954 1322 1031 exordirentur
1350 989 1361 1055 3

339 1071 521 1173 praecipue
548 1070 578 1142 si
602 1070 640 1143 in
656 1099 694 1143 ·a·
712 1071 861 1144 litteram
886 1073 1087 1163 desineret,
1114 1093 1156 1148 ut
1180 1095 1294 1152 macta
1319 1079 1359 1152 li·

339 1219 380 1288 ga
405 1191 585 1292 planta2et
610 1191 653 1263 ab
679 1191 746 1264 hoc
772 1192 876 1265 modo
903 1194 1002 1266 linito
1021 1195 1213 1269 infinitivus
1236 1199 1359 1273 modus
1382 1227 1385 1231 ’

339 1328 563 1411 sequeretur,
590 1311 671 1411 quia
692 1310 816 1409 melius
843 1327 929 1385 tunc
950 1313 1120 1409 finiatur,
1146 1332 1186 1387 ut
1206 1334 1359 1392 mactare

335 1430 441 1526 ligare
460 1429 614 1529 plantare
632 1429 782 1505 :deinde
798 1446 875 1528 post
894 1431 993 1504 hunc
1014 1432 1160 1506 modum
1180 1435 1225 1533 (a)
1244 1491 1254 1523 ,
1273 1464 1358 1510 cum

338 1550 382 1623 ad
407 1549 635 1623 indicativum
660 1567 804 1624 ventum
831 1551 952 1623 suisset
977 1607 986 1639 ‚
1015 1579 1035 1623 a
1060 1553 1246 1650 praeterito
1273 1569 1357 1628 tem·

338 1696 422 1768 pore
448 1668 656 1768 incipientes
679 1725 688 1757 ‚
717 1668 811 1768 quod
838 1669 874 1740 in
893 1671 945 1741 ·vi·
965 1668 1116 1742 litteram
1142 1672 1265 1744 finitur
1285 1730 1295 1762 ,
1313 1690 1356 1747 ut

334 1791 480 1863 mactari
505 1789 606 1886 ligavi
632 1788 781 1889 plantavi
804 1846 813 1878 ‚
834 1789 870 1861 in
886 1789 1055 1889 praesenti
1074 1808 1231 1893 tempore
1247 1795 1354 1869 finem

333 1909 439 1981 verbo
466 1924 658 1981 statuerent
677 1963 687 1996 ‚
704 1908 785 2006 quia
811 1907 848 1980 in
866 1936 906 1980 ·o·
921 1908 1151 2000 terminatur,
1171 1929 1211 1984 ut
1237 1930 1352 1986 macto

333 2026 402 2123 ligo
429 2024 558 2124 planto.
577 2021 649 2096 Sed
675 2023 756 2123 quia
782 2025 869 2096 haec
885 2024 1025 2098 illorum
1045 2029 1219 2099 sententia
1234 2027 1353 2127 inepta

332 2145 530 2245 suspicione
557 2144 663 2242 magis
691 2162 808 2217 coacta
834 2172 940 2245 quam
967 2136 1098 2218 ratione
1126 2147 1278 2221 veritatis
1303 2150 1350 2222 vi-

333 2265 456 2338 deatur
481 2293 551 2338 esse
579 2264 935 2365 subnixa‚reliquum
962 2265 1121 2337 ordinem
1147 2295 1218 2366 quo
1244 2268 1282 2340 in
1302 2297 1352 2342 se-

336 2387 454 2459 cunda
479 2387 533 2461 vel
559 2385 659 2459 tertia
685 2385 929 2483 coniugatione
963 2412 1024 2482 per
1054 2384 1208 2481 singulos
1241 2389 1354 2463 cuius-

335 2533 487 2606 cumque
502 2506 600 2579 verlri
613 2520 765 2578 utuntur
783 2504 904 2576 modos
918 2560 928 2592 ‚
941 2503 1085 2576 reticere
1102 2506 1228 2579 melius
1247 2535 1353 2606 quarn

332 2627 456 2726 exequi
480 2643 577 2724 puto.

418 2773 476 2822 22.
502 2745 675 2819 Nonnulli
695 2745 738 2817 dc
759 2744 960 2842 imperativo
987 2743 1090 2816 modo
1114 2734 1354 2842 quaestionem

332 2868 457 2940 dicunt
483 2925 492 2956 ‚
519 2895 626 2966 quare
655 2866 802 2966 primam
827 2891 1008 2963 personam
1034 2865 1159 2938 lrabeat
1187 2923 1197 2954 ‚
1227 2893 1352 2939 secun·
1400 2862 1430 2913 s

332 2988 418 3058 dum
444 3014 506 3058 nos
533 2985 594 3084 qui
619 2986 710 3057 hanc
737 3010 903 3079 negamus
929 3010 1028 3080 posse
1055 2983 1160 3055 latine
1187 2983 1266 3060 dici.
1284 2983 1351 3058 Ce-

331 3124 446 3178 terum
472 3105 509 3176 in
536 3105 688 3205 quodam
702 3103 878 3176 volumine
895 3161 903 3192 ,
919 3104 1046 3203 quoda
1066 3101 1236 3177 Terentio
1254 3105 1352 3178 Mar·

332 3227 425 3299 cillio
450 3228 647 3325 scriptum,
670 3224 713 3298 ad
740 3224 882 3296 titulum
904 3223 941 3296 ·l·
963 3225 1011 3296 ita
1031 3224 1217 3298 invenitur.
1239 3225 1352 3325 lmpe·

333 3348 459 3419 ratirus
484 3346 609 3419 modus
635 3344 830 3418 secundum
858 3361 927 3429 tres
954 3372 1117 3443 personas
1144 3402 1153 3432 ,
1187 3347 1351 3444 quemad-

329 3468 474 3540 modum
502 3467 609 3539 ccteri
622 3522 631 3555 ‚
644 3464 803 3539 inflexus.
818 3461 878 3536 Sic
895 3465 988 3536 enim
1006 3465 1154 3537 habetur
1169 3496 1177 3540 :
1191 3464 1348 3556 laudem,

330 3587 449 3661 lauda:
464 3586 697 3685 addentesque
724 3586 761 3658 in
788 3585 942 3657 secunda
966 3575 1113 3682 persona
1139 3586 1204 3657 sub
1230 3586 1349 3659 distin-

331 3709 447 3780 ctione
473 3706 632 3779 scribunt
651 3763 660 3794 ‚
678 3705 734 3778 vel
760 3705 888 3779 laudes.
909 3703 970 3778 Sic
997 3706 1170 3796 doceam,
1190 3707 1276 3780 doce
1292 3709 1348 3782 vel

326 3829 450 3900 doceas
466 3857 476 3922 3
490 3825 628 3898 audiam
650 3825 756 3913 ‚audi
782 3824 836 3896 vel
862 3825 979 3897 audias
997 3855 1007 3919 3
1030 3854 1222 3924 quaeram,
1244 3852 1346 3926 quae-

326 3977 362 4019 rc
389 3947 441 4018 vcl
469 3973 611 4044 quaeras
630 3976 638 4020 :
655 3930 691 4017 et
719 3943 870 4017 neutrali
895 3946 998 4017 verbo
1026 3945 1162 4018 sedeam
1182 3948 1288 4034 ,sede
1310 3968 1346 4022 et
1377 3945 1383 3956 ’

403 4095 441 4161 (a)
459 4098 515 4149 Cod⁸
533 4108 614 4139 tortam·
