<?xml version="1.0" encoding="UTF-8"?>
<!DOCTYPE html PUBLIC "-//W3C//DTD XHTML 1.0 Transitional//EN"
    "http://www.w3.org/TR/xhtml1/DTD/xhtml1-transitional.dtd">
<html xmlns="http://www.w3.org/1999/xhtml" xml:lang="en" lang="en">
 <head>
  <title>
</title>
<meta http-equiv="Content-Type" content="text/html;charset=utf-8" />
  <meta name='ocr-system' content='tesseract 3.04.00' />
  <meta name='ocr-capabilities' content='ocr_page ocr_carea ocr_par ocr_line ocrx_word'/>
</head>
<body>
  <div class='ocr_page' id='page_1' title='image "./classicorumauct00vatigoog_0630.png"; bbox 0 0 3382 5206; ppageno 0'>
   <div class='ocr_carea' id='block_1_1' title="bbox 253 617 1360 2726">
    <p class='ocr_par' dir='ltr' id='par_1_1' title="bbox 253 617 1360 2414">
     <span class='ocr_line' id='line_1_1' title="bbox 604 617 1337 710; baseline -0.005 -20"><span class='ocrx_word' id='word_1_1' title='bbox 604 634 831 690; x_wconf 76' lang='lat' dir='ltr'><strong>omnuarrca</strong></span> <span class='ocrx_word' id='word_1_2' title='bbox 853 637 901 687; x_wconf 84' lang='lat' dir='ltr'><strong>rr</strong></span> <span class='ocrx_word' id='word_1_3' title='bbox 923 634 1086 690; x_wconf 73' lang='lat' dir='ltr'><strong>accarca</strong></span> <span class='ocrx_word' id='word_1_4' title='bbox 1270 617 1337 710; x_wconf 80' lang='lat'><strong>569</strong></span> 
     </span>
     <span class='ocr_line' id='line_1_2' title="bbox 336 736 1360 832; baseline 0.001 -26"><span class='ocrx_word' id='word_1_5' title='bbox 336 761 455 808; x_wconf 88' lang='lat' dir='ltr'><strong>norum</strong></span> <span class='ocrx_word' id='word_1_6' title='bbox 475 758 544 817; x_wconf 86' lang='lat' dir='ltr'><strong>est,</strong></span> <span class='ocrx_word' id='word_1_7' title='bbox 568 758 603 808; x_wconf 90' lang='lat' dir='ltr'><strong>ut</strong></span> <span class='ocrx_word' id='word_1_8' title='bbox 624 749 719 831; x_wconf 63' lang='lat' dir='ltr'><strong>poeta</strong></span> <span class='ocrx_word' id='word_1_9' title='bbox 732 775 778 793; x_wconf 89' lang='lat'>-</span> <span class='ocrx_word' id='word_1_10' title='bbox 792 737 969 832; x_wconf 81' lang='lat' dir='ltr'><strong>linguaque</strong></span> <span class='ocrx_word' id='word_1_11' title='bbox 988 737 1119 808; x_wconf 89' lang='lat' dir='ltr'><strong>rudenti</strong></span> <span class='ocrx_word' id='word_1_12' title='bbox 1140 736 1245 808; x_wconf 81' lang='lat' dir='ltr'>edidit</span> <span class='ocrx_word' id='word_1_13' title='bbox 1259 762 1360 830; x_wconf 88' lang='lat' dir='ltr'><strong>pecu·</strong></span> 
     </span>
     <span class='ocr_line' id='line_1_3' title="bbox 340 845 1357 940; baseline 0.007 -30"><span class='ocrx_word' id='word_1_14' title='bbox 340 845 392 913; x_wconf 88' lang='lat' dir='ltr'><strong>ale</strong></span> <span class='ocrx_word' id='word_1_15' title='bbox 412 846 582 939; x_wconf 88' lang='lat' dir='ltr'><strong>loquellas.</strong></span> <span class='ocrx_word' id='word_1_16' title='bbox 605 849 648 913; x_wconf 84' lang='lat' dir='ltr'><strong>Et</strong></span> <span class='ocrx_word' id='word_1_17' title='bbox 667 848 745 940; x_wconf 88' lang='lat' dir='ltr'><strong>quia</strong></span> <span class='ocrx_word' id='word_1_18' title='bbox 771 864 846 938; x_wconf 92' lang='lat' dir='ltr'><strong>apta</strong></span> <span class='ocrx_word' id='word_1_19' title='bbox 874 873 908 915; x_wconf 86' lang='lat' dir='ltr'><strong>se</strong></span> <span class='ocrx_word' id='word_1_20' title='bbox 933 847 1020 915; x_wconf 87' lang='lat' dir='ltr'><strong>vocis</strong></span> <span class='ocrx_word' id='word_1_21' title='bbox 1036 848 1163 916; x_wconf 86' lang='lat' dir='ltr'><strong>occasio</strong></span> <span class='ocrx_word' id='word_1_22' title='bbox 1184 847 1357 937; x_wconf 86' lang='lat' dir='ltr'><strong>praebuit,</strong></span> 
     </span>
     <span class='ocr_line' id='line_1_4' title="bbox 339 950 1360 1043; baseline 0.003 -27"><span class='ocrx_word' id='word_1_23' title='bbox 339 974 402 1017; x_wconf 90' lang='lat' dir='ltr'><strong>non</strong></span> <span class='ocrx_word' id='word_1_24' title='bbox 424 950 521 1019; x_wconf 93' lang='lat' dir='ltr'><strong>modo</strong></span> <span class='ocrx_word' id='word_1_25' title='bbox 547 969 683 1043; x_wconf 88' lang='lat' dir='ltr'><strong>propter</strong></span> <span class='ocrx_word' id='word_1_26' title='bbox 699 968 898 1020; x_wconf 79' lang='lat' dir='ltr'><strong>structuram</strong></span> <span class='ocrx_word' id='word_1_27' title='bbox 917 950 1037 1042; x_wconf 89' lang='lat' dir='ltr'><strong>pedum</strong></span> <span class='ocrx_word' id='word_1_28' title='bbox 1058 967 1092 1019; x_wconf 90' lang='lat' dir='ltr'><strong>et</strong></span> <span class='ocrx_word' id='word_1_29' title='bbox 1111 953 1271 1020; x_wconf 87' lang='lat' dir='ltr'><strong>rationem</strong></span> <span class='ocrx_word' id='word_1_30' title='bbox 1287 972 1360 1019; x_wconf 87' lang='lat' dir='ltr'><strong>me-</strong></span> 
     </span>
     <span class='ocr_line' id='line_1_5' title="bbox 340 1055 1360 1129; baseline 0.004 -9"><span class='ocrx_word' id='word_1_31' title='bbox 340 1071 484 1125; x_wconf 82' lang='lat' dir='ltr'><strong>trorum,</strong></span> <span class='ocrx_word' id='word_1_32' title='bbox 511 1059 745 1129; x_wconf 75' lang='lat' dir='ltr'><strong>verumetiam</strong></span> <span class='ocrx_word' id='word_1_33' title='bbox 771 1057 815 1125; x_wconf 92' lang='lat' dir='ltr'><strong>ob</strong></span> <span class='ocrx_word' id='word_1_34' title='bbox 843 1056 1062 1124; x_wconf 81' lang='lat' dir='ltr'><strong>differentiam</strong></span> <span class='ocrx_word' id='word_1_35' title='bbox 1088 1078 1206 1123; x_wconf 83' lang='lat' dir='ltr'><strong>vocum</strong></span> <span class='ocrx_word' id='word_1_36' title='bbox 1232 1074 1265 1124; x_wconf 92' lang='lat' dir='ltr'><strong>et</strong></span> <span class='ocrx_word' id='word_1_37' title='bbox 1291 1055 1360 1124; x_wconf 88' lang='lat' dir='ltr'><strong>dis·</strong></span> 
     </span>
     <span class='ocr_line' id='line_1_6' title="bbox 340 1158 1359 1252; baseline 0.001 -27"><span class='ocrx_word' id='word_1_38' title='bbox 340 1162 520 1227; x_wconf 81' lang='lat' dir='ltr'><strong>cretionem</strong></span> <span class='ocrx_word' id='word_1_39' title='bbox 540 1184 713 1231; x_wconf 88' lang='lat' dir='ltr'><strong>aonorum,</strong></span> <span class='ocrx_word' id='word_1_40' title='bbox 731 1184 798 1229; x_wconf 90' lang='lat' dir='ltr'><strong>non</strong></span> <span class='ocrx_word' id='word_1_41' title='bbox 814 1160 995 1231; x_wconf 88' lang='lat' dir='ltr'><strong>absurdum</strong></span> <span class='ocrx_word' id='word_1_42' title='bbox 1013 1161 1158 1229; x_wconf 74' lang='lat' dir='ltr'><strong>arbitror</strong></span> <span class='ocrx_word' id='word_1_43' title='bbox 1176 1158 1359 1252; x_wconf 89' lang='lat' dir='ltr'><strong>quadripe-</strong></span> 
     </span>
     <span class='ocr_line' id='line_1_7' title="bbox 338 1261 1356 1356; baseline 0.005 -29"><span class='ocrx_word' id='word_1_44' title='bbox 338 1261 416 1330; x_wconf 88' lang='lat' dir='ltr'><strong>dum</strong></span> <span class='ocrx_word' id='word_1_45' title='bbox 441 1280 475 1353; x_wconf 81' lang='lat' dir='ltr'><strong>et</strong></span> <span class='ocrx_word' id='word_1_46' title='bbox 498 1263 667 1334; x_wconf 81' lang='lat' dir='ltr'><strong>volucrum</strong></span> <span class='ocrx_word' id='word_1_47' title='bbox 689 1281 722 1334; x_wconf 91' lang='lat' dir='ltr'><strong>et</strong></span> <span class='ocrx_word' id='word_1_48' title='bbox 741 1265 909 1356; x_wconf 86' lang='lat' dir='ltr'><strong>reptilium</strong></span> <span class='ocrx_word' id='word_1_49' title='bbox 928 1289 1024 1333; x_wconf 85' lang='lat' dir='ltr'><strong>voces</strong></span> <span class='ocrx_word' id='word_1_50' title='bbox 1049 1287 1125 1334; x_wconf 87' lang='lat' dir='ltr'><strong>cum</strong></span> <span class='ocrx_word' id='word_1_51' title='bbox 1142 1263 1356 1356; x_wconf 84' lang='lat' dir='ltr'><strong>generalitate</strong></span> 
     </span>
     <span class='ocr_line' id='line_1_8' title="bbox 338 1365 1359 1464; baseline 0.003 -32"><span class='ocrx_word' id='word_1_52' title='bbox 338 1366 532 1456; x_wconf 90' lang='lat' dir='ltr'><strong>pluralitatis</strong></span> <span class='ocrx_word' id='word_1_53' title='bbox 552 1387 585 1438; x_wconf 93' lang='lat' dir='ltr'><strong>et</strong></span> <span class='ocrx_word' id='word_1_54' title='bbox 610 1368 809 1460; x_wconf 84' lang='lat' dir='ltr'><strong>specialitate</strong></span> <span class='ocrx_word' id='word_1_55' title='bbox 825 1369 1058 1464; x_wconf 71' lang='lat' dir='ltr'><strong>singularitatis</strong></span> <span class='ocrx_word' id='word_1_56' title='bbox 1084 1367 1251 1437; x_wconf 83' lang='lat' dir='ltr'><strong>subtiliter</strong></span> <span class='ocrx_word' id='word_1_57' title='bbox 1276 1365 1359 1435; x_wconf 90' lang='lat' dir='ltr'><strong>diri·</strong></span> 
     </span>
     <span class='ocr_line' id='line_1_9' title="bbox 253 1473 1360 1568; baseline 0.001 -29"><span class='ocrx_word' id='word_1_58' title='bbox 253 1514 256 1519; x_wconf 56' lang='lat'><em>&lt;</em></span> <span class='ocrx_word' id='word_1_59' title='bbox 337 1498 452 1556; x_wconf 85' lang='lat' dir='ltr'><strong>mere;</strong></span> <span class='ocrx_word' id='word_1_60' title='bbox 475 1475 641 1567; x_wconf 86' lang='lat' dir='ltr'><strong>siquidem</strong></span> <span class='ocrx_word' id='word_1_61' title='bbox 668 1478 755 1545; x_wconf 86' lang='lat' dir='ltr'><strong>vocis</strong></span> <span class='ocrx_word' id='word_1_62' title='bbox 778 1474 968 1568; x_wconf 82' lang='lat' dir='ltr'><strong>qualitatem</strong></span> <span class='ocrx_word' id='word_1_63' title='bbox 992 1473 1265 1568; x_wconf 83' lang='lat' dir='ltr'><strong>quadripertitam</strong></span> <span class='ocrx_word' id='word_1_64' title='bbox 1291 1495 1360 1541; x_wconf 86' lang='lat' dir='ltr'><strong>esse</strong></span> 
     </span>
     <span class='ocr_line' id='line_1_10' title="bbox 339 1582 1358 1676; baseline 0 -29"><span class='ocrx_word' id='word_1_65' title='bbox 339 1598 405 1647; x_wconf 87' lang='lat' dir='ltr'><strong>tam</strong></span> <span class='ocrx_word' id='word_1_66' title='bbox 435 1582 705 1675; x_wconf 89' lang='lat' dir='ltr'><strong>philosophorum</strong></span> <span class='ocrx_word' id='word_1_67' title='bbox 736 1608 836 1676; x_wconf 90' lang='lat' dir='ltr'><strong>quam</strong></span> <span class='ocrx_word' id='word_1_68' title='bbox 865 1584 1152 1675; x_wconf 86' lang='lat' dir='ltr'><strong>grammaticorum</strong></span> <span class='ocrx_word' id='word_1_69' title='bbox 1185 1582 1358 1647; x_wconf 77' lang='lat' dir='ltr'><strong>auctoritas</strong></span> 
     </span>
     <span class='ocr_line' id='line_1_11' title="bbox 337 1684 1359 1777; baseline -0.001 -24"><span class='ocrx_word' id='word_1_70' title='bbox 337 1687 540 1777; x_wconf 75' lang='lat' dir='ltr'><strong>propalavit,</strong></span> <span class='ocrx_word' id='word_1_71' title='bbox 561 1690 767 1758; x_wconf 83' lang='lat' dir='ltr'><strong>articulatam</strong></span> <span class='ocrx_word' id='word_1_72' title='bbox 788 1688 1049 1759; x_wconf 88' lang='lat' dir='ltr'><strong>inarticulatam,</strong></span> <span class='ocrx_word' id='word_1_73' title='bbox 1070 1687 1247 1757; x_wconf 86' lang='lat' dir='ltr'><strong>litteratam</strong></span> <span class='ocrx_word' id='word_1_74' title='bbox 1266 1684 1359 1752; x_wconf 92' lang='lat' dir='ltr'><strong>inlit-</strong></span> 
     </span>
     <span class='ocr_line' id='line_1_12' title="bbox 338 1794 1358 1887; baseline -0.002 -29"><span class='ocrx_word' id='word_1_75' title='bbox 338 1809 500 1874; x_wconf 67' lang='lat' dir='ltr'><strong>teratamt</strong></span> <span class='ocrx_word' id='word_1_76' title='bbox 524 1799 671 1887; x_wconf 88' lang='lat' dir='ltr'><strong>quamvis</strong></span> <span class='ocrx_word' id='word_1_77' title='bbox 697 1794 751 1862; x_wconf 91' lang='lat' dir='ltr'><strong>alii</strong></span> <span class='ocrx_word' id='word_1_78' title='bbox 775 1795 854 1865; x_wconf 89' lang='lat' dir='ltr'><strong>duas</strong></span> <span class='ocrx_word' id='word_1_79' title='bbox 875 1821 942 1864; x_wconf 90' lang='lat' dir='ltr'><strong>asse</strong></span> <span class='ocrx_word' id='word_1_80' title='bbox 964 1797 1052 1863; x_wconf 80' lang='lat' dir='ltr'><strong>vocis</strong></span> <span class='ocrx_word' id='word_1_81' title='bbox 1067 1795 1192 1886; x_wconf 88' lang='lat' dir='ltr'><strong>specics</strong></span> <span class='ocrx_word' id='word_1_82' title='bbox 1209 1808 1358 1859; x_wconf 88' lang='lat' dir='ltr'><strong>attesten-</strong></span> 
     </span>
     <span class='ocr_line' id='line_1_13' title="bbox 338 1893 1357 1983; baseline -0.003 -19"><span class='ocrx_word' id='word_1_83' title='bbox 338 1916 415 1983; x_wconf 85' lang='lat' dir='ltr'><strong>tur,</strong></span> <span class='ocrx_word' id='word_1_84' title='bbox 437 1900 502 1967; x_wconf 92' lang='lat' dir='ltr'><strong>hoc</strong></span> <span class='ocrx_word' id='word_1_85' title='bbox 525 1919 572 1971; x_wconf 89' lang='lat' dir='ltr'><strong>est</strong></span> <span class='ocrx_word' id='word_1_86' title='bbox 593 1900 799 1970; x_wconf 90' lang='lat' dir='ltr'><strong>articulatam</strong></span> <span class='ocrx_word' id='word_1_87' title='bbox 813 1919 853 1971; x_wconf 89' lang='lat' dir='ltr'><strong>et</strong></span> <span class='ocrx_word' id='word_1_88' title='bbox 875 1900 1065 1979; x_wconf 68' lang='lat' dir='ltr'><strong>consmamt</strong></span> <span class='ocrx_word' id='word_1_89' title='bbox 1088 1923 1166 1966; x_wconf 88' lang='lat' dir='ltr'><strong>nam</strong></span> <span class='ocrx_word' id='word_1_90' title='bbox 1185 1893 1357 1964; x_wconf 88' lang='lat' dir='ltr'><strong>articulata</strong></span> 
     </span>
     <span class='ocr_line' id='line_1_14' title="bbox 338 2002 1359 2099; baseline -0.003 -29"><span class='ocrx_word' id='word_1_91' title='bbox 338 2005 508 2073; x_wconf 87' lang='lat' dir='ltr'><strong>hominum</strong></span> <span class='ocrx_word' id='word_1_92' title='bbox 528 2007 752 2077; x_wconf 89' lang='lat' dir='ltr'><strong>tantummodo</strong></span> <span class='ocrx_word' id='word_1_93' title='bbox 774 2025 821 2077; x_wconf 87' lang='lat' dir='ltr'><strong>cst</strong></span> <span class='ocrx_word' id='word_1_94' title='bbox 840 2005 925 2073; x_wconf 91' lang='lat' dir='ltr'><strong>dicta</strong></span> <span class='ocrx_word' id='word_1_95' title='bbox 944 2004 1034 2099; x_wconf 92' lang='lat' dir='ltr'><strong>quod</strong></span> <span class='ocrx_word' id='word_1_96' title='bbox 1054 2003 1194 2073; x_wconf 89' lang='lat' dir='ltr'><strong>articulo</strong></span> <span class='ocrx_word' id='word_1_97' title='bbox 1213 2002 1359 2069; x_wconf 89' lang='lat' dir='ltr'><strong>scriben-</strong></span> 
     </span>
     <span class='ocr_line' id='line_1_15' title="bbox 336 2112 1360 2204; baseline 0.001 -29"><span class='ocrx_word' id='word_1_98' title='bbox 336 2112 359 2175; x_wconf 90' lang='lat' dir='ltr'><strong>ti</strong></span> <span class='ocrx_word' id='word_1_99' title='bbox 382 2112 604 2201; x_wconf 87' lang='lat' dir='ltr'><strong>conprehendi</strong></span> <span class='ocrx_word' id='word_1_100' title='bbox 627 2115 746 2204; x_wconf 73' lang='lat' dir='ltr'><strong>possit3</strong></span> <span class='ocrx_word' id='word_1_101' title='bbox 770 2112 904 2184; x_wconf 78' lang='lat' dir='ltr'><strong>confusa</strong></span> <span class='ocrx_word' id='word_1_102' title='bbox 925 2131 974 2181; x_wconf 88' lang='lat' dir='ltr'><strong>est</strong></span> <span class='ocrx_word' id='word_1_103' title='bbox 987 2135 1070 2203; x_wconf 89' lang='lat' dir='ltr'><strong>quae</strong></span> <span class='ocrx_word' id='word_1_104' title='bbox 1089 2113 1190 2181; x_wconf 86' lang='lat' dir='ltr'><strong>scribi</strong></span> <span class='ocrx_word' id='word_1_105' title='bbox 1214 2132 1281 2176; x_wconf 89' lang='lat' dir='ltr'><strong>non</strong></span> <span class='ocrx_word' id='word_1_106' title='bbox 1304 2132 1360 2198; x_wconf 91' lang='lat' dir='ltr'><strong>po·</strong></span> 
     </span>
     <span class='ocr_line' id='line_1_16' title="bbox 335 2214 1358 2308; baseline -0.002 -28"><span class='ocrx_word' id='word_1_107' title='bbox 335 2231 404 2282; x_wconf 87' lang='lat' dir='ltr'><strong>teat.</strong></span> <span class='ocrx_word' id='word_1_108' title='bbox 429 2230 464 2283; x_wconf 87' lang='grc' dir='ltr'><strong>Δ.</strong></span> <span class='ocrx_word' id='word_1_109' title='bbox 483 2217 596 2284; x_wconf 88' lang='lat' dir='ltr'><strong>Pande</strong></span> <span class='ocrx_word' id='word_1_110' title='bbox 621 2216 769 2308; x_wconf 84' lang='lat' dir='ltr'><strong>exempla</strong></span> <span class='ocrx_word' id='word_1_111' title='bbox 792 2219 879 2286; x_wconf 82' lang='lat' dir='ltr'><strong>vocis</strong></span> <span class='ocrx_word' id='word_1_112' title='bbox 904 2215 1055 2284; x_wconf 80' lang='lat' dir='ltr'><strong>confusae</strong></span> <span class='ocrx_word' id='word_1_113' title='bbox 1080 2214 1122 2282; x_wconf 91' lang='lat' dir='ltr'><strong>de</strong></span> <span class='ocrx_word' id='word_1_114' title='bbox 1143 2215 1276 2283; x_wconf 75' lang='lat' dir='ltr'><strong>diversis</strong></span> <span class='ocrx_word' id='word_1_115' title='bbox 1302 2235 1358 2278; x_wconf 86' lang='lat' dir='ltr'><strong>rc·</strong></span> 
     </span>
     <span class='ocr_line' id='line_1_17' title="bbox 336 2324 811 2414; baseline 0.013 -30"><span class='ocrx_word' id='word_1_116' title='bbox 336 2344 408 2386; x_wconf 87' lang='lat' dir='ltr'><strong>rum</strong></span> <span class='ocrx_word' id='word_1_117' title='bbox 435 2325 559 2390; x_wconf 88' lang='lat' dir='ltr'><strong>naturis</strong></span> <span class='ocrx_word' id='word_1_118' title='bbox 581 2340 737 2414; x_wconf 81' lang='lat' dir='ltr'><strong>congesta.</strong></span> <span class='ocrx_word' id='word_1_119' title='bbox 764 2324 811 2390; x_wconf 88' lang='lat' dir='ltr'><strong>M.</strong></span> 
     </span>
    </p>

    <p class='ocr_par' dir='ltr' id='par_1_2' title="bbox 333 2427 1359 2726">
     <span class='ocr_line' id='line_1_18' title="bbox 380 2427 1359 2520; baseline -0.005 -26"><span class='ocrx_word' id='word_1_120' title='bbox 380 2428 449 2494; x_wconf 84' lang='lat' dir='ltr'><strong>Hae</strong></span> <span class='ocrx_word' id='word_1_121' title='bbox 465 2446 541 2496; x_wconf 90' lang='lat' dir='ltr'><strong>sunt</strong></span> <span class='ocrx_word' id='word_1_122' title='bbox 562 2431 683 2520; x_wconf 88' lang='lat' dir='ltr'><strong>species</strong></span> <span class='ocrx_word' id='word_1_123' title='bbox 706 2430 794 2496; x_wconf 83' lang='lat' dir='ltr'><strong>vocis</strong></span> <span class='ocrx_word' id='word_1_124' title='bbox 816 2427 981 2498; x_wconf 79' lang='lat' dir='ltr'><strong>confusae,</strong></span> <span class='ocrx_word' id='word_1_125' title='bbox 1004 2444 1041 2496; x_wconf 89' lang='lat' dir='ltr'><strong>ut</strong></span> <span class='ocrx_word' id='word_1_126' title='bbox 1064 2430 1224 2495; x_wconf 87' lang='lat' dir='ltr'><strong>maiorum</strong></span> <span class='ocrx_word' id='word_1_127' title='bbox 1245 2440 1359 2491; x_wconf 87' lang='lat' dir='ltr'><strong>aucto·</strong></span> 
     </span>
     <span class='ocr_line' id='line_1_19' title="bbox 335 2525 1358 2624; baseline -0.001 -28"><span class='ocrx_word' id='word_1_128' title='bbox 335 2533 412 2598; x_wconf 89' lang='lat' dir='ltr'><strong>ritas</strong></span> <span class='ocrx_word' id='word_1_129' title='bbox 428 2533 574 2601; x_wconf 87' lang='lat' dir='ltr'><strong>tradidit.</strong></span> <span class='ocrx_word' id='word_1_130' title='bbox 590 2535 675 2600; x_wconf 87' lang='lat' dir='ltr'><strong>Nam</strong></span> <span class='ocrx_word' id='word_1_131' title='bbox 686 2559 760 2624; x_wconf 85' lang='lat' dir='ltr'><strong>apea</strong></span> <span class='ocrx_word' id='word_1_132' title='bbox 769 2535 934 2603; x_wconf 79' lang='lat' dir='ltr'><strong>ambizant</strong></span> <span class='ocrx_word' id='word_1_133' title='bbox 948 2533 1002 2601; x_wconf 86' lang='lat' dir='ltr'><strong>rel</strong></span> <span class='ocrx_word' id='word_1_134' title='bbox 1010 2525 1358 2621; x_wconf 81' lang='lat' dir='ltr'><strong>bombizant,aquilae</strong></span> 
     </span>
     <span class='ocr_line' id='line_1_20' title="bbox 333 2633 1356 2726; baseline -0.004 -26"><span class='ocrx_word' id='word_1_135' title='bbox 333 2635 501 2726; x_wconf 88' lang='lat' dir='ltr'><strong>clangunt,</strong></span> <span class='ocrx_word' id='word_1_136' title='bbox 514 2656 640 2706; x_wconf 81' lang='lat' dir='ltr'><strong>anseres</strong></span> <span class='ocrx_word' id='word_1_137' title='bbox 654 2639 815 2705; x_wconf 85' lang='lat' dir='ltr'><strong>crinciunt</strong></span> <span class='ocrx_word' id='word_1_138' title='bbox 828 2635 880 2707; x_wconf 82' lang='lat' dir='ltr'><strong>vel</strong></span> <span class='ocrx_word' id='word_1_139' title='bbox 894 2639 1057 2722; x_wconf 83' lang='lat' dir='ltr'><strong>trinsiunt,</strong></span> <span class='ocrx_word' id='word_1_140' title='bbox 1067 2661 1141 2706; x_wconf 81' lang='lat' dir='ltr'><strong>aves</strong></span> <span class='ocrx_word' id='word_1_141' title='bbox 1150 2633 1356 2703; x_wconf 85' lang='lat' dir='ltr'><strong>minuarinnt</strong></span> 
     </span>
    </p>
   </div>
   <div class='ocr_carea' id='block_1_2' title="bbox 335 2737 1522 2834">
    <p class='ocr_par' dir='ltr' id='par_1_3' title="bbox 335 2737 1522 2834">
     <span class='ocr_line' id='line_1_21' title="bbox 335 2737 1522 2834; baseline -0.003 -29"><span class='ocrx_word' id='word_1_142' title='bbox 335 2739 387 2806; x_wconf 87' lang='lat' dir='ltr'><strong>vel</strong></span> <span class='ocrx_word' id='word_1_143' title='bbox 398 2758 535 2827; x_wconf 82' lang='lat' dir='ltr'><strong>vernant</strong></span> <span class='ocrx_word' id='word_1_144' title='bbox 549 2739 601 2808; x_wconf 83' lang='lat' dir='ltr'><strong>rel</strong></span> <span class='ocrx_word' id='word_1_145' title='bbox 611 2744 794 2810; x_wconf 84' lang='lat' dir='ltr'><strong>vernicant,</strong></span> <span class='ocrx_word' id='word_1_146' title='bbox 804 2744 977 2834; x_wconf 88' lang='lat' dir='ltr'><strong>accipitres</strong></span> <span class='ocrx_word' id='word_1_147' title='bbox 989 2743 1105 2834; x_wconf 81' lang='lat' dir='ltr'><strong>pipant</strong></span> <span class='ocrx_word' id='word_1_148' title='bbox 1116 2738 1169 2808; x_wconf 85' lang='lat' dir='ltr'><strong>vel</strong></span> <span class='ocrx_word' id='word_1_149' title='bbox 1183 2737 1356 2832; x_wconf 75' lang='lat' dir='ltr'><strong>pipilant*,</strong></span> <span class='ocrx_word' id='word_1_150' title='bbox 1389 2755 1400 2781; x_wconf 85' lang='lat'>⁸</span> <span class='ocrx_word' id='word_1_151' title='bbox 1428 2770 1442 2797; x_wconf 75' lang='lat' dir='ltr'><strong>a</strong></span> <span class='ocrx_word' id='word_1_152' title='bbox 1460 2782 1466 2796; x_wconf 86' lang='lat'><em>·</em></span> <span class='ocrx_word' id='word_1_153' title='bbox 1504 2766 1522 2793; x_wconf 83' lang='grc' dir='ltr'><strong>ι·</strong></span> 
     </span>
    </p>
   </div>
   <div class='ocr_carea' id='block_1_3' title="bbox 325 2830 1426 4197">
    <p class='ocr_par' dir='ltr' id='par_1_4' title="bbox 325 2830 1426 4197">
     <span class='ocr_line' id='line_1_22' title="bbox 331 2830 1426 2934; baseline -0.001 -22"><span class='ocrx_word' id='word_1_154' title='bbox 331 2864 440 2914; x_wconf 83' lang='lat' dir='ltr'><strong>anates</strong></span> <span class='ocrx_word' id='word_1_155' title='bbox 454 2850 658 2934; x_wconf 84' lang='lat' dir='ltr'><strong>teretissant,</strong></span> <span class='ocrx_word' id='word_1_156' title='bbox 679 2850 797 2916; x_wconf 85' lang='lat' dir='ltr'><strong>arietes</strong></span> <span class='ocrx_word' id='word_1_157' title='bbox 813 2849 970 2915; x_wconf 87' lang='lat' dir='ltr'><strong>trissitant</strong></span> <span class='ocrx_word' id='word_1_158' title='bbox 994 2847 1045 2918; x_wconf 85' lang='lat' dir='ltr'><strong>vel</strong></span> <span class='ocrx_word' id='word_1_159' title='bbox 1067 2846 1256 2929; x_wconf 86' lang='lat' dir='ltr'><strong>blaterant,</strong></span> <span class='ocrx_word' id='word_1_160' title='bbox 1275 2845 1357 2911; x_wconf 89' lang='lat' dir='ltr'><strong>asini</strong></span> <span class='ocrx_word' id='word_1_161' title='bbox 1411 2830 1426 2858; x_wconf 71' lang='grc'><strong><em>”</em></strong></span> 
     </span>
     <span class='ocr_line' id='line_1_23' title="bbox 332 2953 1359 3044; baseline 0.003 -27"><span class='ocrx_word' id='word_1_162' title='bbox 332 2953 513 3020; x_wconf 81' lang='lat' dir='ltr'><strong>curantvel</strong></span> <span class='ocrx_word' id='word_1_163' title='bbox 535 2953 690 3022; x_wconf 90' lang='lat' dir='ltr'><strong>rudiunt,</strong></span> <span class='ocrx_word' id='word_1_164' title='bbox 713 2957 785 3044; x_wconf 91' lang='lat' dir='ltr'><strong>apri</strong></span> <span class='ocrx_word' id='word_1_165' title='bbox 806 2953 987 3037; x_wconf 80' lang='lat' dir='ltr'><strong>frendunt,</strong></span> <span class='ocrx_word' id='word_1_166' title='bbox 1006 2977 1097 3018; x_wconf 89' lang='lat' dir='ltr'><strong>arma</strong></span> <span class='ocrx_word' id='word_1_167' title='bbox 1121 2970 1283 3043; x_wconf 87' lang='lat' dir='ltr'><strong>crepant,</strong></span> <span class='ocrx_word' id='word_1_168' title='bbox 1307 2975 1359 3020; x_wconf 82' lang='lat' dir='ltr'><strong>aes</strong></span> 
     </span>
     <span class='ocr_line' id='line_1_24' title="bbox 332 3056 1359 3150; baseline -0.001 -25"><span class='ocrx_word' id='word_1_169' title='bbox 332 3058 449 3126; x_wconf 73' lang='lat' dir='ltr'><strong>tinniit,</strong></span> <span class='ocrx_word' id='word_1_170' title='bbox 465 3057 622 3150; x_wconf 87' lang='lat' dir='ltr'><strong>amphora</strong></span> <span class='ocrx_word' id='word_1_171' title='bbox 636 3059 767 3149; x_wconf 79' lang='lat' dir='ltr'><strong>profusa</strong></span> <span class='ocrx_word' id='word_1_172' title='bbox 787 3059 910 3143; x_wconf 86' lang='lat' dir='ltr'><strong>bilibit,</strong></span> <span class='ocrx_word' id='word_1_173' title='bbox 923 3059 1024 3126; x_wconf 83' lang='lat' dir='ltr'><strong>boves</strong></span> <span class='ocrx_word' id='word_1_174' title='bbox 1039 3060 1190 3149; x_wconf 89' lang='lat' dir='ltr'><strong>mugiunt</strong></span> <span class='ocrx_word' id='word_1_175' title='bbox 1200 3056 1251 3126; x_wconf 86' lang='lat' dir='ltr'><strong>rel</strong></span> <span class='ocrx_word' id='word_1_176' title='bbox 1264 3058 1359 3135; x_wconf 61' lang='lat' dir='ltr'><strong>raboff</strong></span> 
     </span>
     <span class='ocr_line' id='line_1_25' title="bbox 330 3161 1358 3250; baseline 0.001 -22"><span class='ocrx_word' id='word_1_177' title='bbox 330 3180 409 3247; x_wconf 89' lang='lat' dir='ltr'><strong>ant,</strong></span> <span class='ocrx_word' id='word_1_178' title='bbox 430 3165 577 3231; x_wconf 85' lang='lat' dir='ltr'><strong>cornices</strong></span> <span class='ocrx_word' id='word_1_179' title='bbox 600 3165 742 3250; x_wconf 91' lang='lat' dir='ltr'><strong>butant,</strong></span> <span class='ocrx_word' id='word_1_180' title='bbox 771 3167 855 3233; x_wconf 84' lang='lat' dir='ltr'><strong>ciani</strong></span> <span class='ocrx_word' id='word_1_181' title='bbox 877 3164 1056 3234; x_wconf 73' lang='lat' dir='ltr'><strong>desistant,</strong></span> <span class='ocrx_word' id='word_1_182' title='bbox 1087 3163 1220 3232; x_wconf 89' lang='lat' dir='ltr'><strong>cicadae</strong></span> <span class='ocrx_word' id='word_1_183' title='bbox 1247 3161 1358 3231; x_wconf 74' lang='lat' dir='ltr'><strong>fictia-</strong></span> 
     </span>
     <span class='ocr_line' id='line_1_26' title="bbox 331 3266 1358 3360; baseline 0.003 -30"><span class='ocrx_word' id='word_1_184' title='bbox 331 3269 450 3334; x_wconf 88' lang='lat' dir='ltr'><strong>niunt,</strong></span> <span class='ocrx_word' id='word_1_185' title='bbox 470 3268 616 3334; x_wconf 87' lang='lat' dir='ltr'><strong>ciconiae</strong></span> <span class='ocrx_word' id='word_1_186' title='bbox 639 3269 802 3359; x_wconf 82' lang='lat' dir='ltr'><strong>gratulant</strong></span> <span class='ocrx_word' id='word_1_187' title='bbox 825 3268 877 3337; x_wconf 86' lang='lat' dir='ltr'><strong>vel</strong></span> <span class='ocrx_word' id='word_1_188' title='bbox 904 3269 1084 3360; x_wconf 82' lang='lat' dir='ltr'><strong>glottorant</strong></span> <span class='ocrx_word' id='word_1_189' title='bbox 1105 3268 1158 3337; x_wconf 87' lang='lat' dir='ltr'><strong>vel</strong></span> <span class='ocrx_word' id='word_1_190' title='bbox 1180 3266 1358 3350; x_wconf 83' lang='lat' dir='ltr'><strong>critalant,</strong></span> 
     </span>
     <span class='ocr_line' id='line_1_27' title="bbox 327 3374 1357 3466; baseline 0.005 -29"><span class='ocrx_word' id='word_1_191' title='bbox 327 3374 418 3439; x_wconf 86' lang='lat' dir='ltr'><strong>corvi</strong></span> <span class='ocrx_word' id='word_1_192' title='bbox 444 3376 602 3440; x_wconf 89' lang='lat' dir='ltr'><strong>crocitant</strong></span> <span class='ocrx_word' id='word_1_193' title='bbox 625 3375 677 3442; x_wconf 87' lang='lat' dir='ltr'><strong>vel</strong></span> <span class='ocrx_word' id='word_1_194' title='bbox 697 3394 876 3445; x_wconf 91' lang='lat' dir='ltr'><strong>croccant,</strong></span> <span class='ocrx_word' id='word_1_195' title='bbox 901 3400 1019 3466; x_wconf 88' lang='lat' dir='ltr'><strong>caprae</strong></span> <span class='ocrx_word' id='word_1_196' title='bbox 1043 3377 1235 3446; x_wconf 90' lang='lat' dir='ltr'><strong>mucciunt,</strong></span> <span class='ocrx_word' id='word_1_197' title='bbox 1259 3399 1357 3442; x_wconf 87' lang='lat' dir='ltr'><strong>canes</strong></span> 
     </span>
     <span class='ocr_line' id='line_1_28' title="bbox 328 3477 1357 3572; baseline 0.005 -31"><span class='ocrx_word' id='word_1_198' title='bbox 328 3477 517 3544; x_wconf 82' lang='lat' dir='ltr'><strong>baubantur</strong></span> <span class='ocrx_word' id='word_1_199' title='bbox 536 3478 586 3545; x_wconf 79' lang='lat' dir='ltr'><strong>vel</strong></span> <span class='ocrx_word' id='word_1_200' title='bbox 612 3477 733 3547; x_wconf 88' lang='lat' dir='ltr'><strong>latrant</strong></span> <span class='ocrx_word' id='word_1_201' title='bbox 759 3480 810 3548; x_wconf 83' lang='lat' dir='ltr'><strong>vel</strong></span> <span class='ocrx_word' id='word_1_202' title='bbox 838 3483 1022 3572; x_wconf 88' lang='lat' dir='ltr'><strong>ganniunt,</strong></span> <span class='ocrx_word' id='word_1_203' title='bbox 1044 3479 1143 3548; x_wconf 90' lang='lat' dir='ltr'><strong>catuli</strong></span> <span class='ocrx_word' id='word_1_204' title='bbox 1171 3478 1357 3572; x_wconf 83' lang='lat' dir='ltr'><strong>glattilant,</strong></span> 
     </span>
     <span class='ocr_line' id='line_1_29' title="bbox 329 3584 1360 3673; baseline 0.004 -27"><span class='ocrx_word' id='word_1_205' title='bbox 329 3584 417 3648; x_wconf 83' lang='lat' dir='ltr'><strong>cervi</strong></span> <span class='ocrx_word' id='word_1_206' title='bbox 432 3586 586 3673; x_wconf 89' lang='lat' dir='ltr'><strong>rugiunt,</strong></span> <span class='ocrx_word' id='word_1_207' title='bbox 610 3585 756 3653; x_wconf 87' lang='lat' dir='ltr'><strong>citharae</strong></span> <span class='ocrx_word' id='word_1_208' title='bbox 773 3603 891 3654; x_wconf 88' lang='lat' dir='ltr'><strong>sonant</strong></span> <span class='ocrx_word' id='word_1_209' title='bbox 905 3623 915 3653; x_wconf 94' lang='lat'><strong>,</strong></span> <span class='ocrx_word' id='word_1_210' title='bbox 931 3589 1019 3655; x_wconf 90' lang='lat' dir='ltr'><strong>canis</strong></span> <span class='ocrx_word' id='word_1_211' title='bbox 1035 3588 1183 3653; x_wconf 81' lang='lat' dir='ltr'><strong>venatica</strong></span> <span class='ocrx_word' id='word_1_212' title='bbox 1206 3586 1360 3670; x_wconf 88' lang='lat' dir='ltr'><strong>cusnitit,</strong></span> 
     </span>
     <span class='ocr_line' id='line_1_30' title="bbox 330 3684 1356 3783; baseline 0.006 -34"><span class='ocrx_word' id='word_1_213' title='bbox 330 3684 499 3776; x_wconf 88' lang='lat' dir='ltr'><strong>elephanti</strong></span> <span class='ocrx_word' id='word_1_214' title='bbox 521 3688 673 3754; x_wconf 87' lang='lat' dir='ltr'><strong>barriunt</strong></span> <span class='ocrx_word' id='word_1_215' title='bbox 696 3689 746 3757; x_wconf 85' lang='lat' dir='ltr'><strong>vel</strong></span> <span class='ocrx_word' id='word_1_216' title='bbox 771 3689 937 3759; x_wconf 87' lang='lat' dir='ltr'><strong>stridunt,</strong></span> <span class='ocrx_word' id='word_1_217' title='bbox 964 3691 1041 3783; x_wconf 87' lang='lat' dir='ltr'><strong>equi</strong></span> <span class='ocrx_word' id='word_1_218' title='bbox 1062 3691 1241 3774; x_wconf 89' lang='lat' dir='ltr'><strong>hinniunt,</strong></span> <span class='ocrx_word' id='word_1_219' title='bbox 1268 3689 1356 3756; x_wconf 80' lang='lat' dir='ltr'><strong>ferse</strong></span> 
     </span>
     <span class='ocr_line' id='line_1_31' title="bbox 328 3792 1354 3887; baseline 0.007 -34"><span class='ocrx_word' id='word_1_220' title='bbox 328 3792 521 3856; x_wconf 89' lang='lat' dir='ltr'><strong>mussitant,</strong></span> <span class='ocrx_word' id='word_1_221' title='bbox 542 3813 637 3881; x_wconf 90' lang='lat' dir='ltr'><strong>grues</strong></span> <span class='ocrx_word' id='word_1_222' title='bbox 660 3792 828 3886; x_wconf 87' lang='lat' dir='ltr'><strong>gruddant</strong></span> <span class='ocrx_word' id='word_1_223' title='bbox 856 3792 904 3860; x_wconf 85' lang='lat' dir='ltr'><strong>vel</strong></span> <span class='ocrx_word' id='word_1_224' title='bbox 929 3811 1051 3887; x_wconf 88' lang='lat' dir='ltr'><strong>gruunt</strong></span> <span class='ocrx_word' id='word_1_225' title='bbox 1076 3793 1126 3862; x_wconf 86' lang='lat' dir='ltr'><strong>vel</strong></span> <span class='ocrx_word' id='word_1_226' title='bbox 1155 3792 1354 3886; x_wconf 70' lang='lat' dir='ltr'><strong>grugulant,</strong></span> 
     </span>
     <span class='ocr_line' id='line_1_32' title="bbox 327 3893 1357 3992; baseline 0.009 -35"><span class='ocrx_word' id='word_1_227' title='bbox 327 3893 471 3983; x_wconf 85' lang='lat' dir='ltr'><strong>gallinae</strong></span> <span class='ocrx_word' id='word_1_228' title='bbox 489 3895 665 3964; x_wconf 86' lang='lat' dir='ltr'><strong>cacillant,</strong></span> <span class='ocrx_word' id='word_1_229' title='bbox 693 3896 768 3987; x_wconf 88' lang='lat' dir='ltr'><strong>galli</strong></span> <span class='ocrx_word' id='word_1_230' title='bbox 784 3915 917 3965; x_wconf 86' lang='lat' dir='ltr'><strong>cantant</strong></span> <span class='ocrx_word' id='word_1_231' title='bbox 936 3898 987 3965; x_wconf 82' lang='lat' dir='ltr'><strong>vel</strong></span> <span class='ocrx_word' id='word_1_232' title='bbox 1007 3900 1219 3967; x_wconf 84' lang='lat' dir='ltr'><strong>cucurriunt,</strong></span> <span class='ocrx_word' id='word_1_233' title='bbox 1243 3897 1357 3992; x_wconf 83' lang='lat' dir='ltr'><strong>galvae</strong></span> 
     </span>
     <span class='ocr_line' id='line_1_33' title="bbox 326 3993 1355 4093; baseline 0.013 -33"><span class='ocrx_word' id='word_1_234' title='bbox 326 3993 542 4089; x_wconf 82' lang='lat' dir='ltr'><strong>fringilliunt,</strong></span> <span class='ocrx_word' id='word_1_235' title='bbox 561 3998 689 4093; x_wconf 88' lang='lat' dir='ltr'><strong>graculi</strong></span> <span class='ocrx_word' id='word_1_236' title='bbox 709 4002 876 4090; x_wconf 90' lang='lat' dir='ltr'><strong>griciunt,</strong></span> <span class='ocrx_word' id='word_1_237' title='bbox 896 4001 1090 4086; x_wconf 81' lang='lat' dir='ltr'><strong>hirundines</strong></span> <span class='ocrx_word' id='word_1_238' title='bbox 1113 4004 1280 4093; x_wconf 71' lang='lat' dir='ltr'><strong>trutissant</strong></span> <span class='ocrx_word' id='word_1_239' title='bbox 1301 4002 1355 4073; x_wconf 84' lang='lat' dir='ltr'><strong>rel</strong></span> 
     </span>
     <span class='ocr_line' id='line_1_34' title="bbox 325 4104 1355 4197; baseline 0.008 -28"><span class='ocrx_word' id='word_1_240' title='bbox 325 4104 482 4190; x_wconf 85' lang='lat' dir='ltr'><strong>trissant,</strong></span> <span class='ocrx_word' id='word_1_241' title='bbox 502 4104 629 4197; x_wconf 80' lang='lat' dir='ltr'><strong>hyenae</strong></span> <span class='ocrx_word' id='word_1_242' title='bbox 659 4104 829 4192; x_wconf 89' lang='lat' dir='ltr'><strong>hirriunt,</strong></span> <span class='ocrx_word' id='word_1_243' title='bbox 854 4105 954 4177; x_wconf 85' lang='lat' dir='ltr'><strong>haedi</strong></span> <span class='ocrx_word' id='word_1_244' title='bbox 983 4104 1097 4175; x_wconf 86' lang='lat' dir='ltr'><strong>balant</strong></span> <span class='ocrx_word' id='word_1_245' title='bbox 1128 4107 1177 4180; x_wconf 80' lang='lat' dir='ltr'><strong>sel</strong></span> <span class='ocrx_word' id='word_1_246' title='bbox 1204 4110 1355 4196; x_wconf 84' lang='lat' dir='ltr'><strong>bebant,</strong></span> 
     </span>
    </p>
   </div>
   <div class='ocr_carea' id='block_1_4' title="bbox 0 0 1696 5206">
    <p class='ocr_par' dir='ltr' id='par_1_5' title="bbox 0 0 1696 5206">
     <span class='ocr_line' id='line_1_35' title="bbox 0 0 1696 5206; baseline 0 4"><span class='ocrx_word' id='word_1_247' title='bbox 0 0 1696 5206; x_wconf 95' lang='lat' dir='ltr'><strong> </strong></span> 
     </span>
    </p>
   </div>
  </div>
 </body>
</html>
