3382 5206
732 532 875 579 :monn
902 534 932 578 Χ.

615 757 661 830 x.
688 756 754 831 nu
782 756 957 833 vanno,
990 761 1040 857 (ι)

319 905 528 1076 Memini
556 1023 637 1083 mo,
667 1023 751 1068 curn
775 1023 886 1068 essem
905 995 1189 1071 adulescentulus
1210 997 1341 1070 schola·

320 1116 422 1191 ribus
441 1115 567 1191 studiis
588 1116 757 1204 deditus,
778 1115 932 1215 quodam
951 1116 1157 1190 interfuisse
1180 1117 1237 1190 die
1260 1146 1340 1191 eon-

319 1236 444 1309 ventui
472 1235 803 1331 granunaticorum,
831 1234 893 1334 qui
915 1263 990 1307 non
1012 1235 1129 1309 minus
1153 1263 1260 1336 quarn
1279 1236 1339 1308 tri-

321 1355 417 1453 ginta
445 1354 482 1427 in
512 1381 627 1429 unum
654 1354 755 1454 positi
785 1354 822 1425 in
851 1354 952 1429 laude
981 1356 1109 1430 artium
1141 1374 1177 1430 et
1207 1357 1337 1430 decore

323 1472 567 1573 componendo
596 1472 704 1546 multa
732 1475 962 1573 quaesivere,
991 1494 1026 1549 et
1051 1477 1116 1550 hoc
1145 1504 1268 1551 omnes
1289 1505 1340 1549 re·

322 1610 495 1682 ctavere,
527 1595 624 1693 quod
656 1595 746 1667 nihil
779 1594 899 1668 utilius
935 1597 1175 1696 componendi
1211 1611 1301 1669 esset
1328 1654 1336 1683 ‚

320 1740 428 1814 quarn
445 1712 543 1785 verbi
565 1712 675 1800 ratio,
693 1713 793 1787 cuius
814 1714 1040 1814 dispositione
1060 1716 1174 1789 omnis
1192 1714 1342 1788 latinita-

323 1833 366 1905 tis
394 1848 504 1904 status
532 1831 715 1930 perficitur
746 1832 783 1903 in
812 1833 987 1932 positione
1016 1861 1226 1933 quassorum.
1254 1831 1341 1905 Ver·

320 1953 408 2025 bum
433 1950 545 2048 igitur
571 1951 710 2026 duobus
732 1980 773 2024 ex
794 1954 905 2025 modis
927 1970 1092 2042 constat,
1120 1981 1181 2027 ver
1205 1980 1247 2025 ex
1267 1978 1339 2023 ver-

319 2072 404 2145 bere
431 2071 526 2170 quod
552 2070 672 2169 lingua
693 2072 829 2169 gutturi
851 2073 1005 2169 infligit3
1033 2071 1116 2144 bum
1137 2100 1178 2144 ex
1199 2071 1338 2144 bucino

324 2191 419 2293 quod
447 2220 512 2265 von
541 2194 660 2265 reboat
690 2210 754 2268 etc.
785 2193 1104 2288 Querimoniantur
1132 2222 1194 2266 cur
1223 2193 1261 2266 in
1291 2222 1343 2266 or·

322 2312 404 2385 dine
430 2313 620 2385 verborum
639 2313 784 2412 qualitas
805 2314 960 2413 primurn
979 2315 1127 2412 ponitur·
1155 2330 1218 2389 etc.
1246 2314 1344 2387 Indi·

323 2432 457 2505 cativus
483 2433 528 2503 ol)
554 2433 621 2504 hoc
650 2431 812 2520 dicitur,
839 2433 919 2531 quia
946 2451 984 2505 et
1009 2461 1099 2531 quae
1128 2448 1204 2505 acta
1232 2449 1345 2521 sunt,

326 2566 361 2624 et
382 2579 470 2650 quae
490 2567 670 2648 aguntur,
693 2569 729 2621 et
750 2579 840 2650 quae
861 2568 1035 2646 agentur,
1063 2580 1124 2649 per
1154 2552 1270 2648 ipsum
1290 2550 1345 2622 in·

323 2671 513 2759 dicantur,
540 2689 581 2742 ut
602 2669 708 2757 vido,
736 2671 848 2742 vidavi
871 2728 880 2759 ,
900 2671 1026 2743 vitlabo
1049 2690 1114 2747 etc.
1143 2671 1344 2744 lnlinitivus

325 2818 345 2862 a
365 2790 580 2891 quibusdam
602 2791 913 2863 communicativus
933 2792 1109 2864 vocitatur
1130 2810 1195 2865 etc.
1211 2789 1348 2863 Teren·

324 2888 374 2983 tio
395 2911 537 2984 dicente
565 2923 589 2954 “
620 2912 778 2983 curritur
798 2939 816 2981 a
838 2912 956 2983 eastris
988 2968 1011 2998 ‚‚
1039 2929 1104 2986 etc.
1133 2911 1344 2985 Meditativa

325 3029 456 3116 verba,
477 3046 517 3099 ut
537 3029 699 3102 [asturio.
719 3072 745 3083 ·-
766 3027 1070 3128 l'requeutativa,
1099 3048 1138 3103 ut
1164 3056 1241 3102 arno
1263 3029 1347 3102 ami-

324 3164 369 3222 ῑο.
396 3191 422 3203 -·
449 3147 598 3219 Fervere
626 3148 757 3221 dicitur
782 3148 827 3220 de
850 3148 1022 3231 libidine,
1053 3151 1163 3222 calere
1189 3178 1271 3222 vero
1299 3149 1343 3222 de

330 3269 444 3341 calore
475 3268 628 3369 corporis
658 3287 720 3341 etc.

408 3387 685 3484 (loningationes
715 3405 782 3458 tres
809 3405 921 3474 sunt,
949 3388 991 3458 ab
1020 3417 1037 3458 a
1063 3445 1071 3464 ,
1100 3390 1143 3460 ab
1174 3418 1191 3460 e
1217 3446 1226 3474 ‚
1254 3389 1296 3459 ab
1325 3389 1345 3462 i.

327 3506 525 3600 Quaeritur
553 3536 660 3607 quare
693 3508 893 3604 coniugatio
924 3509 999 3580 sit?
1027 3507 1112 3580 ldeo
1142 3509 1343 3605 coniugatio

326 3646 492 3717 vocatur,
521 3630 603 3729 quia
629 3646 698 3700 tota
724 3629 879 3701 latinitas
907 3629 961 3699 his
983 3629 1094 3701 tribus
1123 3629 1232 3702 veluti
1262 3658 1349 3729 quo-

329 3749 409 3820 darn
441 3751 522 3845 iugo
554 3765 798 3822 sustentatur:
825 3748 881 3819 alii
909 3776 989 3820 vero
1021 3765 1161 3849 propter
1189 3749 1351 3822 ordinem

373 4013 411 4085 (ι)
431 4013 503 4065 Citst
519 4013 587 4064 lianc
600 4032 672 4065 suurn
688 4013 860 4083 epitoniorum
875 4021 975 4082 partein
997 4011 1127 4079 Virgilius
1144 4031 1170 4083 p.
1186 4009 1229 4067 36.
1242 4007 1285 4084 57.
1301 4008 1345 4083 59·
