3382 5206
732 587 950 639 columneo,
1264 592 1326 639 Xlll

325 732 402 781 rum
420 707 464 787 ab
482 704 543 779 illo
562 723 947 795 commemoratorum,
966 708 1028 807 qui
1043 734 1126 781 sane
1141 725 1226 781 sunt
1246 708 1354 807 pluri-

327 835 395 929 mi·,
409 833 469 905 sed
489 832 575 933 quia
596 830 763 931 plerique
785 849 869 904 sunt
888 830 991 905 uobis
1010 831 1274 920 obscurissimi,
1296 860 1354 929 pa·

326 983 410 1030 rum
420 955 508 1029 lucis
519 955 700 1028 hactenus
710 953 998 1053 suppeditarunt.
1008 953 1252 1027 Nihilominus
1264 954 1294 1026 is
1304 981 1358 1027 ca·

333 1079 462 1176 talogus
482 1107 501 1151 a
522 1106 579 1152 me
601 1078 819 1179 perscriptus
837 1079 919 1151 lreic
939 1080 1168 1167 recitabitur,
1183 1095 1259 1151 tum
1279 1106 1360 1151 eru.-

334 1204 473 1278 ditionis
496 1203 636 1301 gratia,
656 1229 747 1304 quae
767 1229 838 1276 non
857 1228 984 1302 parum
1005 1220 1056 1276 tot
1075 1201 1281 1275 nominibus
1300 1230 1361 1273 au-

333 1350 431 1431 getur
454 1391 464 1421 ,
491 1349 573 1405 tum
592 1332 708 1406 uthis
727 1330 898 1430 paulatim
916 1358 936 1402 a
956 1329 1152 1403 virentium
1170 1328 1358 1402 doctorum

336 1457 497 1556 indagine
523 1456 685 1557 expensis
716 1515 726 1545 ,
754 1457 970 1554 grammatici
998 1455 1109 1529 nostri
1142 1469 1234 1526 actas
1263 1452 1361 1551 liqui-

332 1585 410 1656 dius
433 1640 444 1670 ,
471 1597 512 1653 ut
538 1608 641 1680 spero
664 1639 673 1668 ,
701 1581 910 1654 innotescat.
930 1580 986 1652 Ac
1006 1580 1120 1679 primo
1141 1579 1259 1653 mirari
1279 1582 1362 1654 licc-

334 1708 385 1780 bit
411 1706 593 1779 recenseri
613 1704 652 1778 in
671 1704 728 1778 his
749 1702 952 1793 Catonem,
975 1701 1191 1778 Ciceronem
1216 1762 1225 1794 ,
1253 1702 1361 1777 Hora-

337 1832 454 1918 tium,
479 1827 704 1915 Lucanum,
730 1825 941 1914 Maecium,
968 1824 1208 1916 Terentium,
1236 1826 1361 1901 Varro-

337 1980 414 2026 nem
438 2009 447 2040 ,
475 1969 583 2052 atque
608 1948 829 2050 Virgilium,
857 1979 1012 2059 quorum
1039 1980 1145 2027 nemo
1172 1956 1288 2026 tamen
1319 1952 1361 2024 ad

339 2077 485 2176 priscam
513 2075 607 2148 illam
636 2075 889 2177 classicumque
923 2091 1071 2152 aetatem
1098 2077 1255 2178 pertinet
1284 2135 1293 2165 ‚
1320 2094 1361 2150 ut

341 2201 491 2300 ipsorum
509 2199 646 2300 prolata
665 2201 770 2272 verba
790 2199 1040 2276 demonstrant
1054 2200 1152 2297 Quid
1174 2201 1286 2297 ergo?
1308 2197 1364 2271 Si-

342 2353 384 2399 ne
405 2326 514 2401 dubio
532 2328 621 2401 haec
640 2326 784 2399 nomina
804 2325 979 2398 adscititia
1005 2343 1092 2400 sunt
1113 2359 1124 2423 3
1153 2355 1194 2401 eo
1220 2353 1367 2427 prorsus

343 2449 440 2523 modo
466 2477 538 2551 quo
566 2449 605 2522 in
633 2444 753 2521 Caroli
780 2446 897 2546 magni
931 2449 1106 2523 academia
1139 2508 1148 2536 ,
1181 2449 1256 2522 duo
1289 2466 1367 2549 post

343 2571 475 2646 saecula
498 2629 508 2660 ,
536 2570 629 2644 lictis
648 2569 852 2643 nominibus
871 2598 949 2644 sese
970 2571 1068 2644 docti
1095 2571 1256 2644 homines
1275 2573 1367 2644 roci-

347 2712 495 2770 terunt:
524 2710 597 2766 erat
625 2693 724 2766 enim
751 2691 901 2767 Carolus
933 2693 1080 2782 David,
1107 2693 1285 2766 Alcuinus
1308 2693 1370 2767 Sa-

345 2820 463 2907 muel,
483 2818 717 2917 Angilbertus
737 2818 938 2908 Homerus,
964 2819 1132 2895 Ricullus
1150 2818 1367 2911 Damoetas,

347 2941 455 3039 regiae
476 2941 615 3040 puellae
638 2940 736 3015 Gisla
756 2940 868 3016 Lucia
891 3000 900 3031 ‚
927 2942 1115 3017 Guntrada
1136 2928 1299 3029 Eulalia,
1326 2969 1371 3013 nc

349 3065 463 3163 plnres
495 3064 707 3140 nominem:
732 3092 840 3165 quem
867 3092 999 3140 morem
1025 3064 1183 3166 lepidum
1211 3063 1370 3138 sodalitia

350 3190 536 3264 doctorum
554 3188 743 3262 hominum
762 3191 888 3264 nescio
910 3189 1093 3292 quomodo
1115 3218 1218 3289 saepe
1239 3189 1374 3261 adama-

350 3331 461 3402 runt,
488 3333 524 3386 et
543 3339 690 3386 romana
711 3328 893 3412 poctarum
912 3314 1066 3387 Arcadia
1087 3313 1193 3386 hodic
1215 3314 1371 3400 retinet,

350 3438 386 3510 in
405 3464 475 3538 qua
493 3454 653 3540 pastores
674 3465 747 3511 non
767 3439 882 3512 solum
902 3438 1046 3511 nomina
1067 3439 1231 3534 lingunt,
1249 3467 1375 3513 verum

352 3564 453 3637 ctiam
476 3562 606 3662 patrias
636 3590 677 3636 ac
704 3565 925 3663 patrimonia.
946 3562 1075 3664 Neque
1105 3581 1159 3636 est
1188 3592 1253 3638 cur
1285 3569 1380 3666 quis-

353 3716 453 3789 quam
472 3686 571 3787 apud
593 3703 758 3761 nostrum
776 3687 971 3786 Virgilium
998 3706 1050 3761 tot
1076 3716 1166 3762 nova
1185 3688 1378 3763 doctorum

352 3813 536 3889 hominum
558 3812 713 3885 miretur
734 3812 968 3887 nominazest
988 3813 1086 3884 enirn
1108 3815 1276 3913 temporis
1290 3842 1383 3888 sum·

354 3967 401 4015 ma
421 3941 584 4017 edacitas
611 3996 620 4026 ,
651 3954 687 4009 ct
708 3966 765 4010 res
786 3939 994 4038 praeteritas
1015 3939 1155 4013 lubrica
1175 3938 1343 4040 inrepens
1374 3998 1382 4026 ,

357 4082 392 4140 ut
408 4068 455 4144 ait
477 4062 639 4171 quidam
665 4060 760 4161 apud
780 4078 950 4137 nostrum
981 4062 1252 4159 grammaticum
1275 4119 1283 4149 ,
1311 4090 1387 4161 rap-
