3382 5206
539 524 604 588 aun
842 540 867 587 s.
894 536 1072 589 tenerum
1097 539 1141 587 rr
1165 537 1207 588 rr

511 653 606 735 po'e‘ts
631 659 662 709 et
685 638 800 708 rhetor
823 642 857 707 in
879 640 970 707 libro
993 663 1091 734 quem
1114 643 1345 731 epigrsmmatu
1368 640 1534 730 praetitu-

508 726 663 818 ls'serats
695 747 835 818 eandem
854 746 1007 818 litteram
1029 748 1081 817 bis
1105 745 1225 816 elisisse
1248 747 1452 837 cognoscitur
1476 743 1532 811 di·
1655 827 1659 839 ι

496 876 587 935 xeens
607 889 654 907 -·
676 877 743 921 uon
767 871 921 943 coeptum
944 869 999 919 rut
1019 868 1178 923 ructum,
1203 876 1269 920 non
1291 851 1349 919 hic
1371 847 1533 917 mutabile

509 958 685 1050 quicquam
708 974 765 1027 est.
788 992 835 1008 -
851 956 934 1025 laen
952 951 1038 1021 iulrs
1059 990 1106 1006 -
1128 953 1299 1022 caelestem
1323 951 1367 1019 sd
1389 954 1532 1043 putrium

507 1060 647 1133 tendens
668 1084 829 1152 cognosce
852 1076 1044 1128 vocantem.
1067 1078 1114 1112 -·'·
1136 1061 1226 1127 Hsec
1258 1056 1374 1127 eudem
1402 1055 1529 1150 syneli-

504 1167 572 1256 pbs
595 1168 743 1236 versibus
777 1163 927 1260 Sibyllae
956 1162 1111 1257 poetridis
1145 1166 1350 1249 continetur,
1377 1165 1533 1255 quaesit

502 1306 550 1328 -··
561 1290 641 1342 tune
664 1274 722 1343 ille
745 1276 869 1343 aeterni
887 1274 1009 1362 species
1022 1271 1247 1363 pulcherrime
1267 1272 1369 1362 regui.
1384 1271 1532 1338 -Pho-

486 1372 560 1447 'css
583 1405 713 1474 quoque
735 1382 963 1473 grammaticus
985 1380 1093 1468 primo
1121 1402 1214 1446 versu
1240 1376 1446 1469 synalipharn
1470 1401 1529 1445 ex·

503 1485 615 1576 prodit
639 1486 752 1553 dicens
774 1521 821 1539 -·
842 1510 894 1552 srs
921 1510 994 1553 mes
1023 1484 1201 1551 multorum
1229 1508 1262 1552 es
1290 1506 1372 1574 quos
1396 1481 1528 1551 saecula

501 1593 610 1685 prisea
633 1591 786 1661 tulerunt.
809 1628 857 1644 -
878 1590 1020 1659 Isidorus
1043 1614 1121 1658 vero
1152 1587 1279 1656 vocales
1303 1588 1388 1657 elisit
1409 1591 1458 1655 ita
1479 1625 1529 1641 -

504 1714 705 1789 argutusque
723 1696 808 1763 inter
831 1694 941 1763 latices
964 1714 995 1762 et
1018 1697 1140 1762 mursica
1163 1694 1281 1761 flsbrn.
1304 1728 1351 1746 -·
1371 1694 1415 1761 Et
1436 1696 1529 1764 Ver·
1632 1755 1635 1762 .

502 1802 600 1895 gilius
622 1802 710 1870 libro
733 1799 806 1868 ·x1·
827 1837 874 1854 ··-
895 1826 1054 1870 oceanum
1080 1805 1205 1870 interea
1236 1825 1371 1892 surgens
1404 1824 1525 1868 rurore

500 1903 645 1998 reliquit.
668 1940 714 1958 -
737 1901 828 1972 Idem
854 1902 941 1972 libro
971 1907 1056 1974 ·v11·
1085 1905 1235 1973 aeneidos
1265 1907 1301 1971 in
1330 1930 1394 1974 uuo
1423 1932 1525 1973 versu

502 2012 646 2102 geminus
680 2008 866 2100 syneliphss
899 2009 951 2076 vel
982 2009 1108 2100 ellipsin
1141 2009 1379 2101 conprehendit
1410 2015 1457 2078 itu
1481 2049 1530 2064 ·-

502 2138 591 2184 nune
611 2132 721 2204 repeto
737 2165 748 2201 ,
766 2113 927 2185 Anchises
945 2114 1084 2185 latorum
1101 2141 1219 2185 arcena
1236 2116 1377 2210 reliquit.
1393 2119 1529 2186 -Scan-
1663 2143 1669 2148 ·

502 2221 594 2287 ditur
615 2224 702 2292 enirn
714 2221 778 2288 boe
799 2221 898 2289 modo
914 2245 1100 2312 nunerepes
1125 2222 1259 2291 ronchi,
1281 2223 1383 2291 sesses
1410 2238 1522 2292 torar,

500 2350 644 2398 esnsres
668 2326 776 2419 liquit
1402 2413 1404 2416 Α

566 2431 634 2503 Sed
657 2431 715 2501 hos
738 2430 818 2500 duos
842 2431 1065 2523 metaplasmos
1088 2457 1183 2523 saepe
1210 2437 1404 2524 ambiguitas
1427 2459 1523 2502 scan-

499 2533 600 2605 dendi
633 2535 841 2604 conturbus,
873 2560 954 2627 quos
990 2536 1062 2604 talis
1096 2537 1300 2608 discretionis
1334 2535 1521 2607 differentis

497 2637 651 2711 dirimit:
678 2642 706 2710 si
727 2643 818 2732 prior
841 2640 962 2709 voculis
989 2643 1206 2732 explodatur·
1238 2646 1299 2713 erit
1320 2643 1519 2738 synelipbs3

495 2750 525 2814 si
555 2748 719 2837 posterior
751 2745 848 2815 suerit
879 2744 1039 2836 explosa,
1067 2751 1129 2815 erit
1161 2748 1314 2840 ellipsis,
1343 2751 1427 2817 sicut
1458 2773 1522 2818 no·

372 2861 376 2907 1
499 2857 628 2923 sissimo
655 2875 751 2922 versu
780 2851 860 2919 libri
882 2876 996 2942 regum
1018 2873 1151 2921 cautum
1173 2854 1294 2948 legitur
1316 2870 1365 2908 '-
1386 2878 1519 2947 purpu-

496 2959 562 3026 reis
588 2958 696 3025 maior
724 2957 897 3025 Persarum
925 2959 960 3024 in
988 2956 1064 3025 sede
1093 2963 1251 3052 tyrannis.
1279 2960 1520 3050 -Vergilius

497 3063 579 3137 item
609 3059 731 3129 libros
765 3083 865 3152 quem
898 3059 1107 3156 poedagogus
1139 3061 1391 3153 praetitulavit»
1426 3066 1521 3130 cuius

495 3169 695 3260 principium
717 3182 835 3233 est-
857 3169 1002 3236 carmina
1030 3172 1056 3238 si
1084 3167 1204 3239 fuerint
1228 3188 1259 3240 te
1281 3168 1389 3238 iudice
1419 3169 1521 3262 digus

496 3274 609 3344 surore
628 3309 676 3328 -
697 3270 854 3341 reddetur
876 3273 989 3340 titulus
1019 3301 1271 3369 purpureusque
1295 3277 1394 3351 nitor.
1415 3312 1463 3330 -·
1484 3276 1520 3344 Si

495 3380 628 3447 minus,
650 3376 788 3444 aestivas
810 3378 932 3469 poteris
964 3378 1160 3449 convolvere
1188 3381 1299 3451 surdas
1319 3397 1442 3447 -sut
1467 3384 1521 3472 pi-

486 3512 547 3580 per
573 3501 628 3552 sut
652 3483 761 3552 calvus
792 3484 873 3552 hine
901 3490 1033 3578 operire
1063 3512 1172 3556 nuces.
1196 3526 1243 3541 -
1263 3488 1433 3583 Syllubsm
1459 3489 1521 3558 eli·

493 3595 538 3661 sit
561 3589 671 3661 dicens
693 3625 739 3641 -
762 3586 883 3656 durum
905 3591 969 3658 iter
1000 3611 1032 3660 et
1062 3596 1148 3661 vitue
1180 3618 1314 3685 mugnus
1343 3592 1448 3663 labor.
1475 3631 1522 3667 -,

494 3697 540 3765 Et
563 3692 684 3764 Arstor
706 3691 925 3762 subdiaconus
947 3696 1055 3786 primo
1081 3722 1172 3767 versu
1197 3699 1402 3767 terminalem
1424 3721 1523 3790 gene·

495 3802 555 3874 tiri
576 3795 738 3892 syllabam
763 3794 916 3888 displodit
931 3796 1043 3868 dicens
1056 3838 1103 3856 -·
1115 3803 1287 3871 moenibus
1301 3802 1434 3871 undosis
1448 3800 1521 3871 bel·

492 3901 602 3977 iorum
631 3899 783 3971 incendia
815 3924 962 3972 cerneus·
984 3905 1097 3975 -Et
1123 3903 1211 3973 infra
1244 3905 1384 3999 elegiaco
1422 3921 1530 3975 versu-

493 4009 731 4085 subiunxit-
751 4008 854 4099 inque
876 4009 1021 4080 humeris
1044 4009 1183 4084 ferimur
1199 4026 1238 4082 ‘te
1258 4009 1424 4082 relerente
1438 4012 1516 4102 piis.
