3382 5206
468 586 537 687 374
813 614 840 659 s.
876 610 1082 659 suuntur

445 714 591 784 Audito,
614 717 699 800 visu,
720 734 835 806 gustu,
865 733 1020 806 tactuque
1046 715 1208 804 placentes
1285 726 1288 731 ’

509 823 679 891 Obiieiens
706 848 834 912 semper
862 820 1001 888 callidus
1026 821 1197 889 illecebras
1215 818 1290 912 (ι)ε

444 928 487 994 Ut
513 952 587 1017 pars
607 930 699 1019 siqua
723 930 801 993 meis
822 926 978 993 membris
1004 926 1087 991 male
1106 927 1199 991 lirum
1223 926 1352 994 vacillet
1369 927 1448 1019 (a),
1503 932 1580 995 105.

510 1034 579 1100 Ceu
602 1033 748 1123 patulum
776 1033 932 1123 populans
955 1035 1053 1100 intret
1078 1033 1163 1099 ovile
1186 1033 1304 1122 lupus;

445 1142 484 1205 Et
508 1141 559 1209 leo
582 1143 712 1208 secretis
742 1140 873 1230 rapidus
896 1157 1088 1229 prorumpat
1112 1141 1153 1206 ab
1184 1142 1304 1226 antris,

509 1249 745 1316 incustoditum
767 1250 791 1314 si
819 1265 905 1338 patet
931 1250 979 1315 ire
1004 1244 1131 1339 pecus(
1155 1246 1180 1336 ).

440 1353 506 1423 Sed
534 1373 588 1438 tu,
617 1372 728 1421 sancte
750 1357 861 1437 Dens,
883 1378 975 1420 sensu
997 1356 1021 1419 si
1049 1354 1148 1421 verba
1169 1352 1378 1444 loquuntur,

509 1463 550 1528 Et
574 1486 639 1527 uon
664 1487 756 1527 mens
776 1458 889 1543 aliud,
917 1459 1029 1550 lingua
1063 1458 1151 1524 aliud
1175 1459 1342 1548 loquitur;
1503 1484 1573 1526 ito.

441 1566 625 1650 Sollicitus,
649 1567 809 1656 cupidus,
833 1565 964 1632 devotus
993 1584 1123 1655 pectore
1151 1582 1182 1630 et
1207 1588 1287 1646 ore,

509 1672 626 1756 Pulso,
645 1692 753 1762 patore
773 1673 870 1751 inbe3
894 1672 956 1738 dai
982 1690 1081 1759 pet05
1102 1694 1225 1761 quaero
1243 1720 1253 1755 ‚
1274 1668 1383 1737 doces

443 1781 514 1863 Qua
531 1775 576 1843 sas
592 1804 723 1869 quaque
740 1779 826 1865 pium
846 1793 916 1859 est,
935 1775 1107 1841 mortalem
1122 1798 1253 1843 noscere
1265 1798 1365 1862 quam
1383 1775 1425 1839 sis

511 1887 719 1977 supplicibus
738 1887 840 1953 facilis
852 1938 861 1970 ‚
879 1904 997 1979 quotve
1009 1886 1170 1977 quibusve
1184 1883 1302 1951 modis.

444 1994 588 2059 Penestis
602 1994 731 2084 ignosce
751 1996 828 2059 meis
842 2015 852 2068 ;
876 1991 1052 2058 levioribus
1069 2007 1142 2056 utor
1502 1993 1572 2056 ssi·

511 2101 615 2183 Quam
630 2101 692 2164 siut
714 2095 872 2163 sactorum
888 2092 1031 2183 pondera
1048 2093 1241 2160 nominibus.

447 2203 647 2270 Criminibus
666 2204 795 2292 ignosce
818 2205 916 2291 magis
932 2224 942 2281 3
970 2202 1038 2265 iam
1053 2202 1167 2268 sentiat
1184 2200 1254 2288 ipse

514 2316 603 2398 Quae
622 2311 703 2376 mibi
726 2309 859 2376 molitur
878 2309 940 2375 tela
959 2307 1067 2376 furens
1090 2308 1252 2375 coluber:

448 2416 557 2507 Seque
571 2419 618 2499 (3)
634 2440 692 2505 per
706 2418 892 2482 innumeros
907 2416 985 2480 escis
1001 2412 1187 2480 fallentibus
1201 2413 1315 2476 hamos

516 2520 689 2609 Captivum
704 2537 858 2602 teneant,
880 2520 925 2584 sic
941 2544 1017 2609 rogo
1031 2570 1041 2603 ‚
1055 2544 1137 2610 quae
1150 2543 1208 2584 sna
1223 2533 1308 2581 sunt.
1504 2539 1576 2585 iao·

444 2626 525 2692 Non
540 2650 656 2691 aurum
670 2649 879 2715 gemmasque
894 2625 992 2690 velim
1004 2675 1014 2708 ‚
1028 2650 1092 2692 non
1108 2625 1187 2690 ditin
1201 2644 1317 2714 regunt

516 2735 721 2820 Regna,1rec
738 2733 907 2798 immensas
930 2757 1008 2821 quas
1028 2732 1128 2796 habet
1142 2729 1230 2798 orbis
1250 2752 1326 2816 opes
1344 2721 1407 2814 (4).

451 2836 526 2899 Non
546 2852 584 2900 ut
602 2835 750 2902 densatos
773 2833 873 2901 fasces
895 2859 1076 2926 curvosque
1097 2856 1225 2900 secures

516 2943 605 3007 Pone
620 2963 737 3031 sequar
752 2938 845 3006 celsis
861 2938 1104 3029 conspiciendus
1126 2938 1228 3027 equis.

449 3049 523 3137 Nou
538 3067 573 3114 ut
587 3048 738 3115 servandi
752 3048 880 3136 signent
897 3074 968 3115 mea
984 3049 1115 3112 nomina
1132 3044 1228 3109 fastus
1245 3047 1316 3126 (5),
1507 3047 1581 3109 125·

519 3154 699 3244 Turbaque
719 3153 880 3221 nobilium
893 3153 1007 3219 limina
1028 3168 1135 3217 nostra
1157 3166 1249 3215 terat.

551 3288 588 3346 (a)
604 3289 659 3335 cod.
676 3289 794 3346 oacrum
810 3302 877 3348 quam
897 3288 1019 3332 lectionem
1039 3288 1059 3329 in
1077 3284 1130 3329 aliis
1146 3298 1240 3344 quoque
1254 3285 1347 3341 seriptis
1363 3283 1472 3327 obseres·

458 3376 510 3409 rnnt
529 3369 616 3410 critici·

536 3474 586 3541 (r)
606 3471 749 3524 Tentatmn
770 3489 797 3524 se
817 3469 897 3522 variis
918 3469 1002 3521 modis
1022 3480 1103 3538 atque
1122 3467 1264 3523 illecebris.
1278 3475 1336 3537 post
1355 3481 1464 3519 conver-

466 3561 565 3613 sionem
579 3562 633 3613 lnte
647 3578 683 3611 sci
693 3560 741 3612 ibit
754 3560 878 3611 Paulinus
891 3557 970 3628 epist.
985 3556 1082 3608 xxlv.
1094 3555 1177 3608 XXX.
1191 3554 1314 3606 XXXIX.
1324 3562 1353 3605 et
1365 3552 1445 3604 alibi.

548 3649 588 3722 (a)
608 3648 646 3699 Ex
666 3647 736 3700 Petri
755 3646 866 3717 apostoli
886 3644 997 3716 epistola
1018 3645 1039 3695 l.
1060 3641 1087 3696 5.

536 3735 576 3808 (3)
597 3737 696 3808 Nempe
715 3738 865 3789 coltsbrum.

537 3824 580 3894 (l)
600 3825 643 3876 Sic
664 3824 782 3895 loquitur
801 3824 927 3877 Paulinus
945 3824 1026 3875 otiam
1045 3820 1123 3892 epist.
1143 3816 1295 3870 xxxvio.
1313 3812 1340 3868 6·

535 3909 581 3980 (5)
603 3912 669 3965 Coit.
687 3913 837 3965 servandis
856 3913 1022 3984 etc.fi1stos·
1043 3909 1093 3962 Sed
1112 3905 1285 3959 certissimam
1303 3895 1474 3955 einendzitio·

452 4015 510 4049 neus
529 3999 628 4053 obtulit
648 4003 711 4054 milii
734 4002 882 4054 imitatione
900 4019 947 4053 sna
961 3997 1114 4053 Orientius.
1134 3994 1182 4064 qui
1201 3992 1306 4044 Paulini
1326 3989 1397 4042 lanne
1418 4009 1476 4044 ver-

452 4101 508 4135 sum
527 4103 608 4156 prope
628 4089 661 4140 al
682 4088 796 4143 litter-nn
811 4089 862 4142 sibi
877 4086 1025 4143 vindicarit
1045 4084 1071 4136 in
1086 4079 1234 4135 commonit.
1257 4078 1303 4132 lib·
1324 4079 1344 4130 1.
1364 4095 1424 4148 esp.
1442 4078 1478 4129 de
