3382 5206
312 618 314 627 Ι
379 521 450 600 108
701 589 703 592 ,
748 546 891 597 senous
918 547 955 595 rr.

349 710 373 747 „
400 671 583 757 tempore,
602 650 738 728 Blastus
758 655 902 755 quidam
927 679 1053 752 genere
1080 651 1197 726 frisius
1230 652 1276 753 (a)
1304 648 1362 723 Iu·

347 830 371 864 „
396 774 464 847 lius
486 772 600 874 (quod
619 773 829 847 vocabulum
838 771 1100 873 Blastiapoetis
1111 770 1241 870 accipit
1256 827 1265 858 ,
1278 771 1361 869 quia

345 947 369 980 „
396 919 507 992 paene
525 890 686 965 homines
716 918 780 992 pro
800 891 907 963 nimia
930 890 1144 962 immanitate
1168 888 1357 976 mandere,

345 1066 370 1101 „
395 1010 491 1112 quod
510 1009 617 1086 Blasti
636 1011 809 1085 dicuntur
826 1012 969 1100 Iacere,
989 1011 1170 1083 videbatur
1185 1010 1219 1109 );
1238 1009 1296 1081 hic
1308 1036 1358 1081 er·

344 1185 369 1220 „
396 1157 439 1229 go
459 1130 727 1231 aseptentrione
749 1132 814 1229 (ex
831 1128 897 1203 hac
917 1130 1048 1229 quippe
1069 1147 1166 1230 parte
1187 1128 1357 1202 oriundus

344 1302 369 1337 „
395 1251 489 1349 erat)
511 1247 683 1338 Romam,
705 1248 963 1322 Germanorum
972 1248 1063 1351 pilii,
1083 1273 1238 1347 quorum
1250 1245 1357 1318 socie·

342 1423 367 1457 „
394 1385 504 1443 tatem
522 1370 780 1470 amicitiamque
799 1369 927 1470 pariter
945 1368 1200 1468 adquisiverat,
1230 1366 1357 1439 satelli-

340 1545 365 1579 „
393 1489 489 1564 tibus
516 1490 694 1565 adiunctis
720 1491 885 1579 veniens,
913 1489 1093 1585 ingentem
1114 1488 1195 1561 urbi
1223 1488 1354 1588 populo

322 1664 365 1717 ¹„
390 1608 554 1710 plebique
574 1610 775 1712 perdicione
794 1637 856 1710 per
871 1609 1025 1683 eundem
1043 1611 1151 1684 lacta:
1171 1609 1207 1680 in
1221 1626 1353 1707 septem

259 1815 268 1843 x
339 1786 364 1819 ,‚
390 1731 567 1833 siquidem
586 1748 706 1805 contra
725 1760 797 1806 sese
818 1731 1043 1805 dimicaturas
1069 1730 1244 1803 civitatem
1269 1729 1354 1804 divi·

338 1903 362 1937 „
390 1847 437 1921 sit
465 1866 599 1950 partes,
631 1867 668 1922 et
694 1849 947 1923 intolerabilem
967 1846 1118 1923 incussit
1137 1846 1293 1947 plagam,
1313 1862 1353 1917 ut

338 2021 363 2056 ,‚
390 1995 502 2067 paene
530 1985 603 2042 tota
635 1969 753 2043 civitas
781 1968 1017 2042 internecioni
1043 1992 1080 2040 se
1108 1967 1257 2055 daret„
1283 1963 1350 2037 llic

334 2102 456 2158 autem
474 2086 559 2162 ordo
571 2115 681 2187 paene
692 2086 800 2161 totius
812 2086 1005 2161 testimonii
1017 2102 1259 2186 praeposterus
1278 2099 1352 2159 est:

333 2230 440 2302 quem
458 2204 700 2279 indifferenter
718 2206 796 2279 ideo
813 2205 1068 2305 relinquimus,
1088 2204 1171 2304 quia
1197 2219 1250 2275 est
1274 2201 1353 2276 uni-

335 2321 466 2422 cuique
486 2323 524 2396 in
542 2340 712 2423 potestate
732 2341 838 2425 prout
855 2323 1003 2396 libuerit
1014 2320 1195 2417 ordinare3
1214 2338 1249 2393 et
1265 2319 1348 2393 huic

214 2438 218 2479 3
334 2440 630 2539 expositiunculae
661 2444 740 2517 finis
771 2444 808 2516 in
841 2445 1000 2544 proximo
1030 2460 1091 2517 est.
1125 2439 1349 2542 Sapientium

318 2575 450 2674 *autem
470 2562 680 2660 scriptorum
709 2580 785 2651 est,
815 2563 912 2636 iuxta
939 2564 1025 2636 haec
1055 2590 1144 2663 quae
1171 2560 1349 2662 proposui·

333 2704 414 2754 mus
433 2680 608 2780 exempla,
628 2676 790 2755 scindere
812 2682 935 2780 phona.
955 2679 1064 2755 Finit.

533 2919 728 2994 INCIPIT
756 2917 914 2996 111.th
943 2915 1147 2994 METRIS.

271 3237 276 3248 ,
378 3069 669 3234 1.Metrorum
689 3161 831 3261 quidem
851 3159 1053 3259 compositio
1074 3159 1261 3233 multifaria
1273 3177 1346 3255 est;

329 3305 401 3352 non
429 3282 535 3371 eninr¹
552 3280 594 3354 ad
616 3281 768 3355 eundem
794 3279 983 3369 ordinem,
1012 3298 1196 3369 naturam,
1223 3307 1347 3354 nume·

328 3422 436 3487 rum,
462 3400 592 3488 finem,
621 3399 738 3473 omnia
769 3398 824 3501 (b)
848 3399 1069 3498 respiciunt:
1100 3415 1344 3472 verumtamen

331 3544 445 3591 unum
471 3546 571 3591 nosse
598 3519 701 3592 debet
725 3519 970 3619 unusquisque
992 3533 1229 3605 cantatorum,
1250 3517 1344 3616 quod

283 3716 288 3726 ‚
329 3636 513 3726 metiatur,
533 3640 570 3711 in
590 3666 812 3740 quacumque
832 3654 1018 3740 pensatum
1038 3637 1154 3736 pliona
1173 3635 1250 3710 sint.
1263 3635 1344 3710 Me·

327 3770 423 3827 trum
449 3785 490 3829 ex
521 3775 612 3831 meta
636 3786 764 3833 nomen
795 3759 955 3857 accepit,
984 3755 1086 3830 euius
1122 3754 1227 3856 pedes
1257 3772 1342 3827 sunt

327 3874 416 3947 dicti
450 3876 545 3949 velut
579 3878 756 3978 quaedam.
788 3878 988 3952 medietates
1021 3901 1216 3965 sonorum,
1252 3903 1342 3975 quae

391 4027 431 4090 (a)
448 4030 502 4077 cod·
517 4032 645 4090 pluraque.
679 4031 719 4095 (t.)
735 4039 843 4075 omrtr'eenr·

707 4096 712 4106 ο

1499 914 1508 953 Ι
