3382 5206
605 594 833 646 crtuutrrct
859 596 904 642 ar
928 592 1092 642 uererer.
1271 580 1328 643 58,

333 706 393 770 tim
415 701 551 766 minime
578 696 807 786 suppeditent,
829 714 863 761 ut
887 694 1078 762 humilitas,
1103 699 1275 781 saturitas,
1294 722 1357 764 ,sa-

330 809 442 889 tietas,
476 806 638 871 varietas,
669 805 854 869 temeritas,
884 800 1032 890 agilitas,
1061 801 1225 870 facilitas>
1248 807 1358 894 graci-

330 912 424 979 litas,
448 911 619 979 celeritas,
645 907 815 974 viriditas,
840 910 1006 990 tenuitas,
1035 906 1223 995 cupiditas,
1250 908 1358 976 stabi-

332 1014 404 1080 litas
416 1053 462 1069 ·-
472 1016 516 1085 Ut
532 1017 672 1103 Prosper
688 1015 722 1078 iu
739 1011 1139 1105 epigrammatibus-lex
1154 1029 1283 1078 aeterna
1297 1012 1358 1080 Dei

330 1121 440 1187 stabili
473 1125 555 1211 regit
579 1122 688 1188 omnia
721 1120 933 1187 nutu-Sic
964 1116 1146 1201 stoliditas,
1169 1120 1355 1207 proceritas.

331 1229 402 1296 Nec
425 1252 491 1294 non
514 1229 613 1294 etiam
643 1225 699 1292 illa
730 1227 863 1293 nomina
889 1248 973 1316 quae
1002 1241 1094 1292 recto
1122 1247 1198 1292 casn
1220 1226 1255 1288 in
1278 1248 1356 1314 pro-

332 1333 543 1402 celeumatico
563 1334 712 1423 superius
738 1333 974 1423 congessimus,
991 1354 1053 1419 per
1073 1332 1260 1421 genetivum
1276 1330 1355 1396 huic

330 1440 406 1530 pedi
436 1438 893 1532 regulariter-aptabuntur,
922 1437 1055 1506 fidicula
1081 1436 1259 1518 fidiculae,
1291 1440 1355 1504 mi-

328 1550 412 1615 seria
443 1549 619 1631 miseriae,
648 1545 811 1613 crucicola
842 1546 920 1629 lae,
952 1544 1082 1636 apicula
1115 1545 1199 1613 lae,
1228 1544 1355 1611 avicula

328 1654 403 1724 lae,
434 1654 601 1721 crucicula
629 1652 688 1721 lae.
715 1657 869 1740 Quamvis
898 1652 1063 1722 luvenalis
1092 1655 1265 1719 auctoritas
1299 1677 1357 1717 va·

329 1760 487 1841 rinverit,
508 1776 543 1824 ut
566 1783 663 1848 supra
685 1758 864 1826 retulimus.
882 1757 1033 1825 Coticula
1054 1782 1147 1827 vero,
1174 1760 1265 1825 cuius
1282 1760 1357 1847 pri-

329 1867 480 1930 mitivum
492 1888 558 1932 cos,
574 1867 687 1954 paconi
705 1866 813 1953 primo
832 1863 1024 1930 adsciscitur
1042 1864 1191 1932 versifico
1209 1864 1249 1932 de
1269 1890 1354 1958 aqua

327 1969 838 2059 contradictinuis-mtmpuntur
855 1970 982 2035 cotibus
999 1994 1163 2037 amnes-.
1180 1969 1235 2037 Sic
1250 1993 1356 2058 paeon

328 2094 462 2168 quartus
486 2075 662 2142 latibulum
689 2075 843 2158 latibuli,
872 2074 1057 2165 patibulum
1088 2075 1352 2165 li,'mauipulus
1403 2159 1406 2165 .

327 2183 376 2266 li,
399 2182 554 2273 puerulus
582 2182 615 2247 li.
645 2181 690 2248 At
716 2207 794 2251 vero
818 2179 1092 2272 proceleumatico
1117 2206 1176 2269 per
1201 2180 1354 2272 obliquos

329 2313 420 2356 cesus
444 2291 631 2378 genetivum
652 2306 683 2354 et
713 2287 894 2354 ablativum
922 2285 1165 2353 accumulantes
1195 2287 1356 2379 adgrega·

328 2396 450 2478 vitnus,
473 2392 515 2458 ad
531 2396 660 2482 paeonis
676 2398 785 2485 quarti
811 2394 1043 2460 documentum
1059 2394 1195 2461 minime
1214 2419 1354 2462 concur-

329 2519 411 2566 rant.
443 2502 556 2566 Verba
589 2519 697 2568 autem
728 2518 795 2566 tam
824 2501 991 2567 indicativi
1023 2524 1121 2590 quam
1153 2501 1352 2567 subiunctivi

329 2607 440 2676 modi,
456 2609 589 2699 quaein
604 2607 880 2696 proceleumatico
894 2605 1190 2697 promulgavimus,
1207 2607 1285 2672 huic
1300 2632 1355 2674 re-

325 2713 420 2804 gulae
440 2718 503 2784 rite
527 2714 726 2781 concordant
750 2717 845 2781 tertia
867 2715 1032 2781 dumtaxat
1051 2739 1210 2803 persona,
1229 2732 1264 2780 ut
1287 2715 1353 2781 bu-

326 2820 416 2888 milio
439 2820 638 2904 humiliant,
660 2823 763 2887 arieto
792 2823 954 2898 arietant,
984 2824 1031 2886 sic
1061 2823 1223 2909 operiunt.
1255 2822 1296 2887 Et
1318 2824 1355 2888 in

327 2928 536 2994 subiunctivo
565 2927 661 2994 modo
682 2926 849 2995 docuerim
868 2928 1060 3010 docuerint,
1077 2928 1252 2994 tumuerim
1270 2931 1353 3012 rint,

326 3035 526 3116 statuerint,
559 3035 732 3121 potuerint.
764 3031 1023 3113 Animadverte,
1050 3055 1193 3122 quaeso,
1221 3032 1356 3120 perple-

327 3163 400 3205 xam
422 3140 579 3204 metricae
601 3139 679 3203 artis
706 3136 944 3203 subtilitatem:
970 3159 1046 3221 nam
1065 3153 1240 3223 patuerunt
1263 3134 1353 3201 iudi·

328 3244 425 3309 cativi
450 3243 537 3310 modi
561 3259 609 3310 cst
633 3245 787 3332 temporis
816 3243 982 3331 praeteriti
1010 3239 1164 3329 perfecti,
1186 3241 1244 3306 ubi
1271 3266 1353 3307 sem·

325 3371 385 3437 per
409 3374 449 3415 ·e·
473 3347 689 3437 producitur,
716 3348 929 3435 stt-pervia
958 3346 1053 3411 divisi
1082 3362 1257 3434 patuerunt
1283 3369 1355 3413 cae·

327 3455 398 3521 rula
422 3452 779 3544 ponti.-·Scanditur
808 3452 937 3540 pervia,
967 3448 1054 3532 divi,
1085 3452 1219 3537 sipatu,
1244 3467 1355 3521 eruut.

328 3562 371 3626 Et
398 3557 590 3624 inira-et
613 3558 721 3624 ieiuna
746 3579 867 3621 novum
893 3573 1088 3622 vomuerunt
1112 3578 1277 3621 marmora
1300 3578 1355 3643 po·

327 3684 409 3732 tum·
427 3702 473 3717 -
494 3661 669 3733 Scanditur
703 3663 787 3728 ctie,
827 3664 978 3737 inuano,
1006 3685 1182 3727 vumvomu
1207 3711 1216 3744 ,
1248 3678 1356 3728 erunt.

328 3770 388 3839 Ast
410 3794 488 3838 vero
518 3786 715 3860 patuerunt,
744 3785 960 3849 vomuerunt,
990 3769 1023 3832 iu
1045 3768 1256 3832 subiunctiro
1282 3789 1357 3834 mo-

331 3875 373 3942 do
405 3892 551 3964 tempore
579 3874 756 3962 praeterito
784 3869 930 3962 perfecto
960 3896 998 3936 ·e·
1023 3895 1152 3961 semper
1178 3870 1241 3936 lisa
1277 3870 1361 3940 delid

327 3981 451 4049 uitione
484 3980 672 4069 corripitur.
699 3991 733 4041 A·
765 3979 875 4045 Dicito
901 3977 1153 4066 participiorum
1182 3975 1358 4066 exemplar.

323 4089 371 4155 M·
399 4085 499 4157 Nulla
535 4087 708 4176 participia
734 4135 745 4170 ,
771 4084 833 4153 uisi
863 4085 1046 4175 praesentis
1079 4100 1206 4152 tantum
1229 4101 1356 4173 tempo·
