3382 5206
682 554 687 562 ⁸
720 589 864 636 ermom
891 590 943 636 ΙΙΙ.
1247 591 1261 635 1
1278 590 1290 634 1
1304 591 1316 634 Ι

331 731 402 778 non
426 719 477 776 est
496 698 758 797 derogandum,
780 701 861 799 quia
882 700 991 800 poetis
1014 700 1154 773 libertas
1181 700 1353 801 quaedam
1416 680 1438 693 „.

332 853 416 898 suos
435 819 670 921 componendi
690 848 806 893 versus
826 849 845 893 a
866 821 1038 894 veteribus
1057 821 1185 895 nostris
1211 822 1354 920 permis-

332 972 367 1016 aa
387 959 458 1036 θεὶς
479 940 540 1012 sed
561 956 679 1011 tamen
700 938 843 1011 indubia
863 940 948 1011 fides
967 939 1022 1011 his
1036 968 1109 1013 non
1126 956 1176 1012 est
1189 940 1352 1012 adhiben-

332 1063 401 1150 da,
421 1062 501 1162 quia
527 1059 732 1132 auctoritate
758 1084 937 1132 canonum
963 1059 1059 1132 nulla
1088 1059 1246 1149 suffulti,
1278 1087 1353 1159 per·

331 1182 477 1257 missum
503 1179 612 1277 magia
647 1177 744 1277 aequi
765 1234 775 1267 ‚
796 1204 903 1277 quarn
931 1178 1127 1278 exemplum
1155 1178 1351 1255 voluerunt.

333 1300 496 1409 Quorum
515 1327 637 1374 versus
658 1298 694 1370 iu
714 1297 869 1371 medium
888 1298 1105 1397 proferimus.

409 1427 444 1518 4.
473 1419 556 1493 Don
570 1418 736 1519 quidem,
756 1417 924 1491 discentis
936 1419 1006 1490 mei
1018 1416 1148 1490 Donati
1168 1443 1353 1514 germanus

333 1543 457 1628 frater,
477 1540 574 1613 hunc
593 1563 734 1609 versum
753 1537 797 1635 (a)
813 1536 998 1636 antiquum
1021 1537 1070 1634 (b)
1098 1536 1133 1607 in
1161 1535 1263 1609 laude
1287 1533 1352 1607 Ar·

332 1689 392 1734 cae
411 1638 502 1757 regis
522 1655 701 1730 Arcadum
723 1656 859 1755 posuit:

459 1776 654 1850 Arcadicus
677 1777 723 1874 (c)
745 1804 806 1848 rex
837 1776 1010 1849 terrificus
1038 1774 1215 1850 laudabilia
1246 1775 1349 1851 laude

408 1895 638 1993 dignissimus.

329 2013 512 2112 Gorgiasus
532 2038 672 2112 quoque
694 2011 730 2084 in
752 2009 1034 2099 commentariis,
1055 2040 1141 2112 quos
1153 2012 1197 2108 de
1210 2013 1282 2086 sole
1299 2013 1350 2087 lu-

328 2162 373 2207 na
397 2133 498 2206 astris
517 2149 551 2205 et
568 2131 758 2232 praecipue
785 2130 872 2203 caeli
892 2159 976 2205 arcu
997 2149 1131 2231 septem
1151 2133 1274 2231 viginti
1292 2161 1349 2206 ve·

328 2255 519 2328 luminibus
539 2252 650 2326 edidit
679 2251 728 2352 (d)
755 2309 765 2341 ‚
796 2252 1050 2352 quadriphonis
1075 2282 1239 2354 persaepe
1265 2283 1350 2329 usus

330 2390 381 2447 eat
404 2373 581 2462 versibus,
609 2399 761 2472 quorum
780 2401 852 2446 uno
873 2390 1011 2447 tantum
1038 2374 1074 2446 in
1102 2374 1272 2475 principio
1291 2403 1350 2474 pc

330 2493 412 2581 sim,
434 2489 581 2590 exempli
599 2507 633 2562 el
651 2518 714 2587 ego
726 2492 855 2589 gratia,
874 2509 963 2568 utar.
983 2490 1084 2566 Dicit
1109 2493 1220 2568 enim:

459 2610 521 2684 Sol
549 2611 718 2684 maximus
748 2611 875 2685 mundi
899 2611 1028 2685 lucifer
1054 2639 1195 2685 omnem
1215 2628 1290 2685 aera
1311 2611 1349 2684 il·
1415 2688 1418 2701 ,

407 2733 530 2804 lustrat
561 2732 699 2830 pariter.

330 2852 464 2925 Horum
483 2853 621 2926 ordines
640 2880 822 2941 versuum,
851 2853 930 2952 quia
956 2879 1029 2924 non
1049 2852 1092 2924 ad
1114 2870 1243 2926 certam
1268 2882 1349 2928 auc·

328 2973 501 3046 toritatem
520 2973 580 3045 sed
600 2972 642 3045 ad
661 2973 842 3046 varietates
860 2973 1077 3071 poeticorum
1097 2989 1267 3047 cantuum
1279 3003 1348 3048 ma·

327 3093 537 3166 nilestandas
567 3093 796 3191 posideum,
821 3090 977 3188 indagari
998 3120 1017 3165 a
1036 3119 1091 3165 me
1112 3121 1253 3167 necesse
1273 3124 1345 3172 nou

329 3230 400 3298 est,
420 3213 623 3310 praesertim
642 3240 725 3284 curn
744 3212 857 3285 omnis
866 3212 929 3311 qui
937 3211 1085 3285 voluerit
1105 3241 1164 3285 eos
1176 3242 1345 3313 pensare,

329 3332 488 3405 facillime
502 3334 619 3408 valcat.
632 3333 807 3406 Nonnulli
818 3333 921 3405 aiunt
931 3332 1025 3432 quod
1036 3362 1246 3435 unoquoque
1259 3365 1348 3434 gres·

329 3482 369 3524 su
396 3453 509 3526 duum
538 3453 669 3553 pedum
690 3453 825 3553 primus
850 3453 1005 3525 elevetur
1034 3470 1069 3526 et
1092 3456 1266 3529 secundus
1295 3457 1346 3529 in-

331 3570 483 3644 clinerur
515 3629 524 3659 ,
555 3570 609 3644 vel
644 3587 685 3644 ut
717 3572 876 3671 proprius
908 3573 1065 3646 solvatur
1095 3572 1221 3646 dicunt
1253 3577 1297 3673 (e)
1334 3634 1343 3664 ‚

330 3707 371 3764 ut
389 3690 496 3788 legit,
517 3691 610 3787 agit,
629 3691 758 3779 nubit,
777 3688 880 3765 radit.
903 3689 975 3763 Sed
995 3720 1060 3766 noe
1080 3692 1231 3767 dicimus
1250 3698 1343 3795 quod

329 3828 466 3885 rectum
491 3839 565 3884 esse
596 3811 788 3902 sentimus,
813 3811 896 3913 quia
922 3840 996 3885 non
1028 3813 1147 3887 minus
1172 3818 1343 3891 secundos

397 4002 436 4072 (ι)
455 4009 510 4054 Cod-
529 4019 595 4052 eruum
613 4023 730 4053 versuum.
778 4005 818 4073 (ir)
837 4009 891 4056 cad·
909 4017 1023 4055 anticum·
1071 4013 1107 4076 (e)
1123 4015 1180 4069 eud,
1197 4017 1338 4065 archadius.

334 4078 373 4148 μ)
388 4086 443 4132 cod.
460 4094 550 4141 sepum
560 4092 693 4130 viventium
705 4085 829 4135 antuman.
864 4080 901 4149 (e)
911 4087 968 4137 cod.
979 4089 1064 4132 dicam·
