<?xml version="1.0" encoding="UTF-8"?>
<!DOCTYPE html PUBLIC "-//W3C//DTD XHTML 1.0 Transitional//EN"
    "http://www.w3.org/TR/xhtml1/DTD/xhtml1-transitional.dtd">
<html xmlns="http://www.w3.org/1999/xhtml" xml:lang="en" lang="en">
 <head>
  <title>
</title>
<meta http-equiv="Content-Type" content="text/html;charset=utf-8" />
  <meta name='ocr-system' content='tesseract 3.04.00' />
  <meta name='ocr-capabilities' content='ocr_page ocr_carea ocr_par ocr_line ocrx_word'/>
</head>
<body>
  <div class='ocr_page' id='page_1' title='image "./classicorumauct00vatigoog_0259.png"; bbox 0 0 3382 5206; ppageno 0'>
   <div class='ocr_carea' id='block_1_1' title="bbox 731 622 959 675">
    <p class='ocr_par' dir='ltr' id='par_1_1' title="bbox 731 622 959 675">
     <span class='ocr_line' id='line_1_1' title="bbox 731 622 959 675; baseline -0.018 0"><span class='ocrx_word' id='word_1_1' title='bbox 731 627 777 675; x_wconf 75' lang='lat' dir='ltr'><strong>Dii</strong></span> <span class='ocrx_word' id='word_1_2' title='bbox 808 622 959 674; x_wconf 75' lang='lat' dir='ltr'><strong>somtttn.</strong></span> 
     </span>
    </p>
   </div>
   <div class='ocr_carea' id='block_1_2' title="bbox 326 729 821 894">
    <p class='ocr_par' dir='ltr' id='par_1_2' title="bbox 326 729 821 894">
     <span class='ocr_line' id='line_1_2' title="bbox 326 729 821 806; baseline -0.004 -20"><span class='ocrx_word' id='word_1_3' title='bbox 326 731 456 806; x_wconf 76' lang='lat' dir='ltr'><strong>predictis</strong></span> <span class='ocrx_word' id='word_1_4' title='bbox 474 729 579 785; x_wconf 82' lang='lat' dir='ltr'><strong>casibus</strong></span> <span class='ocrx_word' id='word_1_5' title='bbox 598 742 625 784; x_wconf 87' lang='lat' dir='ltr'><strong>et</strong></span> <span class='ocrx_word' id='word_1_6' title='bbox 645 731 781 788; x_wconf 79' lang='lat' dir='ltr'><strong>anomale.</strong></span> <span class='ocrx_word' id='word_1_7' title='bbox 793 741 821 784; x_wconf 88' lang='lat' dir='ltr'><strong>et</strong></span> 
     </span>
     <span class='ocr_line' id='line_1_3' title="bbox 326 819 817 894; baseline -0.012 -17"><span class='ocrx_word' id='word_1_8' title='bbox 326 844 379 878; x_wconf 85' lang='lat' dir='ltr'><strong>non</strong></span> <span class='ocrx_word' id='word_1_9' title='bbox 400 823 519 878; x_wconf 81' lang='lat' dir='ltr'><strong>anomale</strong></span> <span class='ocrx_word' id='word_1_10' title='bbox 538 821 693 894; x_wconf 87' lang='lat' dir='ltr'><strong>permissum</strong></span> <span class='ocrx_word' id='word_1_11' title='bbox 714 821 750 874; x_wconf 87' lang='lat' dir='ltr'><strong>sit</strong></span> <span class='ocrx_word' id='word_1_12' title='bbox 770 819 817 872; x_wconf 89' lang='lat' dir='ltr'><strong>de·</strong></span> 
     </span>
    </p>
   </div>
   <div class='ocr_carea' id='block_1_3' title="bbox 326 914 828 3976">
    <p class='ocr_par' dir='ltr' id='par_1_3' title="bbox 326 914 824 3074">
     <span class='ocr_line' id='line_1_4' title="bbox 326 914 821 984; baseline -0.008 -15"><span class='ocrx_word' id='word_1_13' title='bbox 326 918 431 971; x_wconf 81' lang='lat' dir='ltr'><strong>clinari.</strong></span> <span class='ocrx_word' id='word_1_14' title='bbox 460 917 512 970; x_wconf 87' lang='lat' dir='ltr'><strong>Sed</strong></span> <span class='ocrx_word' id='word_1_15' title='bbox 533 915 583 969; x_wconf 87' lang='lat' dir='ltr'><strong>hoc</strong></span> <span class='ocrx_word' id='word_1_16' title='bbox 600 932 693 969; x_wconf 87' lang='lat' dir='ltr'><strong>nomen</strong></span> <span class='ocrx_word' id='word_1_17' title='bbox 713 932 767 984; x_wconf 89' lang='lat' dir='ltr'><strong>qua</strong></span> <span class='ocrx_word' id='word_1_18' title='bbox 788 914 821 965; x_wconf 90' lang='lat' dir='ltr'><strong>de</strong></span> 
     </span>
     <span class='ocr_line' id='line_1_5' title="bbox 328 1001 820 1075; baseline 0.002 -19"><span class='ocrx_word' id='word_1_19' title='bbox 328 1024 408 1060; x_wconf 79' lang='lat' dir='ltr'><strong>causa</strong></span> <span class='ocrx_word' id='word_1_20' title='bbox 421 1007 450 1059; x_wconf 91' lang='lat' dir='ltr'><strong>in</strong></span> <span class='ocrx_word' id='word_1_21' title='bbox 464 1004 625 1075; x_wconf 88' lang='lat' dir='ltr'><strong>supradictis</strong></span> <span class='ocrx_word' id='word_1_22' title='bbox 639 1001 743 1056; x_wconf 87' lang='lat' dir='ltr'><strong>casibus</strong></span> <span class='ocrx_word' id='word_1_23' title='bbox 761 1022 820 1073; x_wconf 89' lang='lat' dir='ltr'><strong>pro·</strong></span> 
     </span>
     <span class='ocr_line' id='line_1_6' title="bbox 328 1091 821 1162; baseline -0.01 -17"><span class='ocrx_word' id='word_1_24' title='bbox 328 1105 385 1162; x_wconf 88' lang='lat' dir='ltr'><strong>pter</strong></span> <span class='ocrx_word' id='word_1_25' title='bbox 403 1102 551 1146; x_wconf 79' lang='lat' dir='ltr'><strong>structuras</strong></span> <span class='ocrx_word' id='word_1_26' title='bbox 563 1092 602 1143; x_wconf 87' lang='lat' dir='ltr'><strong>sic</strong></span> <span class='ocrx_word' id='word_1_27' title='bbox 622 1091 741 1144; x_wconf 83' lang='lat' dir='ltr'><strong>anomale</strong></span> <span class='ocrx_word' id='word_1_28' title='bbox 754 1107 821 1141; x_wconf 87' lang='lat' dir='ltr'><strong>con·</strong></span> 
     </span>
     <span class='ocr_line' id='line_1_7' title="bbox 328 1177 821 1250; baseline -0.006 -18"><span class='ocrx_word' id='word_1_29' title='bbox 328 1183 460 1233; x_wconf 81' lang='lat' dir='ltr'><strong>firmatum</strong></span> <span class='ocrx_word' id='word_1_30' title='bbox 478 1181 516 1234; x_wconf 88' lang='lat' dir='ltr'><strong>sit</strong></span> <span class='ocrx_word' id='word_1_31' title='bbox 540 1179 729 1250; x_wconf 86' lang='lat' dir='ltr'><strong>pronuntiari.</strong></span> <span class='ocrx_word' id='word_1_32' title='bbox 747 1189 774 1231; x_wconf 85' lang='lat' dir='ltr'><strong>et</strong></span> <span class='ocrx_word' id='word_1_33' title='bbox 793 1177 821 1229; x_wconf 89' lang='lat' dir='ltr'><strong>in</strong></span> 
     </span>
     <span class='ocr_line' id='line_1_8' title="bbox 328 1266 821 1321; baseline 0 -2"><span class='ocrx_word' id='word_1_34' title='bbox 328 1269 421 1321; x_wconf 87' lang='lat' dir='ltr'><strong>metris</strong></span> <span class='ocrx_word' id='word_1_35' title='bbox 450 1269 570 1321; x_wconf 74' lang='lat' dir='ltr'><strong>anomale</strong></span> <span class='ocrx_word' id='word_1_36' title='bbox 587 1279 614 1320; x_wconf 90' lang='lat' dir='ltr'><strong>et</strong></span> <span class='ocrx_word' id='word_1_37' title='bbox 632 1285 686 1320; x_wconf 91' lang='lat' dir='ltr'><strong>non</strong></span> <span class='ocrx_word' id='word_1_38' title='bbox 703 1266 821 1321; x_wconf 82' lang='lat' dir='ltr'><strong>snomaie</strong></span> 
     </span>
     <span class='ocr_line' id='line_1_9' title="bbox 331 1355 821 1428; baseline 0 -19"><span class='ocrx_word' id='word_1_39' title='bbox 331 1358 487 1428; x_wconf 81' lang='lat' dir='ltr'><strong>permissum</strong></span> <span class='ocrx_word' id='word_1_40' title='bbox 502 1357 539 1411; x_wconf 87' lang='lat' dir='ltr'><strong>sit</strong></span> <span class='ocrx_word' id='word_1_41' title='bbox 556 1355 701 1414; x_wconf 83' lang='lat' dir='ltr'><strong>declinari.</strong></span> <span class='ocrx_word' id='word_1_42' title='bbox 713 1374 772 1408; x_wconf 91' lang='lat' dir='ltr'><strong>cum</strong></span> <span class='ocrx_word' id='word_1_43' title='bbox 786 1357 821 1409; x_wconf 83' lang='lat' dir='ltr'><strong>od</strong></span> 
     </span>
     <span class='ocr_line' id='line_1_10' title="bbox 329 1443 820 1500; baseline -0.004 -3"><span class='ocrx_word' id='word_1_44' title='bbox 329 1446 459 1500; x_wconf 88' lang='lat' dir='ltr'><strong>rationem</strong></span> <span class='ocrx_word' id='word_1_45' title='bbox 481 1455 624 1499; x_wconf 81' lang='lat' dir='ltr'>metrorum</span> <span class='ocrx_word' id='word_1_46' title='bbox 642 1443 683 1497; x_wconf 85' lang='lat' dir='ltr'><strong>rel</strong></span> <span class='ocrx_word' id='word_1_47' title='bbox 701 1454 820 1497; x_wconf 85' lang='lat' dir='ltr'><strong>structu-</strong></span> 
     </span>
     <span class='ocr_line' id='line_1_11' title="bbox 329 1529 821 1603; baseline -0.002 -20"><span class='ocrx_word' id='word_1_48' title='bbox 329 1550 418 1585; x_wconf 78' lang='lat' dir='ltr'><strong>rarum</strong></span> <span class='ocrx_word' id='word_1_49' title='bbox 434 1532 596 1590; x_wconf 83' lang='lat' dir='ltr'><strong>venerimus,</strong></span> <span class='ocrx_word' id='word_1_50' title='bbox 616 1529 655 1584; x_wconf 88' lang='lat' dir='ltr'><strong>ibi</strong></span> <span class='ocrx_word' id='word_1_51' title='bbox 677 1541 821 1603; x_wconf 83' lang='lat' dir='ltr'><strong>conpeten-</strong></span> 
     </span>
     <span class='ocr_line' id='line_1_12' title="bbox 331 1615 821 1673; baseline -0.008 -1"><span class='ocrx_word' id='word_1_52' title='bbox 331 1629 372 1672; x_wconf 83' lang='lat' dir='ltr'><strong>ter</strong></span> <span class='ocrx_word' id='word_1_53' title='bbox 401 1618 585 1673; x_wconf 76' lang='lat' dir='ltr'><strong>tractabimus.</strong></span> <span class='ocrx_word' id='word_1_54' title='bbox 616 1619 685 1671; x_wconf 84' lang='lat' dir='ltr'><strong>Item</strong></span> <span class='ocrx_word' id='word_1_55' title='bbox 715 1617 742 1670; x_wconf 90' lang='lat' dir='ltr'><strong>in</strong></span> <span class='ocrx_word' id='word_1_56' title='bbox 770 1615 821 1669; x_wconf 85' lang='lat' dir='ltr'><strong>bac</strong></span> 
     </span>
     <span class='ocr_line' id='line_1_13' title="bbox 329 1705 822 1777; baseline 0.002 -20"><span class='ocrx_word' id='word_1_57' title='bbox 329 1707 483 1777; x_wconf 88' lang='lat' dir='ltr'><strong>supradicta</strong></span> <span class='ocrx_word' id='word_1_58' title='bbox 503 1706 587 1761; x_wconf 79' lang='lat' dir='ltr'><strong>forma</strong></span> <span class='ocrx_word' id='word_1_59' title='bbox 609 1705 660 1760; x_wconf 90' lang='lat' dir='ltr'><strong>boc</strong></span> <span class='ocrx_word' id='word_1_60' title='bbox 688 1721 822 1760; x_wconf 84' lang='lat' dir='ltr'><strong>monemus</strong></span> 
     </span>
     <span class='ocr_line' id='line_1_14' title="bbox 329 1793 821 1861; baseline 0 -18"><span class='ocrx_word' id='word_1_61' title='bbox 329 1794 402 1861; x_wconf 83' lang='lat' dir='ltr'><strong>quod</strong></span> <span class='ocrx_word' id='word_1_62' title='bbox 421 1793 471 1847; x_wconf 88' lang='lat' dir='ltr'><strong>huc</strong></span> <span class='ocrx_word' id='word_1_63' title='bbox 495 1812 576 1846; x_wconf 90' lang='lat' dir='ltr'><strong>unum</strong></span> <span class='ocrx_word' id='word_1_64' title='bbox 600 1810 695 1846; x_wconf 88' lang='lat' dir='ltr'><strong>nomen</strong></span> <span class='ocrx_word' id='word_1_65' title='bbox 716 1802 821 1846; x_wconf 81' lang='lat' dir='ltr'><strong>tentum</strong></span> 
     </span>
     <span class='ocr_line' id='line_1_15' title="bbox 332 1879 821 1951; baseline 0.008 -22"><span class='ocrx_word' id='word_1_66' title='bbox 332 1879 359 1931; x_wconf 88' lang='lat' dir='ltr'><strong>id</strong></span> <span class='ocrx_word' id='word_1_67' title='bbox 377 1892 418 1935; x_wconf 84' lang='lat' dir='ltr'><strong>est</strong></span> <span class='ocrx_word' id='word_1_68' title='bbox 434 1881 515 1934; x_wconf 79' lang='lat' dir='ltr'><strong>-fitir</strong></span> <span class='ocrx_word' id='word_1_69' title='bbox 533 1911 549 1923; x_wconf 90' lang='lat'><em>-</em></span> <span class='ocrx_word' id='word_1_70' title='bbox 566 1890 674 1951; x_wconf 89' lang='lat' dir='ltr'><strong>propter</strong></span> <span class='ocrx_word' id='word_1_71' title='bbox 693 1888 775 1932; x_wconf 85' lang='lat' dir='ltr'><strong>metra</strong></span> <span class='ocrx_word' id='word_1_72' title='bbox 793 1889 821 1933; x_wconf 88' lang='lat' dir='ltr'><strong>et</strong></span> 
     </span>
     <span class='ocr_line' id='line_1_16' title="bbox 330 1970 821 2025; baseline -0.002 -3"><span class='ocrx_word' id='word_1_73' title='bbox 330 1981 478 2023; x_wconf 80' lang='lat' dir='ltr'><strong>structuras</strong></span> <span class='ocrx_word' id='word_1_74' title='bbox 496 1971 587 2025; x_wconf 75' lang='lat' dir='ltr'><strong>dativo</strong></span> <span class='ocrx_word' id='word_1_75' title='bbox 605 1982 634 2024; x_wconf 86' lang='lat' dir='ltr'><strong>et</strong></span> <span class='ocrx_word' id='word_1_76' title='bbox 652 1970 770 2023; x_wconf 80' lang='lat' dir='ltr'><strong>ablativo</strong></span> <span class='ocrx_word' id='word_1_77' title='bbox 780 1986 821 2021; x_wconf 83' lang='lat' dir='ltr'><strong>cs·</strong></span> 
     </span>
     <span class='ocr_line' id='line_1_17' title="bbox 331 2057 821 2128; baseline 0.006 -20"><span class='ocrx_word' id='word_1_78' title='bbox 331 2073 361 2108; x_wconf 95' lang='lat' dir='ltr'><strong>su</strong></span> <span class='ocrx_word' id='word_1_79' title='bbox 386 2058 488 2110; x_wconf 90' lang='lat' dir='ltr'><strong>numeri</strong></span> <span class='ocrx_word' id='word_1_80' title='bbox 512 2058 621 2128; x_wconf 81' lang='lat' dir='ltr'><strong>pluralis</strong></span> <span class='ocrx_word' id='word_1_81' title='bbox 640 2059 679 2110; x_wconf 91' lang='lat' dir='ltr'><strong>sic</strong></span> <span class='ocrx_word' id='word_1_82' title='bbox 702 2057 821 2111; x_wconf 83' lang='lat' dir='ltr'><strong>anomale</strong></span> 
     </span>
     <span class='ocr_line' id='line_1_18' title="bbox 332 2144 821 2201; baseline 0.01 -9"><span class='ocrx_word' id='word_1_83' title='bbox 332 2144 506 2197; x_wconf 86' lang='lat' dir='ltr'><strong>corrstrictum</strong></span> <span class='ocrx_word' id='word_1_84' title='bbox 536 2146 572 2198; x_wconf 86' lang='lat' dir='ltr'><strong>sit</strong></span> <span class='ocrx_word' id='word_1_85' title='bbox 603 2145 732 2198; x_wconf 82' lang='lat' dir='ltr'><strong>declinari</strong></span> <span class='ocrx_word' id='word_1_86' title='bbox 756 2179 764 2201; x_wconf 83' lang='lat'><em>.</em></span> <span class='ocrx_word' id='word_1_87' title='bbox 790 2154 821 2197; x_wconf 91' lang='lat' dir='ltr'><strong>ut</strong></span> 
     </span>
     <span class='ocr_line' id='line_1_19' title="bbox 330 2227 820 2293; baseline 0.012 -14"><span class='ocrx_word' id='word_1_88' title='bbox 330 2228 398 2281; x_wconf 88' lang='lat' dir='ltr'><strong>-his</strong></span> <span class='ocrx_word' id='word_1_89' title='bbox 416 2227 540 2286; x_wconf 85' lang='lat' dir='ltr'><strong>filiabus,</strong></span> <span class='ocrx_word' id='word_1_90' title='bbox 558 2228 592 2281; x_wconf 86' lang='lat' dir='ltr'><strong>ab</strong></span> <span class='ocrx_word' id='word_1_91' title='bbox 611 2231 654 2283; x_wconf 89' lang='lat' dir='ltr'><strong>his</strong></span> <span class='ocrx_word' id='word_1_92' title='bbox 672 2229 820 2293; x_wconf 75' lang='lat' dir='ltr'><strong>filiabus-3</strong></span> 
     </span>
     <span class='ocr_line' id='line_1_20' title="bbox 333 2317 822 2386; baseline 0.008 -20"><span class='ocrx_word' id='word_1_93' title='bbox 333 2326 361 2368; x_wconf 86' lang='lat' dir='ltr'><strong>at</strong></span> <span class='ocrx_word' id='word_1_94' title='bbox 378 2334 439 2369; x_wconf 80' lang='lat' dir='ltr'><strong>vero</strong></span> <span class='ocrx_word' id='word_1_95' title='bbox 452 2334 499 2386; x_wconf 82' lang='lat' dir='ltr'><strong>per</strong></span> <span class='ocrx_word' id='word_1_96' title='bbox 519 2327 619 2370; x_wconf 87' lang='lat' dir='ltr'><strong>ceteros</strong></span> <span class='ocrx_word' id='word_1_97' title='bbox 638 2334 716 2370; x_wconf 77' lang='lat' dir='ltr'><strong>cesus</strong></span> <span class='ocrx_word' id='word_1_98' title='bbox 730 2317 765 2369; x_wconf 89' lang='lat' dir='ltr'><strong>ad</strong></span> <span class='ocrx_word' id='word_1_99' title='bbox 778 2334 822 2370; x_wconf 92' lang='lat' dir='ltr'><strong>so·</strong></span> 
     </span>
     <span class='ocr_line' id='line_1_21' title="bbox 333 2405 820 2459; baseline 0.002 -2"><span class='ocrx_word' id='word_1_100' title='bbox 333 2423 395 2457; x_wconf 89' lang='lat' dir='ltr'><strong>num</strong></span> <span class='ocrx_word' id='word_1_101' title='bbox 418 2406 538 2459; x_wconf 75' lang='lat' dir='ltr'><strong>miseriae</strong></span> <span class='ocrx_word' id='word_1_102' title='bbox 562 2405 659 2459; x_wconf 81' lang='lat' dir='ltr'><strong>debeat</strong></span> <span class='ocrx_word' id='word_1_103' title='bbox 682 2406 820 2459; x_wconf 85' lang='lat' dir='ltr'><strong>declinari·</strong></span> 
     </span>
     <span class='ocr_line' id='line_1_22' title="bbox 331 2496 822 2568; baseline 0.01 -20"><span class='ocrx_word' id='word_1_104' title='bbox 331 2496 407 2548; x_wconf 84' lang='lat' dir='ltr'><strong>Nunc</strong></span> <span class='ocrx_word' id='word_1_105' title='bbox 420 2507 448 2549; x_wconf 91' lang='lat' dir='ltr'><strong>et</strong></span> <span class='ocrx_word' id='word_1_106' title='bbox 461 2497 511 2550; x_wconf 87' lang='lat' dir='ltr'><strong>boc</strong></span> <span class='ocrx_word' id='word_1_107' title='bbox 529 2498 711 2568; x_wconf 86' lang='lat' dir='ltr'><strong>supradictum</strong></span> <span class='ocrx_word' id='word_1_108' title='bbox 728 2517 822 2553; x_wconf 85' lang='lat' dir='ltr'><strong>nomen</strong></span> 
     </span>
     <span class='ocr_line' id='line_1_23' title="bbox 330 2586 823 2657; baseline 0.012 -21"><span class='ocrx_word' id='word_1_109' title='bbox 330 2602 384 2654; x_wconf 85' lang='lat' dir='ltr'><strong>qua</strong></span> <span class='ocrx_word' id='word_1_110' title='bbox 403 2586 436 2638; x_wconf 78' lang='lat' dir='ltr'><strong>aie</strong></span> <span class='ocrx_word' id='word_1_111' title='bbox 463 2603 542 2638; x_wconf 82' lang='lat' dir='ltr'><strong>causa</strong></span> <span class='ocrx_word' id='word_1_112' title='bbox 562 2598 669 2657; x_wconf 88' lang='lat' dir='ltr'><strong>propter</strong></span> <span class='ocrx_word' id='word_1_113' title='bbox 686 2599 769 2640; x_wconf 78' lang='lat' dir='ltr'><strong>metra</strong></span> <span class='ocrx_word' id='word_1_114' title='bbox 794 2599 823 2643; x_wconf 90' lang='lat' dir='ltr'><strong>et</strong></span> 
     </span>
     <span class='ocr_line' id='line_1_24' title="bbox 331 2660 823 2746; baseline 0.008 -21"><span class='ocrx_word' id='word_1_115' title='bbox 331 2683 478 2726; x_wconf 87' lang='lat' dir='ltr'><strong>structuras</strong></span> <span class='ocrx_word' id='word_1_116' title='bbox 497 2673 525 2726; x_wconf 89' lang='lat' dir='ltr'><strong>in</strong></span> <span class='ocrx_word' id='word_1_117' title='bbox 543 2660 704 2746; x_wconf 73' lang='lat' dir='ltr'><strong>supridictis</strong></span> <span class='ocrx_word' id='word_1_118' title='bbox 716 2674 823 2729; x_wconf 84' lang='lat' dir='ltr'><strong>casibus</strong></span> 
     </span>
     <span class='ocr_line' id='line_1_25' title="bbox 329 2760 823 2832; baseline 0.01 -22"><span class='ocrx_word' id='word_1_119' title='bbox 329 2760 369 2811; x_wconf 87' lang='lat' dir='ltr'><strong>sic</strong></span> <span class='ocrx_word' id='word_1_120' title='bbox 387 2761 505 2814; x_wconf 72' lang='lat' dir='ltr'><strong>anomale</strong></span> <span class='ocrx_word' id='word_1_121' title='bbox 523 2762 726 2832; x_wconf 86' lang='lat' dir='ltr'><strong>pronuntietur.</strong></span> <span class='ocrx_word' id='word_1_122' title='bbox 741 2763 823 2816; x_wconf 84' lang='lat' dir='ltr'><strong>etiam</strong></span> 
     </span>
     <span class='ocr_line' id='line_1_26' title="bbox 333 2847 824 2904; baseline 0.01 -5"><span class='ocrx_word' id='word_1_123' title='bbox 333 2847 382 2902; x_wconf 89' lang='lat' dir='ltr'><strong>boc</strong></span> <span class='ocrx_word' id='word_1_124' title='bbox 402 2849 430 2902; x_wconf 88' lang='lat' dir='ltr'><strong>in</strong></span> <span class='ocrx_word' id='word_1_125' title='bbox 443 2850 546 2903; x_wconf 84' lang='lat' dir='ltr'><strong>ratione</strong></span> <span class='ocrx_word' id='word_1_126' title='bbox 559 2861 701 2904; x_wconf 82' lang='lat' dir='ltr'><strong>metrorum</strong></span> <span class='ocrx_word' id='word_1_127' title='bbox 714 2862 741 2904; x_wconf 87' lang='lat' dir='ltr'><strong>et</strong></span> <span class='ocrx_word' id='word_1_128' title='bbox 757 2860 824 2904; x_wconf 88' lang='lat' dir='ltr'><strong>stru·</strong></span> 
     </span>
     <span class='ocr_line' id='line_1_27' title="bbox 333 2936 824 3007; baseline 0.01 -22"><span class='ocrx_word' id='word_1_129' title='bbox 333 2946 466 2988; x_wconf 82' lang='lat' dir='ltr'><strong>cturarum</strong></span> <span class='ocrx_word' id='word_1_130' title='bbox 497 2946 667 3007; x_wconf 82' lang='lat' dir='ltr'><strong>conpetenter</strong></span> <span class='ocrx_word' id='word_1_131' title='bbox 692 2936 824 2992; x_wconf 85' lang='lat' dir='ltr'><strong>tractabi-</strong></span> 
     </span>
     <span class='ocr_line' id='line_1_28' title="bbox 334 3019 432 3074; baseline -0.031 -2"><span class='ocrx_word' id='word_1_132' title='bbox 334 3019 432 3074; x_wconf 91' lang='lat' dir='ltr'><strong>bimus.</strong></span> 
     </span>
    </p>

    <p class='ocr_par' dir='ltr' id='par_1_4' title="bbox 332 3108 828 3976">
     <span class='ocr_line' id='line_1_29' title="bbox 372 3108 824 3180; baseline 0.007 -20"><span class='ocrx_word' id='word_1_133' title='bbox 372 3110 440 3162; x_wconf 84' lang='lat' dir='ltr'><strong>Sane</strong></span> <span class='ocrx_word' id='word_1_134' title='bbox 467 3109 495 3163; x_wconf 89' lang='lat' dir='ltr'><strong>in</strong></span> <span class='ocrx_word' id='word_1_135' title='bbox 518 3109 569 3163; x_wconf 82' lang='lat' dir='ltr'><strong>boc</strong></span> <span class='ocrx_word' id='word_1_136' title='bbox 590 3108 673 3164; x_wconf 72' lang='lat' dir='ltr'><strong>forms</strong></span> <span class='ocrx_word' id='word_1_137' title='bbox 686 3146 693 3167; x_wconf 89' lang='lat'>.</span> <span class='ocrx_word' id='word_1_138' title='bbox 707 3129 761 3180; x_wconf 86' lang='lat' dir='ltr'><strong>qua</strong></span> <span class='ocrx_word' id='word_1_139' title='bbox 779 3111 824 3163; x_wconf 89' lang='lat' dir='ltr'><strong>di·</strong></span> 
     </span>
     <span class='ocr_line' id='line_1_30' title="bbox 338 3195 825 3263; baseline 0.008 -17"><span class='ocrx_word' id='word_1_140' title='bbox 338 3195 447 3252; x_wconf 79' lang='lat' dir='ltr'><strong>ximus.</strong></span> <span class='ocrx_word' id='word_1_141' title='bbox 474 3197 575 3263; x_wconf 77' lang='lat' dir='ltr'><strong>generis</strong></span> <span class='ocrx_word' id='word_1_142' title='bbox 601 3196 720 3251; x_wconf 74' lang='lat' dir='ltr'><strong>feminini</strong></span> <span class='ocrx_word' id='word_1_143' title='bbox 740 3199 825 3252; x_wconf 90' lang='lat' dir='ltr'><strong>nomi·</strong></span> 
     </span>
     <span class='ocr_line' id='line_1_31' title="bbox 334 3282 827 3353; baseline 0.01 -20"><span class='ocrx_word' id='word_1_144' title='bbox 334 3300 368 3334; x_wconf 82' lang='lat' dir='ltr'><strong>na</strong></span> <span class='ocrx_word' id='word_1_145' title='bbox 388 3282 507 3336; x_wconf 81' lang='lat' dir='ltr'><strong>ablativo</strong></span> <span class='ocrx_word' id='word_1_146' title='bbox 525 3301 587 3337; x_wconf 82' lang='lat' dir='ltr'><strong>casu</strong></span> <span class='ocrx_word' id='word_1_147' title='bbox 611 3285 714 3338; x_wconf 90' lang='lat' dir='ltr'><strong>numeri</strong></span> <span class='ocrx_word' id='word_1_148' title='bbox 732 3285 827 3353; x_wconf 75' lang='lat' dir='ltr'><strong>singu-</strong></span> 
     </span>
     <span class='ocr_line' id='line_1_32' title="bbox 333 3370 825 3431; baseline 0.016 -10"><span class='ocrx_word' id='word_1_149' title='bbox 333 3370 394 3424; x_wconf 86' lang='lat' dir='ltr'><strong>laris</strong></span> <span class='ocrx_word' id='word_1_150' title='bbox 415 3389 450 3422; x_wconf 89' lang='lat' dir='ltr'><strong>·a·</strong></span> <span class='ocrx_word' id='word_1_151' title='bbox 470 3373 559 3426; x_wconf 80' lang='lat' dir='ltr'><strong>littera</strong></span> <span class='ocrx_word' id='word_1_152' title='bbox 579 3374 768 3431; x_wconf 80' lang='lat' dir='ltr'><strong>terminari‚et</strong></span> <span class='ocrx_word' id='word_1_153' title='bbox 780 3394 825 3429; x_wconf 90' lang='lat' dir='ltr'><strong>no-</strong></span> 
     </span>
     <span class='ocr_line' id='line_1_33' title="bbox 335 3461 826 3531; baseline 0.014 -22"><span class='ocrx_word' id='word_1_154' title='bbox 335 3461 463 3514; x_wconf 77' lang='lat' dir='ltr'><strong>minativo</strong></span> <span class='ocrx_word' id='word_1_155' title='bbox 482 3479 545 3514; x_wconf 86' lang='lat' dir='ltr'><strong>casu</strong></span> <span class='ocrx_word' id='word_1_156' title='bbox 565 3464 664 3516; x_wconf 86' lang='lat' dir='ltr'><strong>numeri</strong></span> <span class='ocrx_word' id='word_1_157' title='bbox 686 3463 826 3531; x_wconf 74' lang='lat' dir='ltr'><strong>singularis</strong></span> 
     </span>
     <span class='ocr_line' id='line_1_34' title="bbox 336 3547 826 3620; baseline 0.006 -22"><span class='ocrx_word' id='word_1_158' title='bbox 336 3547 382 3599; x_wconf 86' lang='lat' dir='ltr'><strong>·ia·</strong></span> <span class='ocrx_word' id='word_1_159' title='bbox 407 3549 505 3602; x_wconf 86' lang='lat' dir='ltr'><strong>litteris</strong></span> <span class='ocrx_word' id='word_1_160' title='bbox 531 3550 637 3603; x_wconf 81' lang='lat' dir='ltr'><strong>definiri</strong></span> <span class='ocrx_word' id='word_1_161' title='bbox 658 3587 665 3608; x_wconf 87' lang='lat'>‚</span> <span class='ocrx_word' id='word_1_162' title='bbox 687 3552 826 3620; x_wconf 76' lang='lat' dir='ltr'><strong>quaeritur</strong></span> 
     </span>
     <span class='ocr_line' id='line_1_35' title="bbox 335 3637 825 3708; baseline 0.01 -20"><span class='ocrx_word' id='word_1_163' title='bbox 335 3637 369 3689; x_wconf 86' lang='lat' dir='ltr'><strong>ab</strong></span> <span class='ocrx_word' id='word_1_164' title='bbox 388 3657 418 3692; x_wconf 88' lang='lat' dir='ltr'><strong>eo</strong></span> <span class='ocrx_word' id='word_1_165' title='bbox 432 3639 504 3708; x_wconf 81' lang='lat' dir='ltr'><strong>quod</strong></span> <span class='ocrx_word' id='word_1_166' title='bbox 519 3640 591 3692; x_wconf 81' lang='lat' dir='ltr'><strong>dixit</strong></span> <span class='ocrx_word' id='word_1_167' title='bbox 604 3640 744 3694; x_wconf 81' lang='lat' dir='ltr'><strong>Sallustius</strong></span> <span class='ocrx_word' id='word_1_168' title='bbox 756 3641 825 3693; x_wconf 91' lang='lat' dir='ltr'><strong>-bo·</strong></span> 
     </span>
     <span class='ocr_line' id='line_1_36' title="bbox 335 3726 825 3795; baseline 0.014 -20"><span class='ocrx_word' id='word_1_169' title='bbox 335 3742 377 3779; x_wconf 86' lang='lat' dir='ltr'><strong>mo</strong></span> <span class='ocrx_word' id='word_1_170' title='bbox 396 3726 519 3778; x_wconf 76' lang='lat' dir='ltr'><strong>militaris</strong></span> <span class='ocrx_word' id='word_1_171' title='bbox 538 3755 552 3765; x_wconf 95' lang='lat'>-</span> <span class='ocrx_word' id='word_1_172' title='bbox 571 3745 625 3795; x_wconf 86' lang='lat' dir='ltr'><strong>qua</strong></span> <span class='ocrx_word' id='word_1_173' title='bbox 642 3729 676 3781; x_wconf 83' lang='lat' dir='ltr'><strong>de</strong></span> <span class='ocrx_word' id='word_1_174' title='bbox 695 3745 774 3781; x_wconf 87' lang='lat' dir='ltr'><strong>causa</strong></span> <span class='ocrx_word' id='word_1_175' title='bbox 798 3729 825 3782; x_wconf 88' lang='lat' dir='ltr'><strong>in</strong></span> 
     </span>
     <span class='ocr_line' id='line_1_37' title="bbox 334 3815 826 3880; baseline 0.01 -13"><span class='ocrx_word' id='word_1_176' title='bbox 334 3833 425 3880; x_wconf 73' lang='lat' dir='ltr'><strong>genere</strong></span> <span class='ocrx_word' id='word_1_177' title='bbox 446 3815 573 3869; x_wconf 77' lang='lat' dir='ltr'><strong>feminino</strong></span> <span class='ocrx_word' id='word_1_178' title='bbox 592 3836 644 3870; x_wconf 87' lang='lat' dir='ltr'><strong>nou</strong></span> <span class='ocrx_word' id='word_1_179' title='bbox 661 3817 743 3871; x_wconf 83' lang='lat' dir='ltr'><strong>faciat</strong></span> <span class='ocrx_word' id='word_1_180' title='bbox 761 3819 826 3872; x_wconf 80' lang='lat' dir='ltr'><strong>hoec</strong></span> 
     </span>
     <span class='ocr_line' id='line_1_38' title="bbox 332 3900 828 3976; baseline 0.014 -23"><span class='ocrx_word' id='word_1_181' title='bbox 332 3902 459 3955; x_wconf 79' lang='lat' dir='ltr'><strong>militaria</strong></span> <span class='ocrx_word' id='word_1_182' title='bbox 481 3900 493 3955; x_wconf 75' lang='lat' dir='ltr'><strong>i</strong></span> <span class='ocrx_word' id='word_1_183' title='bbox 522 3904 572 3955; x_wconf 81' lang='lat' dir='ltr'><strong>bac</strong></span> <span class='ocrx_word' id='word_1_184' title='bbox 595 3905 629 3957; x_wconf 87' lang='lat' dir='ltr'><strong>de</strong></span> <span class='ocrx_word' id='word_1_185' title='bbox 655 3923 735 3959; x_wconf 83' lang='lat' dir='ltr'><strong>csuss</strong></span> <span class='ocrx_word' id='word_1_186' title='bbox 759 3925 828 3976; x_wconf 91' lang='lat' dir='ltr'><strong>quo-</strong></span> 
     </span>
    </p>
   </div>
   <div class='ocr_carea' id='block_1_4' title="bbox 872 622 1378 3968">
    <p class='ocr_par' dir='ltr' id='par_1_5' title="bbox 872 622 1378 3968">
     <span class='ocr_line' id='line_1_39' title="bbox 1271 622 1334 697; baseline 0 0"><span class='ocrx_word' id='word_1_187' title='bbox 1271 622 1334 697; x_wconf 83' lang='lat'><strong>¹97</strong></span> 
     </span>
     <span class='ocr_line' id='line_1_40' title="bbox 875 726 1371 801; baseline 0.004 -20"><span class='ocrx_word' id='word_1_188' title='bbox 875 729 947 782; x_wconf 76' lang='lat' dir='ltr'><strong>niam</strong></span> <span class='ocrx_word' id='word_1_189' title='bbox 966 744 1149 801; x_wconf 79' lang='lat' dir='ltr'><strong>quaecumque</strong></span> <span class='ocrx_word' id='word_1_190' title='bbox 1166 726 1297 786; x_wconf 72' lang='lat' dir='ltr'><strong>vocabolo</strong></span> <span class='ocrx_word' id='word_1_191' title='bbox 1310 745 1371 783; x_wconf 84' lang='lat' dir='ltr'><strong>nsa-</strong></span> 
     </span>
     <span class='ocr_line' id='line_1_41' title="bbox 876 816 1370 873; baseline -0.002 -3"><span class='ocrx_word' id='word_1_192' title='bbox 876 818 979 871; x_wconf 83' lang='lat' dir='ltr'><strong>sculins</strong></span> <span class='ocrx_word' id='word_1_193' title='bbox 997 818 1162 873; x_wconf 75' lang='lat' dir='ltr'><strong>nominetivo</strong></span> <span class='ocrx_word' id='word_1_194' title='bbox 1185 835 1248 872; x_wconf 84' lang='lat' dir='ltr'><strong>cssu</strong></span> <span class='ocrx_word' id='word_1_195' title='bbox 1266 816 1370 871; x_wconf 89' lang='lat' dir='ltr'><strong>numeri</strong></span> 
     </span>
     <span class='ocr_line' id='line_1_42' title="bbox 875 903 1372 973; baseline -0.002 -16"><span class='ocrx_word' id='word_1_196' title='bbox 875 904 1016 973; x_wconf 74' lang='lat' dir='ltr'><strong>singularis</strong></span> <span class='ocrx_word' id='word_1_197' title='bbox 1037 907 1081 959; x_wconf 91' lang='lat' dir='ltr'><strong>·is·</strong></span> <span class='ocrx_word' id='word_1_198' title='bbox 1100 905 1198 960; x_wconf 82' lang='lat' dir='ltr'><strong>titteris</strong></span> <span class='ocrx_word' id='word_1_199' title='bbox 1212 903 1372 959; x_wconf 84' lang='lat' dir='ltr'><strong>concludun-</strong></span> 
     </span>
     <span class='ocr_line' id='line_1_43' title="bbox 878 988 1369 1062; baseline -0.006 -19"><span class='ocrx_word' id='word_1_200' title='bbox 878 1000 921 1043; x_wconf 91' lang='lat' dir='ltr'><strong>tur</strong></span> <span class='ocrx_word' id='word_1_201' title='bbox 941 1027 949 1047; x_wconf 88' lang='lat'><em>,</em></span> <span class='ocrx_word' id='word_1_202' title='bbox 968 1002 1046 1045; x_wconf 83' lang='lat' dir='ltr'><strong>etex</strong></span> <span class='ocrx_word' id='word_1_203' title='bbox 1065 1009 1114 1044; x_wconf 90' lang='lat' dir='ltr'><strong>sua</strong></span> <span class='ocrx_word' id='word_1_204' title='bbox 1132 991 1221 1062; x_wconf 84' lang='lat' dir='ltr'><strong>specie</strong></span> <span class='ocrx_word' id='word_1_205' title='bbox 1239 988 1369 1045; x_wconf 83' lang='lat' dir='ltr'><strong>vocabula</strong></span> 
     </span>
     <span class='ocr_line' id='line_1_44' title="bbox 878 1074 1372 1150; baseline 0.008 -24"><span class='ocrx_word' id='word_1_206' title='bbox 878 1075 1005 1131; x_wconf 77' lang='lat' dir='ltr'><strong>feminina</strong></span> <span class='ocrx_word' id='word_1_207' title='bbox 1032 1076 1116 1131; x_wconf 86' lang='lat' dir='ltr'><strong>iacere</strong></span> <span class='ocrx_word' id='word_1_208' title='bbox 1139 1088 1276 1150; x_wconf 87' lang='lat' dir='ltr'><strong>possunt.</strong></span> <span class='ocrx_word' id='word_1_209' title='bbox 1305 1074 1372 1130; x_wconf 76' lang='lat' dir='ltr'><strong>brec</strong></span> 
     </span>
     <span class='ocr_line' id='line_1_45' title="bbox 876 1164 1371 1219; baseline -0.002 -1"><span class='ocrx_word' id='word_1_210' title='bbox 876 1166 968 1218; x_wconf 83' lang='lat' dir='ltr'><strong>eudem</strong></span> <span class='ocrx_word' id='word_1_211' title='bbox 986 1164 1115 1219; x_wconf 80' lang='lat' dir='ltr'><strong>vocabula</strong></span> <span class='ocrx_word' id='word_1_212' title='bbox 1137 1165 1265 1219; x_wconf 75' lang='lat' dir='ltr'><strong>feminino</strong></span> <span class='ocrx_word' id='word_1_213' title='bbox 1285 1164 1371 1218; x_wconf 86' lang='lat' dir='ltr'><strong>nomi-</strong></span> 
     </span>
     <span class='ocr_line' id='line_1_46' title="bbox 876 1250 1367 1321; baseline -0.008 -13"><span class='ocrx_word' id='word_1_214' title='bbox 876 1255 967 1308; x_wconf 85' lang='lat' dir='ltr'><strong>nativo</strong></span> <span class='ocrx_word' id='word_1_215' title='bbox 980 1270 1043 1306; x_wconf 81' lang='lat' dir='ltr'><strong>casu</strong></span> <span class='ocrx_word' id='word_1_216' title='bbox 1056 1252 1159 1306; x_wconf 90' lang='lat' dir='ltr'><strong>numeri</strong></span> <span class='ocrx_word' id='word_1_217' title='bbox 1170 1250 1311 1321; x_wconf 72' lang='lat' dir='ltr'><strong>singularis</strong></span> <span class='ocrx_word' id='word_1_218' title='bbox 1322 1267 1367 1304; x_wconf 87' lang='lat' dir='ltr'><strong>·ts·</strong></span> 
     </span>
     <span class='ocr_line' id='line_1_47' title="bbox 875 1342 1370 1400; baseline -0.006 -4"><span class='ocrx_word' id='word_1_219' title='bbox 875 1344 971 1398; x_wconf 85' lang='lat' dir='ltr'><strong>litteris</strong></span> <span class='ocrx_word' id='word_1_220' title='bbox 983 1343 1164 1400; x_wconf 84' lang='lat' dir='ltr'><strong>definiuntur.</strong></span> <span class='ocrx_word' id='word_1_221' title='bbox 1181 1354 1209 1396; x_wconf 90' lang='lat' dir='ltr'><strong>et</strong></span> <span class='ocrx_word' id='word_1_222' title='bbox 1225 1342 1370 1396; x_wconf 88' lang='lat' dir='ltr'><strong>communis</strong></span> 
     </span>
     <span class='ocr_line' id='line_1_48' title="bbox 874 1429 1371 1502; baseline -0.012 -15"><span class='ocrx_word' id='word_1_223' title='bbox 874 1434 975 1502; x_wconf 81' lang='lat' dir='ltr'><strong>generis</strong></span> <span class='ocrx_word' id='word_1_224' title='bbox 1000 1450 1058 1488; x_wconf 88' lang='lat' dir='ltr'><strong>esse</strong></span> <span class='ocrx_word' id='word_1_225' title='bbox 1089 1429 1371 1502; x_wconf 62' lang='lat' dir='ltr'><strong>pronuntiaremus</strong></span> 
     </span>
     <span class='ocr_line' id='line_1_49' title="bbox 876 1514 1368 1576; baseline -0.018 -1"><span class='ocrx_word' id='word_1_226' title='bbox 876 1523 935 1576; x_wconf 90' lang='lat' dir='ltr'><strong>ideo</strong></span> <span class='ocrx_word' id='word_1_227' title='bbox 945 1522 1011 1576; x_wconf 77' lang='lat' dir='ltr'><strong>hoec</strong></span> <span class='ocrx_word' id='word_1_228' title='bbox 1024 1519 1151 1573; x_wconf 72' lang='lat' dir='ltr'><strong>militaria</strong></span> <span class='ocrx_word' id='word_1_229' title='bbox 1162 1516 1307 1571; x_wconf 88' lang='lat' dir='ltr'><strong>secundum</strong></span> <span class='ocrx_word' id='word_1_230' title='bbox 1315 1514 1368 1567; x_wconf 75' lang='lat' dir='ltr'><strong>Sal·</strong></span> 
     </span>
     <span class='ocr_line' id='line_1_50' title="bbox 876 1606 1371 1684; baseline -0.008 -17"><span class='ocrx_word' id='word_1_231' title='bbox 876 1615 940 1668; x_wconf 85' lang='lat' dir='ltr'><strong>iusti</strong></span> <span class='ocrx_word' id='word_1_232' title='bbox 957 1613 998 1684; x_wconf 81' lang='lat' dir='ltr'><strong>(r)</strong></span> <span class='ocrx_word' id='word_1_233' title='bbox 1013 1610 1257 1683; x_wconf 75' lang='lat' dir='ltr'><strong>pronuntietiooem</strong></span> <span class='ocrx_word' id='word_1_234' title='bbox 1286 1606 1371 1663; x_wconf 77' lang='lat' dir='ltr'><strong>tacere</strong></span> 
     </span>
     <span class='ocr_line' id='line_1_51' title="bbox 873 1699 1364 1773; baseline -0.004 -20"><span class='ocrx_word' id='word_1_235' title='bbox 873 1699 1039 1772; x_wconf 83' lang='lat' dir='ltr'><strong>prohibetur.</strong></span> <span class='ocrx_word' id='word_1_236' title='bbox 1360 1766 1364 1773; x_wconf 33' lang='lat'>¹</span> 
     </span>
     <span class='ocr_line' id='line_1_52' title="bbox 908 1783 1371 1859; baseline -0.004 -18"><span class='ocrx_word' id='word_1_237' title='bbox 908 1791 975 1842; x_wconf 84' lang='lat' dir='ltr'><strong>Item</strong></span> <span class='ocrx_word' id='word_1_238' title='bbox 996 1788 1024 1842; x_wconf 92' lang='lat' dir='ltr'><strong>in</strong></span> <span class='ocrx_word' id='word_1_239' title='bbox 1054 1787 1106 1841; x_wconf 85' lang='lat' dir='ltr'><strong>bac</strong></span> <span class='ocrx_word' id='word_1_240' title='bbox 1130 1786 1284 1859; x_wconf 78' lang='lat' dir='ltr'><strong>supradicta</strong></span> <span class='ocrx_word' id='word_1_241' title='bbox 1314 1783 1371 1840; x_wconf 79' lang='lat' dir='ltr'><strong>ior-</strong></span> 
     </span>
     <span class='ocr_line' id='line_1_53' title="bbox 873 1878 1372 1949; baseline 0.002 -17"><span class='ocrx_word' id='word_1_242' title='bbox 873 1897 914 1932; x_wconf 82' lang='lat' dir='ltr'><strong>mr</strong></span> <span class='ocrx_word' id='word_1_243' title='bbox 934 1879 1089 1949; x_wconf 68' lang='lat' dir='ltr'><strong>quaeritur,</strong></span> <span class='ocrx_word' id='word_1_244' title='bbox 1107 1895 1163 1947; x_wconf 84' lang='lat' dir='ltr'><strong>qua</strong></span> <span class='ocrx_word' id='word_1_245' title='bbox 1180 1878 1213 1931; x_wconf 87' lang='lat' dir='ltr'><strong>de</strong></span> <span class='ocrx_word' id='word_1_246' title='bbox 1231 1895 1311 1932; x_wconf 80' lang='lat' dir='ltr'><strong>causa</strong></span> <span class='ocrx_word' id='word_1_247' title='bbox 1325 1894 1372 1933; x_wconf 85' lang='lat' dir='ltr'><strong>no·</strong></span> 
     </span>
     <span class='ocr_line' id='line_1_54' title="bbox 874 1965 1374 2022; baseline -0.002 -2"><span class='ocrx_word' id='word_1_248' title='bbox 874 1967 946 2021; x_wconf 90' lang='lat' dir='ltr'><strong>mina</strong></span> <span class='ocrx_word' id='word_1_249' title='bbox 967 1968 995 2021; x_wconf 91' lang='lat' dir='ltr'><strong>in</strong></span> <span class='ocrx_word' id='word_1_250' title='bbox 1014 1966 1108 2022; x_wconf 83' lang='lat' dir='ltr'><strong>dativo</strong></span> <span class='ocrx_word' id='word_1_251' title='bbox 1133 1977 1161 2021; x_wconf 86' lang='lat' dir='ltr'><strong>et</strong></span> <span class='ocrx_word' id='word_1_252' title='bbox 1186 1965 1305 2021; x_wconf 76' lang='lat' dir='ltr'><strong>ablativo</strong></span> <span class='ocrx_word' id='word_1_253' title='bbox 1330 1984 1374 2019; x_wconf 82' lang='lat' dir='ltr'><strong>cs·</strong></span> 
     </span>
     <span class='ocr_line' id='line_1_55' title="bbox 873 2051 1373 2126; baseline -0.004 -18"><span class='ocrx_word' id='word_1_254' title='bbox 873 2072 906 2108; x_wconf 90' lang='lat' dir='ltr'><strong>su</strong></span> <span class='ocrx_word' id='word_1_255' title='bbox 934 2056 1037 2109; x_wconf 89' lang='lat' dir='ltr'><strong>numeri</strong></span> <span class='ocrx_word' id='word_1_256' title='bbox 1071 2051 1182 2126; x_wconf 71' lang='lat' dir='ltr'><strong>ploretis</strong></span> <span class='ocrx_word' id='word_1_257' title='bbox 1217 2064 1279 2107; x_wconf 76' lang='lat' dir='ltr'><strong>ente</strong></span> <span class='ocrx_word' id='word_1_258' title='bbox 1304 2053 1373 2107; x_wconf 90' lang='lat' dir='ltr'><strong>nlti-</strong></span> 
     </span>
     <span class='ocr_line' id='line_1_56' title="bbox 872 2143 1371 2216; baseline 0.004 -19"><span class='ocrx_word' id='word_1_259' title='bbox 872 2163 940 2198; x_wconf 82' lang='lat' dir='ltr'><strong>msm</strong></span> <span class='ocrx_word' id='word_1_260' title='bbox 960 2156 1146 2200; x_wconf 83' lang='lat' dir='ltr'><strong>consonantem</strong></span> <span class='ocrx_word' id='word_1_261' title='bbox 1172 2161 1218 2216; x_wconf 81' lang='lat' dir='ltr'><strong>per</strong></span> <span class='ocrx_word' id='word_1_262' title='bbox 1245 2144 1313 2199; x_wconf 78' lang='lat' dir='ltr'><strong>dues</strong></span> <span class='ocrx_word' id='word_1_263' title='bbox 1340 2143 1371 2198; x_wconf 69' lang='grc' dir='ltr'><strong>οἱ·</strong></span> 
     </span>
     <span class='ocr_line' id='line_1_57' title="bbox 873 2229 1374 2288; baseline -0.008 0"><span class='ocrx_word' id='word_1_264' title='bbox 873 2236 977 2288; x_wconf 82' lang='lat' dir='ltr'><strong>litteras</strong></span> <span class='ocrx_word' id='word_1_265' title='bbox 1003 2232 1155 2287; x_wconf 82' lang='lat' dir='ltr'><strong>scribantur</strong></span> <span class='ocrx_word' id='word_1_266' title='bbox 1170 2229 1183 2284; x_wconf 78' lang='lat' dir='ltr'><strong>i</strong></span> <span class='ocrx_word' id='word_1_267' title='bbox 1200 2232 1250 2286; x_wconf 80' lang='lat' dir='ltr'><strong>bac</strong></span> <span class='ocrx_word' id='word_1_268' title='bbox 1269 2232 1374 2285; x_wconf 76' lang='lat' dir='ltr'><strong>decru-</strong></span> 
     </span>
     <span class='ocr_line' id='line_1_58' title="bbox 873 2321 1374 2394; baseline -0.01 -16"><span class='ocrx_word' id='word_1_269' title='bbox 873 2343 904 2379; x_wconf 80' lang='lat' dir='ltr'><strong>se</strong></span> <span class='ocrx_word' id='word_1_270' title='bbox 923 2322 1052 2394; x_wconf 78' lang='lat' dir='ltr'><strong>quoniam</strong></span> <span class='ocrx_word' id='word_1_271' title='bbox 1077 2338 1261 2393; x_wconf 85' lang='lat' dir='ltr'><strong>quaecumque</strong></span> <span class='ocrx_word' id='word_1_272' title='bbox 1283 2321 1374 2376; x_wconf 88' lang='lat' dir='ltr'><strong>nomi-</strong></span> 
     </span>
     <span class='ocr_line' id='line_1_59' title="bbox 876 2408 1373 2465; baseline -0.004 -1"><span class='ocrx_word' id='word_1_273' title='bbox 876 2428 911 2465; x_wconf 82' lang='lat' dir='ltr'><strong>ns</strong></span> <span class='ocrx_word' id='word_1_274' title='bbox 938 2408 1056 2464; x_wconf 83' lang='lat' dir='ltr'><strong>ablativo</strong></span> <span class='ocrx_word' id='word_1_275' title='bbox 1083 2426 1146 2463; x_wconf 76' lang='lat' dir='ltr'><strong>casu</strong></span> <span class='ocrx_word' id='word_1_276' title='bbox 1176 2408 1279 2463; x_wconf 86' lang='lat' dir='ltr'><strong>numeri</strong></span> <span class='ocrx_word' id='word_1_277' title='bbox 1312 2408 1373 2462; x_wconf 89' lang='lat' dir='ltr'><strong>sin·</strong></span> 
     </span>
     <span class='ocr_line' id='line_1_60' title="bbox 876 2496 1369 2567; baseline -0.002 -18"><span class='ocrx_word' id='word_1_278' title='bbox 876 2496 975 2567; x_wconf 71' lang='lat' dir='ltr'><strong>guiaris</strong></span> <span class='ocrx_word' id='word_1_279' title='bbox 994 2513 1030 2548; x_wconf 82' lang='lat' dir='ltr'><strong>·s·</strong></span> <span class='ocrx_word' id='word_1_280' title='bbox 1058 2497 1150 2551; x_wconf 81' lang='lat' dir='ltr'><strong>litters</strong></span> <span class='ocrx_word' id='word_1_281' title='bbox 1169 2496 1369 2550; x_wconf 83' lang='lat' dir='ltr'><strong>terminantur.</strong></span> 
     </span>
     <span class='ocr_line' id='line_1_61' title="bbox 875 2583 1372 2639; baseline -0.002 -1"><span class='ocrx_word' id='word_1_282' title='bbox 875 2584 942 2639; x_wconf 84' lang='lat' dir='ltr'><strong>baec</strong></span> <span class='ocrx_word' id='word_1_283' title='bbox 968 2585 1061 2639; x_wconf 79' lang='lat' dir='ltr'><strong>dativo</strong></span> <span class='ocrx_word' id='word_1_284' title='bbox 1088 2584 1131 2638; x_wconf 82' lang='lat' dir='ltr'><strong>rel</strong></span> <span class='ocrx_word' id='word_1_285' title='bbox 1161 2583 1280 2638; x_wconf 67' lang='lat' dir='ltr'><strong>ablativo</strong></span> <span class='ocrx_word' id='word_1_286' title='bbox 1309 2599 1372 2637; x_wconf 77' lang='lat' dir='ltr'><strong>casn</strong></span> 
     </span>
     <span class='ocr_line' id='line_1_62' title="bbox 876 2669 1373 2744; baseline -0.006 -17"><span class='ocrx_word' id='word_1_287' title='bbox 876 2674 978 2728; x_wconf 88' lang='lat' dir='ltr'><strong>numeri</strong></span> <span class='ocrx_word' id='word_1_288' title='bbox 992 2673 1101 2744; x_wconf 82' lang='lat' dir='ltr'><strong>pluralis</strong></span> <span class='ocrx_word' id='word_1_289' title='bbox 1118 2691 1178 2726; x_wconf 88' lang='lat' dir='ltr'><strong>cum</strong></span> <span class='ocrx_word' id='word_1_290' title='bbox 1196 2672 1288 2727; x_wconf 82' lang='lat' dir='ltr'><strong>codem</strong></span> <span class='ocrx_word' id='word_1_291' title='bbox 1302 2669 1373 2725; x_wconf 82' lang='lat' dir='ltr'><strong>abis·</strong></span> 
     </span>
     <span class='ocr_line' id='line_1_63' title="bbox 877 2760 1371 2832; baseline -0.004 -17"><span class='ocrx_word' id='word_1_292' title='bbox 877 2763 934 2816; x_wconf 89' lang='lat' dir='ltr'><strong>tiro</strong></span> <span class='ocrx_word' id='word_1_293' title='bbox 952 2779 1015 2816; x_wconf 87' lang='lat' dir='ltr'><strong>casu</strong></span> <span class='ocrx_word' id='word_1_294' title='bbox 1035 2761 1137 2815; x_wconf 88' lang='lat' dir='ltr'><strong>numeri</strong></span> <span class='ocrx_word' id='word_1_295' title='bbox 1157 2760 1301 2829; x_wconf 79' lang='lat' dir='ltr'><strong>singularis</strong></span> <span class='ocrx_word' id='word_1_296' title='bbox 1319 2778 1371 2832; x_wconf 83' lang='lat' dir='ltr'><strong>pa-</strong></span> 
     </span>
     <span class='ocr_line' id='line_1_64' title="bbox 876 2846 1372 2918; baseline -0.002 -15"><span class='ocrx_word' id='word_1_297' title='bbox 876 2853 898 2903; x_wconf 93' lang='lat' dir='ltr'><strong>ri</strong></span> <span class='ocrx_word' id='word_1_298' title='bbox 930 2867 1040 2904; x_wconf 84' lang='lat' dir='ltr'><strong>numero</strong></span> <span class='ocrx_word' id='word_1_299' title='bbox 1069 2846 1231 2917; x_wconf 81' lang='lat' dir='ltr'><strong>syllabarum</strong></span> <span class='ocrx_word' id='word_1_300' title='bbox 1264 2856 1372 2918; x_wconf 83' lang='lat' dir='ltr'><strong>oportet</strong></span> 
     </span>
     <span class='ocr_line' id='line_1_65' title="bbox 878 2935 1373 3010; baseline -0.004 -19"><span class='ocrx_word' id='word_1_301' title='bbox 878 2938 1058 3010; x_wconf 75' lang='lat' dir='ltr'><strong>pronuntiari.</strong></span> <span class='ocrx_word' id='word_1_302' title='bbox 1075 2938 1152 2991; x_wconf 73' lang='lat' dir='ltr'><strong>Nunc</strong></span> <span class='ocrx_word' id='word_1_303' title='bbox 1162 2935 1213 2990; x_wconf 88' lang='lat' dir='ltr'><strong>boc</strong></span> <span class='ocrx_word' id='word_1_304' title='bbox 1223 2953 1373 2994; x_wconf 82' lang='lat' dir='ltr'><strong>monemus.</strong></span> 
     </span>
     <span class='ocr_line' id='line_1_66' title="bbox 877 3021 1374 3091; baseline -0.002 -14"><span class='ocrx_word' id='word_1_305' title='bbox 877 3025 906 3078; x_wconf 89' lang='lat' dir='ltr'><strong>in</strong></span> <span class='ocrx_word' id='word_1_306' title='bbox 933 3025 984 3078; x_wconf 82' lang='lat' dir='ltr'><strong>has</strong></span> <span class='ocrx_word' id='word_1_307' title='bbox 1011 3023 1095 3078; x_wconf 76' lang='lat' dir='ltr'><strong>forma</strong></span> <span class='ocrx_word' id='word_1_308' title='bbox 1121 3024 1224 3091; x_wconf 68' lang='lat' dir='ltr'><strong>generis</strong></span> <span class='ocrx_word' id='word_1_309' title='bbox 1248 3021 1374 3077; x_wconf 78' lang='lat' dir='ltr'><strong>feminini</strong></span> 
     </span>
     <span class='ocr_line' id='line_1_67' title="bbox 877 3111 1375 3184; baseline 0.002 -19"><span class='ocrx_word' id='word_1_310' title='bbox 877 3131 933 3184; x_wconf 81' lang='lat' dir='ltr'><strong>qus</strong></span> <span class='ocrx_word' id='word_1_311' title='bbox 956 3111 1074 3166; x_wconf 81' lang='lat' dir='ltr'><strong>diximus</strong></span> <span class='ocrx_word' id='word_1_312' title='bbox 1097 3112 1216 3167; x_wconf 75' lang='lat' dir='ltr'><strong>ablativo</strong></span> <span class='ocrx_word' id='word_1_313' title='bbox 1241 3131 1303 3168; x_wconf 85' lang='lat' dir='ltr'><strong>essu</strong></span> <span class='ocrx_word' id='word_1_314' title='bbox 1322 3131 1375 3168; x_wconf 89' lang='lat' dir='ltr'><strong>nn·</strong></span> 
     </span>
     <span class='ocr_line' id='line_1_68' title="bbox 880 3201 1374 3271; baseline 0.01 -16"><span class='ocrx_word' id='word_1_315' title='bbox 880 3204 945 3257; x_wconf 88' lang='lat' dir='ltr'><strong>meri</strong></span> <span class='ocrx_word' id='word_1_316' title='bbox 961 3201 1104 3271; x_wconf 74' lang='lat' dir='ltr'><strong>singularis</strong></span> <span class='ocrx_word' id='word_1_317' title='bbox 1118 3206 1227 3259; x_wconf 79' lang='lat' dir='ltr'><strong>nomine</strong></span> <span class='ocrx_word' id='word_1_318' title='bbox 1248 3222 1285 3257; x_wconf 82' lang='grc' dir='ltr'><em>ϊ</em></span> <span class='ocrx_word' id='word_1_319' title='bbox 1303 3203 1374 3260; x_wconf 82' lang='lat' dir='ltr'><strong>litte·</strong></span> 
     </span>
     <span class='ocr_line' id='line_1_69' title="bbox 877 3289 1375 3348; baseline 0.002 -6"><span class='ocrx_word' id='word_1_320' title='bbox 877 3307 907 3343; x_wconf 83' lang='lat' dir='ltr'><strong>rs</strong></span> <span class='ocrx_word' id='word_1_321' title='bbox 927 3289 1081 3348; x_wconf 81' lang='lat' dir='ltr'><strong>terminari.</strong></span> <span class='ocrx_word' id='word_1_322' title='bbox 1100 3301 1128 3344; x_wconf 86' lang='lat' dir='ltr'><strong>et</strong></span> <span class='ocrx_word' id='word_1_323' title='bbox 1142 3290 1308 3345; x_wconf 78' lang='lat' dir='ltr'><strong>nominetiro</strong></span> <span class='ocrx_word' id='word_1_324' title='bbox 1326 3307 1375 3344; x_wconf 82' lang='lat' dir='ltr'><strong>cs-</strong></span> 
     </span>
     <span class='ocr_line' id='line_1_70' title="bbox 879 3376 1373 3445; baseline 0.004 -12"><span class='ocrx_word' id='word_1_325' title='bbox 879 3397 911 3433; x_wconf 89' lang='lat' dir='ltr'><strong>su</strong></span> <span class='ocrx_word' id='word_1_326' title='bbox 931 3377 1033 3430; x_wconf 88' lang='lat' dir='ltr'><strong>numeri</strong></span> <span class='ocrx_word' id='word_1_327' title='bbox 1051 3376 1196 3445; x_wconf 71' lang='lat' dir='ltr'><strong>singulsris</strong></span> <span class='ocrx_word' id='word_1_328' title='bbox 1209 3379 1258 3431; x_wconf 83' lang='lat' dir='ltr'><strong>·is·</strong></span> <span class='ocrx_word' id='word_1_329' title='bbox 1272 3376 1373 3435; x_wconf 81' lang='lat' dir='ltr'><strong>litteris</strong></span> 
     </span>
     <span class='ocr_line' id='line_1_71' title="bbox 884 3464 1377 3537; baseline 0.004 -18"><span class='ocrx_word' id='word_1_330' title='bbox 884 3464 1007 3521; x_wconf 81' lang='lat' dir='ltr'><strong>definiri.</strong></span> <span class='ocrx_word' id='word_1_331' title='bbox 1034 3465 1107 3534; x_wconf 85' lang='lat' dir='ltr'><strong>quod</strong></span> <span class='ocrx_word' id='word_1_332' title='bbox 1124 3482 1158 3519; x_wconf 83' lang='lat' dir='ltr'><strong>ex</strong></span> <span class='ocrx_word' id='word_1_333' title='bbox 1175 3482 1206 3519; x_wconf 84' lang='lat' dir='ltr'><strong>es</strong></span> <span class='ocrx_word' id='word_1_334' title='bbox 1225 3465 1312 3537; x_wconf 66' lang='lat' dir='ltr'><strong>ptura</strong></span> <span class='ocrx_word' id='word_1_335' title='bbox 1329 3483 1377 3521; x_wconf 89' lang='lat' dir='ltr'><strong>so-</strong></span> 
     </span>
     <span class='ocr_line' id='line_1_72' title="bbox 881 3551 1376 3624; baseline 0.008 -17"><span class='ocrx_word' id='word_1_336' title='bbox 881 3554 911 3607; x_wconf 92' lang='lat' dir='ltr'><strong>ni</strong></span> <span class='ocrx_word' id='word_1_337' title='bbox 934 3589 943 3609; x_wconf 85' lang='lat'><strong>‚</strong></span> <span class='ocrx_word' id='word_1_338' title='bbox 967 3551 1019 3606; x_wconf 87' lang='lat' dir='ltr'><strong>boc</strong></span> <span class='ocrx_word' id='word_1_339' title='bbox 1050 3563 1091 3607; x_wconf 90' lang='lat' dir='ltr'><strong>est</strong></span> <span class='ocrx_word' id='word_1_340' title='bbox 1125 3553 1238 3624; x_wconf 75' lang='lat' dir='ltr'><strong>plurime</strong></span> <span class='ocrx_word' id='word_1_341' title='bbox 1267 3554 1376 3611; x_wconf 76' lang='lat' dir='ltr'><strong>nomine</strong></span> 
     </span>
     <span class='ocr_line' id='line_1_73' title="bbox 881 3640 1376 3715; baseline 0.006 -19"><span class='ocrx_word' id='word_1_342' title='bbox 881 3642 986 3715; x_wconf 89' lang='lat' dir='ltr'><strong>possint</strong></span> <span class='ocrx_word' id='word_1_343' title='bbox 999 3640 1127 3695; x_wconf 80' lang='lat' dir='ltr'><strong>exbiberi</strong></span> <span class='ocrx_word' id='word_1_344' title='bbox 1142 3644 1182 3695; x_wconf 84' lang='lat' dir='ltr'><strong>De</strong></span> <span class='ocrx_word' id='word_1_345' title='bbox 1201 3642 1284 3697; x_wconf 81' lang='lat' dir='ltr'><strong>iorms</strong></span> <span class='ocrx_word' id='word_1_346' title='bbox 1298 3662 1376 3713; x_wconf 72' lang='lat' dir='ltr'><strong>gerre-</strong></span> 
     </span>
     <span class='ocr_line' id='line_1_74' title="bbox 880 3732 1376 3813; baseline 0.01 -27"><span class='ocrx_word' id='word_1_347' title='bbox 880 3736 917 3788; x_wconf 86' lang='lat' dir='ltr'><strong>ris</strong></span> <span class='ocrx_word' id='word_1_348' title='bbox 937 3734 1146 3803; x_wconf 79' lang='lat' dir='ltr'><strong>feminini,qua</strong></span> <span class='ocrx_word' id='word_1_349' title='bbox 1165 3732 1285 3791; x_wconf 75' lang='lat' dir='ltr'><strong>abletiro</strong></span> <span class='ocrx_word' id='word_1_350' title='bbox 1311 3754 1376 3813; x_wconf 75' lang='lat' dir='ltr'><strong>csso</strong></span> 
     </span>
     <span class='ocr_line' id='line_1_75' title="bbox 882 3822 1378 3889; baseline 0.006 -12"><span class='ocrx_word' id='word_1_351' title='bbox 882 3823 987 3877; x_wconf 88' lang='lat' dir='ltr'><strong>numeri</strong></span> <span class='ocrx_word' id='word_1_352' title='bbox 1006 3822 1148 3889; x_wconf 67' lang='lat' dir='ltr'><strong>singuisris</strong></span> <span class='ocrx_word' id='word_1_353' title='bbox 1166 3823 1378 3880; x_wconf 67' lang='lat' dir='ltr'><strong>nomine-sdit-</strong></span> 
     </span>
     <span class='ocr_line' id='line_1_76' title="bbox 883 3910 1376 3968; baseline 0.006 -3"><span class='ocrx_word' id='word_1_354' title='bbox 883 3923 939 3965; x_wconf 84' lang='lat' dir='ltr'><strong>terr</strong></span> <span class='ocrx_word' id='word_1_355' title='bbox 958 3910 1153 3968; x_wconf 87' lang='lat' dir='ltr'><strong>terminantur.</strong></span> <span class='ocrx_word' id='word_1_356' title='bbox 1178 3921 1207 3965; x_wconf 88' lang='lat' dir='ltr'><strong>et</strong></span> <span class='ocrx_word' id='word_1_357' title='bbox 1230 3912 1376 3968; x_wconf 75' lang='lat' dir='ltr'><strong>nomineti-</strong></span> 
     </span>
    </p>
   </div>
   <div class='ocr_carea' id='block_1_5' title="bbox 406 4099 1104 4169">
    <p class='ocr_par' dir='ltr' id='par_1_6' title="bbox 406 4099 1104 4169">
     <span class='ocr_line' id='line_1_77' title="bbox 406 4099 1104 4169; baseline 0.003 -22"><span class='ocrx_word' id='word_1_358' title='bbox 406 4099 445 4160; x_wconf 87' lang='lat' dir='ltr'><strong>(r)</strong></span> <span class='ocrx_word' id='word_1_359' title='bbox 462 4105 500 4147; x_wconf 78' lang='lat' dir='ltr'><strong>ita</strong></span> <span class='ocrx_word' id='word_1_360' title='bbox 517 4104 540 4144; x_wconf 88' lang='lat' dir='ltr'><strong>iu</strong></span> <span class='ocrx_word' id='word_1_361' title='bbox 557 4101 608 4145; x_wconf 78' lang='lat' dir='ltr'><strong>cori·</strong></span> <span class='ocrx_word' id='word_1_362' title='bbox 626 4105 742 4150; x_wconf 80' lang='lat' dir='ltr'><strong>Ciceronis</strong></span> <span class='ocrx_word' id='word_1_363' title='bbox 759 4106 787 4149; x_wconf 81' lang='lat' dir='ltr'><strong>ds</strong></span> <span class='ocrx_word' id='word_1_364' title='bbox 804 4121 853 4167; x_wconf 82' lang='lat' dir='ltr'><strong>rep.</strong></span> <span class='ocrx_word' id='word_1_365' title='bbox 873 4105 941 4151; x_wconf 79' lang='lat' dir='ltr'><strong>Tulit</strong></span> <span class='ocrx_word' id='word_1_366' title='bbox 957 4123 998 4169; x_wconf 89' lang='lat' dir='ltr'><strong>pro</strong></span> <span class='ocrx_word' id='word_1_367' title='bbox 1017 4105 1104 4153; x_wconf 71' lang='lat' dir='ltr'><strong>ttrttrr.</strong></span> 
     </span>
    </p>
   </div>
   <div class='ocr_carea' id='block_1_6' title="bbox 0 0 1706 5206">
    <p class='ocr_par' dir='ltr' id='par_1_7' title="bbox 0 0 1706 5206">
     <span class='ocr_line' id='line_1_78' title="bbox 0 0 1706 5206; baseline 0 0"><span class='ocrx_word' id='word_1_368' title='bbox 0 0 1706 5206; x_wconf 95' lang='lat' dir='ltr'><strong> </strong></span> 
     </span>
    </p>
   </div>
  </div>
 </body>
</html>
